3566 5536
685 313 766 380 caput
783 313 869 366 xxm
1022 367 1025 380 ,
1384 310 1448 378 733

108 513 197 576 quam
220 495 246 556 si
269 513 376 572 novam
408 501 522 558 sectmn
551 494 720 556 suaderent.
765 493 906 556 Krabbus
930 491 1007 554 dixit
1033 493 1138 554 eadem
1168 494 1205 555 de
1233 492 1346 555 oritura
1374 490 1449 554 reli-

108 585 196 666 gione
219 583 333 660 media,
358 583 412 646 sad
436 584 530 647 oculis
553 605 572 646 a
594 584 678 646 coelo
701 583 731 646 in
754 583 869 663 Regem
892 582 1021 664 aliquem
1042 581 1182 664 Europae
1205 582 1292 666 in'que
1314 601 1449 646 rumores

107 674 267 738 nonnullos
292 673 406 736 aulicos
428 672 563 736 retortis.
742 663 746 674 ’

195 763 380 826 Mutationes
403 763 578 842 contingent
599 781 658 824 uon
682 761 884 842 spernendae,
913 758 1141 840 magistratibus
1164 759 1212 822 his
1234 759 1449 835 intermortuis,

107 853 169 914 illis
184 851 321 914 diversae
336 852 535 934 professionis
558 851 786 922 succedentibus
802 867 931 931 suusque
947 869 1049 912 secum
1064 849 1251 913 trahentibus
1269 848 1449 929 provincias,

107 948 138 1003 et
160 943 235 1023 quae
257 942 341 1022 prius
365 941 436 1004 illae
458 941 627 1003 didicerant
649 940 873 1002 dedoceutibus.

191 1031 277 1092 Haec
300 1031 399 1092 omnia
422 1032 465 1093 sio
488 1030 565 1106 dico,
587 1036 622 1092 ut
643 1029 670 1092 is
687 1028 736 1111 qui
759 1029 856 1092 solam
871 1035 1009 1092 naturam
1025 1027 1165 1090 intuetur.
1190 1027 1314 1090 Interim
1328 1025 1446 1088 divinae

104 1120 311 1201 providentiae
339 1139 398 1183 non
431 1139 495 1182 sum
523 1119 691 1182 immemor:
724 1137 800 1200 quae
824 1118 851 1179 si
873 1124 981 1179 natura
1003 1116 1151 1178 interdum
1173 1117 1284 1192 utitur,
1306 1123 1451 1197 utquam

104 1211 203 1292 ipsam
224 1209 374 1290 providit,
398 1217 431 1272 at
453 1217 534 1272 certe
558 1229 576 1270 a
598 1215 706 1272 natura
727 1227 787 1270 non
811 1206 922 1288 accipit
944 1205 1173 1287 leges,'poenas
1196 1205 1451 1268 misericordiam-

104 1319 162 1381 que
188 1311 273 1362 suam
296 1299 374 1361 iuter
397 1317 450 1362 eoa
474 1299 523 1380 qni
545 1299 686 1380 placuere
709 1295 913 1378 dispensandi.

196 1390 361 1450 Turcarum
391 1389 510 1470 quidem
539 1387 694 1469 imperium
722 1405 822 1450 rerum
853 1383 1058 1464 intelligentes
1088 1383 1214 1447 multum
1244 1384 1296 1445 de·
1312 1382 1451 1463 pristinis

102 1476 219 1539 viribus
244 1477 451 1558 deperdidisse
474 1477 665 1552 existimaut;
695 1495 750 1538 nec
769 1477 847 1538 ’esse
874 1473 1075 1554 impossibile,
1105 1473 1179 1536 illud
1210 1471 1450 1554 conspirantibus

103 1567 174 1628 inde
197 1567 359 1630 Persarum
381 1567 450 1629 hinc
475 1566 715 1631 Christianorum
738 1565 852 1627 viribus
875 1563 980 1638 everti,
1008 1564 1035 1624 si
1057 1562 1171 1626 uostris
1194 1581 1249 1624 nos
1271 1561 1384 1625 viribus
1407 1560 1452 1623 uti

103 1656 354 1738 majestatemque
376 1656 535 1738 prudentia
556 1663 724 1736 temperare
746 1673 933 1736 pergamus..
962 1653 1066 1736 Itaque
1094 1653 1143 1715 hio
1174 1669 1228 1734 per
1251 1651 1390 1714 accidens
1413 1649 1452 1712 iis

105 1745 273 1820 assentior,
308 1745 357 1827 qui
387 1764 424 1806 en
448 1747 540 1808 astris
562 1745 608 1806 illi
631 1743 755 1825 irnperio
777 1743 954 1805 minitantur
975 1742 1138 1805 interitum.
1185 1740 1235 1804 Illi
1262 1740 1381 1823 quidem
1412 1739 1453 1800 ad

105 1834 194 1896 inane
218 1835 296 1914 ignis
319 1853 427 1896 nomen
450 1834 624 1915 respiciunt,
648 1834 871 1907 existimantes,
895 1849 961 1893 cum
984 1832 1092 1913 dogma
1115 1832 1172 1892 hoc
1195 1830 1250 1893 sub
1273 1847 1369 1911 aquea
1390 1829 1451 1890 tri-

68 1963 69 1968 1
104 1941 183 2003 gono
207 1925 350 2005 coeperit,
374 1925 429 1986 sub
451 1925 539 2005 igneo
562 1923 761 1998 interiturum,
784 1941 839 1984 uec
861 1919 1058 2002 perpendunt,
1078 1921 1147 2002 jam
1167 1919 1261 1982 semel
1274 1916 1339 1980 ‘sub
1361 1917 1450 1998 igneo

103 2013 239 2092 trigono,
271 2013 309 2074 ab
332 2033 379 2075 an.
407 2013 522 2077 Christi
544 2009 620 2077 800.
645 2013 675 2074 in
703 2009 795 2075 1000.
825 2029 1009 2092 personasse
1038 2018 1070 2073 et
1091 2009 1301 2072 convaluisse:
1336 2005 1453 2070 Christi

104 2120 176 2163 vero
201 2102 366 2164 doctrinam
394 2101 479 2182 ajunt
509 2102 563 2165 sub
595 2102 682 2182 igneo
712 2101 864 2182 coepisse,
894 2099 943 2180 qui
974 2099 1080 2181 primis
1111 2095 1175 2162 200
1205 2097 1292 2160 anuis
1323 2096 1452 2171 duravit,

104 2191 288 2274 eandemque
321 2191 375 2254 sub
402 2192 460 2254 hoc
489 2191 577 2272 igneo
607 2191 645 2252 ab
676 2209 754 2252 auno
789 2184 882 2252 1600.
898 2189 944 2250 ·in
971 2185 1064 2253 1800.
1096 2188 1188 2252 latius
1211 2186 1451 2268 propagandam:

107 2298 226 2342 rursum
254 2280 349 2356 obliti,
378 2282 460 2363 quod
482 2299 536 2363 per
562 2280 619 2342 hos
649 2275 713 2342 100
740 2299 835 2341 annos
868 2275 922 2340 sub
955 2297 1049 2360 aqueo
1079 2279 1198 2358 trigono
1228 2276 1454 2356 navigationum

104 2369 215 2450 peritia
243 2369 362 2450 longius
393 2387 448 2451 per
478 2370 580 2432 orbem
610 2369 809 2430 disseminata
837 2367 878 2429 sit
907 2368 987 2447 quod
1013 2368 1114 2450 spatia
1141 2369 1301 2429 Terrarum
1333 2365 1454 2440 attinet,

106 2477 194 2540 quam
216 2459 286 2520 inde
310 2459 447 2540 aprima
470 2459 535 2540 ejus
559 2457 683 2537 origiue.

192 2549 259 2628 Ego
283 2547 341 2609 etsi
364 2557 395 2608 et
418 2555 488 2629 opto
512 2554 543 2609 et
567 2546 684 2610 omnino
709 2543 858 2618 enhtimo,
880 2543 946 2622 jam
967 2561 1052 2606 ruere
1077 2543 1295 2608 Othomauicae
1318 2542 1453 2605 familiae

103 2637 287 2716 potentiam:
320 2637 474 2698 naturales
503 2644 604 2696 tamen
627 2653 736 2695 causas
766 2651 804 2694 ex
826 2632 945 2712 trigono
972 2633 1060 2711 igneo
1091 2633 1189 2695 nullas
1212 2629 1317 2707 video,
1346 2631 1454 2713 quibus

102 2724 140 2798 ii,
165 2726 214 2806 qui
237 2725 471 2787 Mahometicam
500 2724 667 2785 doctrinam
697 2722 933 2802 amplectuntur,
962 2723 1063 2801 potius
1095 2721 1335 2787 Christianorum
1364 2737 1454 2803 quam

102 2813 267 2875 Persarum
290 2813 455 2875 dominatui
478 2811 628 2874 accessuri
651 2811 823 2892 probentur.
869 2811 977 2874 Utrum
1005 2819 1105 2873 autern
1133 2811 1247 2893 aliquid
1276 2809 1383 2872 melius
1412 2810 1454 2872 sit

107 2902 357 2982 exspectandum,
383 2909 543 2984 postquam
562 2902 626 2981 jam
650 2900 746 2962 stella·
762 2919 840 2961 nova
863 2899 989 2974 effulsit,
1020 2901 1123 2962 differo
1152 2901 1182 2962 in
1206 2919 1333 2983 sequens
1363 2904 1454 2981 caput

105 2990 265 3052 disserere.
304 2991 403 3071 Saepe
413 2990 613 3071 jamsecundi
629 3008 764 3052 rumores
787 2988 882 3051 auditi
905 2996 974 3050 sunt
994 2989 1030 3050 dc
1045 2989 1141 3052 Persa
1158 2989 1331 3054 Christiano
1355 2989 1451 3064 lact03

106 3081 162 3141 ssd
184 3079 206 3141 ii
228 3088 315 3142 tanta
339 3080 500 3143 oscitantia
523 3080 644 3162 scripti,
673 3085 759 3140 tanta
781 3077 1052 3140 verisimilitudinis
1075 3077 1275 3160 negligentia,
1308 3087 1342 3140 ut
1363 3077 1452 3139 facile

105 3177 265 3250 appareat,
295 3177 368 3232 vota
395 3170 496 3251 potius
528 3188 595 3231 esse
619 3168 798 3250 simplicium
821 3186 909 3250 quarn
931 3168 1120 3231 narrationes
1144 3175 1342 3249 expertorum.
1388 3167 1453 3230 Neo

105 3259 185 3320 euim
216 3259 359 3334 interest,
391 3280 480 3342 quam
510 3257 613 3320 multis
652 3257 765 3320 nostris
796 3277 849 3319 seu
879 3256 1030 3338 religiosis
1063 3278 1117 3320 sen
1147 3257 1331 3354 sequaribus
1359 3256 1398 3318 iis
1421 3256 1452 3318 in

105 3347 278 3428 regionibus
302 3347 475 3411 conversari
498 3347 606 3423 liceat,
630 3348 684 3410 sed
706 3366 795 3429 quam
817 3346 920 3410 multis
939 3365 975 3408 en
991 3347 1224 3427 provincialibus
1241 3345 1356 3411 Christi
1379 3345 1454 3408 tides

105 3438 334 3516 persuadeatur.
379 3439 482 3519 Atque
505 3435 619 3500 utinam
642 3439 705 3514 fiat,
729 3437 808 3519 quod
832 3437 961 3499 omniurn
984 3436 1064 3499 votis
1087 3437 1252 3520 expetitur:
1282 3444 1353 3498 tunc
1376 3453 1455 3497 nova

106 3525 181 3586 mihi
204 3527 369 3607 disputatio
393 3528 451 3590 erit
473 3546 540 3590 oum
564 3527 737 3606 astrologis,
761 3526 866 3608 quibus
889 3525 946 3588 hoc
969 3533 1070 3588 tamen
1094 3547 1159 3590 sum
1180 3534 1360 3606 negaturus,
1382 3531 1454 3586 tan-

107 3621 170 3675 tam
193 3616 323 3694 gratiam
344 3615 404 3678 Dei
428 3636 517 3698 super
548 3616 676 3678 miseras
703 3623 808 3696 gentes
839 3615 1035 3696 significatam
1064 3634 1131 3680 esse
1159 3637 1178 3678 a
1205 3616 1324 3696 trigono
1354 3614 1454 3694 igneo,

107 3704 192 3782 cujus
215 3723 323 3766 nomen
347 3724 472 3781 vanum,
503 3723 642 3768 recursus
673 3725 744 3769 vero
768 3712 866 3766 status
890 3713 938 3768 est
960 3713 991 3767 et
1012 3705 1166 3767 naturalis.
1182 3724 1242 3768 non
1266 3702 1453 3776 arbitrarius,

105 3811 166 3856 non
187 3793 286 3854 aDeo
301 3801 478 3875 procuratus
496 3802 583 3856 extra
597 3795 740 3856 ordinem.
779 3793 858 3866 Quin
873 3795 974 3875 potius
996 3794 1026 3855 id
1048 3794 1087 3854 ad
1109 3795 1170 3856 alia
1193 3793 1280 3874 signa
1302 3799 1455 3854 nostram-

108 3900 165 3963 que
189 3881 310 3943 stellam
334 3901 400 3945 sum
421 3883 581 3958 relaturus,
605 3891 639 3945 ut
661 3883 751 3964 paulo
774 3891 845 3964 post
867 3884 990 3945 dicetur.

199 3969 353 4042 Quantum
375 3971 467 4051 igitur
496 3972 535 4033 ad
566 3971 734 4052 singulares
763 3973 902 4052 regiones
935 3972 1057 4046 attinet,
1091 3989 1179 4050 super
1211 3990 1286 4052 quas
1317 3969 1453 4049 trigonus

103 4061 213 4142 igneus
238 4060 406 4140 significare
430 4060 553 4123 dicitur:
577 4060 636 4122 etsi
652 4069 723 4123 sunt
743 4061 846 4123 tenuia
860 4059 961 4142 aliqua
981 4059 1169 4135 adminicula,
1193 4059 1331 4140 regiones
1354 4065 1454 4120 oertas

102 4148 285 4229 subjiciendi
317 4150 409 4212 certis
439 4149 535 4230 siguis
568 4149 766 4226 coelestibus,
795 4157 936 4234 quantum
966 4149 1056 4229 hujus
1085 4166 1213 4227 geneses
1244 4147 1454 4230 imperantium

102 4238 227 4321 illisque
260 4239 484 4302 consentientes
517 4238 702 4302 subditorum
732 4246 890 4320 praestare
922 4245 1066 4320 possunt,
1098 4245 1198 4300 tamen
1230 4245 1262 4300 et
1292 4256 1330 4298 ex
1363 4235 1452 4299 dictis

101 4345 253 4411 apparere
275 4335 349 4410 puto
373 4337 404 4392 et
426 4336 496 4392 ante
519 4327 679 4391 triennium
702 4327 863 4403 inculcavi,
893 4327 935 4389 nil
959 4347 1025 4391 esse
1048 4324 1135 4390 nobis
1158 4346 1232 4408 opus
1255 4325 1338 4390 adire
1362 4333 1449 4388 cata-

98 4417 192 4497 logos
216 4417 333 4480 urbinm
356 4425 387 4480 et
409 4419 572 4498 regionum,
596 4435 671 4499 quae
695 4417 819 4480 subesse
842 4417 1002 4481 creduntur
1020 4418 1138 4497 trigono
1154 4416 1251 4497 igneo,
1275 4413 1452 4478 nominatim

97 4526 178 4570 vero
194 4507 372 4588 Sagittario.
410 4508 543 4570 Primum
559 4507 647 4582 enim,
666 4506 716 4570 nbi
731 4506 795 4568 alta
810 4523 880 4587 pax,
899 4507 940 4569 ibi
954 4508 1067 4570 frustra
1083 4506 1269 4588 suspicamur
1288 4505 1453 4568 instantem

102 4597 143 4659 de
166 4596 331 4680 propinquo
360 4597 556 4660 mutationem
584 4596 740 4676 insignem.
785 4596 851 4660 Nec
879 4595 956 4658 enirn
986 4595 1056 4658 novi
1083 4595 1240 4678 quicquam
1269 4596 1326 4658 huc
1357 4612 1451 4674 usque

105 4685 229 4748 obvenit
250 4685 445 4767 Stutgardiae
475 4694 528 4748 aut
549 4686 679 4750 Misniae
708 4693 762 4750 aut
788 4685 865 4766 ipsis
887 4685 1060 4766 Hispaniis,
1089 4685 1147 4748 etsi
1175 4686 1230 4748 sub
1253 4683 1452 4766 Sagittarium
1518 4753 1527 4770 ·

108 4775 285 4840 referuntur.
334 4775 448 4840 Contra
471 4795 542 4838 vero
571 4775 602 4836 in
630 4795 663 4840 se
692 4775 816 4858 quisq'ue
844 4775 1008 4838 descendat
1037 4793 1128 4857 seque
1158 4787 1300 4856 suamque
1321 4773 1451 4855 patriam

109 4865 259 4945 exploret,
287 4885 326 4928 an
348 4885 369 4926 a
389 4865 483 4928 multo
506 4871 639 4946 ternpore
661 4872 845 4946 compertum
868 4855 923 4940 sit,
953 4864 1083 4945 gliscere
1106 4864 1234 4927 dissidia
1256 4863 1449 4948 fraudemque
