3700 5530
609 1181 1089 1258 ANNOTATIONES
1136 1181 1432 1258 EDITORIS

851 1429 1107 1496 DIOPTRIOEN
1134 1431 1187 1493 duc.

953 1588 1085 1598 ...ιι-ιι..-

434 1675 461 1740 1)
480 1693 503 1741 p.
524 1673 584 1726 teo.
624 1678 786 1728 (tilbertus
816 1679 875 1736 ,De
899 1679 1067 1744 lilagneteu
1088 1679 1129 1727 lib.
1149 1679 1193 1736 Vl,
1214 1694 1268 1744 cap.
1290 1675 1323 1727 ³:
1345 1679 1451 1736 ,multas
1470 1691 1524 1726 esse
1545 1675 1658 1740 (stellas)
1677 1687 1704 1728 et

341 1749 410 1798 nulla
428 1748 552 1798 oculorum
571 1751 625 1798 acie
651 1750 821 1813 comprehendi
846 1765 954 1814 unquam
979 1751 1094 1800 credibile
1121 1757 1166 1799 est.
1205 1749 1332 1810 Quantum
1352 1757 1390 1800 est
1412 1751 1487 1814 igitur
1505 1749 1537 1798 ad
1557 1750 1702 1814 longissime

341 1826 449 1870 remotas
467 1819 522 1868 illas
540 1819 603 1868 fixas
621 1821 850 1883 incomprehensum
873 1823 995 1884 spatium,
1024 1828 1119 1884 quanta
1145 1821 1320 1884 phantasticae
1339 1821 1402 1869 illins
1430 1818 1552 1882 sphaerae
1572 1820 1658 1884 ampla
1676 1831 1703 1869 et

341 1892 463 1942 immensa
480 1889 654 1955 profunditas?
674 1889 699 1940 Si
719 1900 813 1941 motum
830 1891 932 1948 habent,
952 1894 998 1942 erit
1011 1893 1051 1940 ille
1070 1893 1150 1956 potins
1170 1894 1238 1942 circa
1252 1893 1373 1956 proprium
1392 1895 1510 1954 cujusque
1530 1898 1654 1946 centrum,
1673 1901 1703 1940 nt

342 1961 434 2012 Terrae
451 1968 542 2018 motus,
562 1969 607 2011 aut
625 1964 703 2011 centri
722 1964 890 2028 progressione
903 1964 927 2011 in
948 1964 1037 2022 orbern,
1058 1970 1087 2011 ut
1099 1963 1211 2012 Lunae.“
1251 1963 1341 2011 Porro:
1363 1961 1456 2020 ,Terra
1467 1975 1541 2025 snper
1555 1960 1624 2024 polos
1644 1977 1702 2011 suos

342 2035 491 2084 convertitur
509 2033 605 2082 laodice
617 2032 733 2082 multost
748 2035 941 2093 conuenientius,
961 2048 1036 2098 qnam
1048 2041 1115 2083 totns
1134 2034 1271 2084 volveretur
1282 2032 1395 2090 mundns,
1417 2036 1486 2096 cujus
1504 2031 1560 2082 finis
1572 2035 1703 2097 ignoratur

343 2105 446 2170 scirique·
464 2105 556 2168 nequit.

431 2173 458 2236 2)
477 2191 501 2238 p.
523 2170 581 2222 tto.
619 2174 701 2224 Jord.
722 2175 828 2224 Brnno
847 2177 871 2224 in
891 2182 1006 2241 poemate
1031 2175 1213 2240 philosophico:
1242 2175 1280 2224 De
1299 2175 1421 2233 monade,
1446 2188 1548 2224 numero
1567 2183 1594 2222 et
1610 2175 1701 2239 figura,

339 2260 385 2296 sen
404 2245 435 2294 de
453 2245 572 2294 Universo
591 2251 618 2294 et
635 2244 735 2294 Mundie
754 2242 857 2307 (teet),
878 2247 958 2297 coelos
984 2247 1091 2295 infinitos
1111 2261 1166 2296 esse
1185 2247 1327 2303 contendit,
1352 2246 1446 2296 nullum
1468 2259 1555 2307 corpus
1574 2247 1600 2293 in
1618 2245 1702 2294 medio

340 2316 451 2373 haerere,
472 2318 556 2365 omnia
567 2323 636 2366 astra
649 2330 679 2364 ex
691 2317 777 2364 iisdem
791 2323 905 2368 constare
925 2319 1060 2366 elementis.
1089 2317 1235 2377 „Quaedam
1249 2323 1306 2366 sunt
1318 2332 1362 2380 per
1379 2331 1405 2366 se
1419 2316 1560 2371 tenebrosa,
1575 2316 1699 2380 quaedam

341 2401 397 2438 rero
416 2402 460 2451 per
478 2401 504 2436 ae
522 2387 607 2436 lucida
630 2387 787 2450 perhibentur
815 2395 883 2438 astra
910 2387 1000 2447 (Soles.
1033 2385 1154 2447 Terrae).
1193 2389 1228 2436 Ex
1246 2390 1276 2436 iis
1296 2387 1364 2436 Soles
1389 2387 1496 2436 medium
1523 2387 1652 2442 obtinent,
1671 2395 1700 2434 ut

238 2452 239 2456 ¹
341 2472 393 2508 uua
419 2459 515 2522 lampas
535 2463 560 2506 et
578 2459 642 2523 ignis
669 2458 778 2522 pluribus
804 2459 972 2509 illuminandis
998 2467 1024 2508 et
1046 2459 1224 2509 calefaciendis
1251 2461 1312 2506 satis
1333 2465 1378 2507 est.
1417 2457 1605 2521 Propinquiores
1629 2457 1698 2507 Soles

340 2537 398 2578 snut
417 2536 484 2579 aena
502 2531 605 2591 maiora.
633 2528 705 2581 Circe
717 2529 761 2578 hos
774 2528 844 2579 Soles
857 2531 1010 2588 crediderim,
1031 2531 1117 2594 quodsi
1131 2532 1184 2594 quia
1197 2531 1306 2578 studiose
1319 2531 1392 2578 certis
1412 2529 1561 2592 temporibus
1574 2528 1697 2582 attendas.

338 2601 429 2664 poterit
447 2600 541 2665 aliquos
560 2615 608 2648 non
632 2601 833 2658 scintillantium,
861 2617 927 2651 nunc
951 2604 1095 2664 conspicuos
1113 2617 1180 2650 nunc
1199 2612 1263 2650 rero'
1281 2601 1389 2649 latentes
1408 2614 1455 2648 nec
1474 2615 1523 2649 non
1542 2599 1697 2662 parvulorum

339 2670 484 2721 circulorum
502 2673 568 2719 intra
586 2685 644 2720 suas
663 2671 772 2720 Tellures
800 2672 892 2722 iudicia
917 2673 940 2721 in
961 2672 1058 2723 Solibus
1078 2671 1205 2736 experiri.“
1245 2669 1339 2721 Similia
1359 2670 1563 2734 deprehendimus
1581 2671 1606 2719 in
1625 2685 1698 2733 opere

338 2741 416 2793 Bruui
429 2743 564 2806 inscripto:
581 2743 732 2792 Acrotismus
746 2757 791 2791 seu
803 2745 913 2792 rationes
927 2745 1086 2793 articulorum
1099 2744 1262 2807 physicorum,
1278 2743 1394 2792 adsersus
1407 2742 1586 2805 Peripateticos
1599 2741 1698 2790 Parisiis

338 2815 525 2878 propositorum.
563 2814 646 2863 Viteb.
664 2811 739 2862 1588.
768 2811 833 2874 (Art.
854 2811 1059 2875 tx-Lxxlv.)

429 2881 457 2945 ³)
477 2901 500 2949 p.
520 2881 579 2933 490.
618 2885 800 2934 Edmundus
826 2886 960 2936 Brutius
979 2884 1089 2950 Anglus,
1115 2885 1199 2948 quiin
1219 2885 1313 2934 Corum.
1334 2883 1422 2932 Martis
1446 2883 1555 2946 pluribus
1581 2882 1698 2932 dicendus

340 2962 391 3017 est,
409 2957 474 3004 inter
492 2956 542 3004 elia
560 2963 697 3005 memoratu
716 2957 793 3020 digna
811 2956 874 3005 hacc
893 2956 961 3006 dedit
979 2957 1105 3020 chlcro:
1125 2956 1252 3006 Galilaens
1263 2956 1329 3004 <mihi
1349 2955 1417 3011 dixit,
1437 2969 1464 3004 se
1484 2954 1516 3004 ad
1529 2961 1555 3003 te
1574 2955 1698 3018 scripsisse

338 3035 455 3091 tuumque
473 3026 561 3076 librum
575 3023 756 3088 (Ptodromnrn)
777 3029 912 3090 accepisse.
931 3043 996 3091 quae
1014 3035 1099 3076 tamen
1112 3027 1215 3092 Magiuo
1233 3028 1352 3092 negarit3
1373 3041 1477 3089 eumque
1490 3033 1515 3074 te
1528 3026 1600 3074 nimis
1612 3026 1699 3073 leniter

339 3096 464 3147 laudando
491 3099 635 3160 vituperari.
673 3097 738 3147 Nam
757 3098 803 3147 hoc
827 3113 870 3161 pro
894 3107 961 3148 certo
980 3101 1046 3154 scio.
1076 3114 1102 3147 se
1121 3103 1166 3147 tua
1185 3105 1211 3146 et
1234 3112 1279 3148 sna
1302 3099 1404 3147 iuventa
1426 3097 1476 3145 suis
1502 3096 1653 3145 auditoribus
1672 3103 1698 3142 et

340 3168 394 3216 aliis
413 3169 550 3231 promsisse.
590 3168 640 3218 Sed
658 3170 695 3217 ita
719 3171 767 3218 ieci
786 3179 812 3218 et
837 3170 944 3226 iscium,
973 3179 1002 3218 ut
1021 3185 1052 3218 ea
1070 3171 1153 3218 omnia
1171 3184 1220 3217 non
1245 3169 1277 3217 ad
1302 3167 1383 3225 sunm,
1410 3168 1454 3216 sed
1473 3167 1505 3216 ad
1525 3175 1594 3216 tunm
1619 3167 1698 3230 magia

338 3237 455 3287 honorem
474 3238 620 3288 redundent.
658 3239 760 3289 Interim
779 3255 839 3290 cura
857 3241 995 3306 diligenter,
1017 3247 1045 3289 ut
1062 3256 1101 3290 me
1122 3254 1198 3296 ames,
1219 3254 1277 3288 nam
1297 3254 1343 3303 ego
1362 3245 1388 3288 te
1406 3237 1478 3288 valde
1497 3252 1561 3287 amo.

426 3307 542 3357 Deinde:
562 3308 666 3369 Quanta
683 3311 741 3359 mihi
761 3311 879 3360 hodierno
899 3313 938 3361 die
958 3313 1056 3362 laetitia
1075 3311 1227 3371 accedebat,
1251 3325 1300 3359 non
1320 3318 1358 3358 est
1375 3308 1415 3359 hic
1433 3309 1551 3358 narrandi
1570 3309 1653 3364 lucus,
1672 3309 1698 3355 in

340 3393 379 3438 eo,
398 3378 462 3441 quod
481 3379 625 3442 quibusdam
644 3381 720 3430 literis
740 3397 770 3431 ex
789 3383 922 3433 (lemrunia
947 3385 1056 3446 acceptis
1082 3391 1233 3446 compertum
1252 3382 1347 3438 habeo,
1374 3387 1400 3430 et
1418 3387 1442 3430 te
1462 3382 1540 3429 ricem
1560 3385 1587 3429 et
1604 3379 1698 3428 salsum

337 3464 400 3500 esse.
437 3447 504 3499 Nam
527 3453 580 3513 jem
602 3465 646 3514 per
671 3467 763 3502 annum
782 3461 807 3502 te
826 3470 868 3517 pro
888 3463 981 3504 mortuo
1001 3454 1139 3504 habui...
1172 3453 1260 3503 Nullus
1280 3453 1361 3502 estin
1380 3451 1623 3511 totehocnrundo,
1643 3464 1698 3498 cunr

339 3536 386 3586 quo
399 3521 514 3571 libentius
528 3521 695 3584 colloquar...
709 3559 714 3572 .
735 3523 792 3573 Dixi
805 3525 908 3575 llteretis
931 3528 1006 3574 totius
1019 3525 1108 3575 ltaliae
1128 3526 1158 3574 de
1172 3525 1335 3574 mirabilitate
1353 3525 1493 3572 inventione
1508 3524 1532 3570 in
1546 3525 1641 3571 musica
1654 3517 1695 3580 (i),

339 3592 370 3642 de
389 3593 598 3644 observationibus
619 3593 713 3650 Martis.
735 3607 851 3659 tuumque
870 3596 1027 3646 Prodromum
1046 3596 1128 3644 multis
1147 3596 1294 3652 monstravi,
1318 3609 1391 3658 quem
1411 3607 1495 3642 omnes
1519 3593 1624 3642 laudaut
1641 3591 1697 3641 reli-

339 3677 447 3728 qnosque
466 3669 521 3712 tuos
540 3663 612 3712 libros
632 3665 703 3714 aride
723 3673 874 3729 exspectant.
903 3666 1020 3733 Meginns
1033 3668 1098 3716 ultra
1116 3669 1281 3730 septimanam
1292 3665 1333 3715 hic
1345 3666 1392 3715 luit
1410 3672 1528 3728 tuumque
1541 3664 1698 3713 Prodromnm

337 3734 478 3799 aquodam
496 3733 580 3784 Nobili
598 3735 697 3785 Veneto
717 3751 758 3799 pro
778 3736 841 3786 douo
861 3741 998 3802 nuperrime
1018 3741 1123 3801 accepit.
1162 3738 1288 3787 Galilaeus
1307 3743 1377 3787 tuum
1401 3737 1487 3786 libmm
1510 3735 1587 3785 habet
1605 3743 1697 3798 tuaque

339 3807 443 3856 terente
459 3813 580 3870 tanquam
598 3821 645 3855 sua
663 3809 713 3856 suis
733 3808 883 3857 auditoribus
903 3813 1022 3872 proponit.

426 3877 498 3927 Haec
517 3892 547 3926 ex
566 3877 675 3940 epistolia
695 3877 783 3936 Brutti,
802 3879 867 3928 datis
883 3881 1023 3930 Florentiae
1042 3887 1069 3929 et
1080 3879 1178 3928 Patavii
1198 3880 1270 3928 annis
1291 3875 1358 3926 1602
1372 3884 1398 3928 et
1413 3873 1490 3934 tuot,
1511 3877 1625 3927 desumta
1643 3891 1699 3926 eam

339 3949 368 3997 ob
388 3962 492 4012 caueam
515 3948 555 3997 hic
583 3950 754 4012 proponimus,
783 3957 811 3999 ut
835 3959 934 4014 pateat,
955 3951 1094 4002 Galilaeum
1120 3953 1173 4012 jam
1199 3957 1251 3998 turn
1279 3951 1395 4012 temporis
1423 3951 1488 3998 iuter
1505 3947 1583 3997 Italos
1610 3947 1698 3997 multos

337 4019 455 4070 habuisse
475 4020 667 4078 obtrectatores,
695 4035 749 4070 cum
768 4023 868 4072 Brutine
888 4022 998 4087 Anglus,
1025 4023 1066 4086 qui
1083 4022 1235 4084 perlustrans
1254 4020 1356 4070 Italiam
1373 4021 1437 4069 hacc
1464 4019 1572 4076 audivit,
1597 4019 1699 4069 aliorum

337 4092 400 4141 lortc
419 4091 563 4140 testimonia
582 4097 682 4140 secutus
702 4093 763 4141 talla
782 4093 881 4152 referat,
902 4107 965 4158 quae
984 4093 1139 4157 postmodnm
1156 4099 1185 4141 nt
1203 4105 1278 4156 supra
1301 4091 1394 4140 dictum
1413 4093 1437 4140 in
1458 4091 1596 4142 calumnias
1614 4103 1697 4139 excre-

338 4169 426 4210 reruut
444 4164 585 4212 atrociores.

427 4233 465 4282 Ea
484 4247 548 4288 rere.
569 4247 632 4296 quae
645 4233 768 4296 Keplema
788 4248 862 4296 supra
880 4235 1009 4291 relert„in
1021 4234 1110 4283 ultima
1128 4247 1191 4298 qnae
1209 4239 1291 4282 exstet
1309 4232 1389 4281 Brutii
1402 4233 1434 4282 ed
1447 4233 1583 4296 Keplemm
1596 4231 1700 4295 epistola

339 4299 375 4363 (d.
395 4301 419 4352 5.
439 4303 501 4352 Nor.
524 4300 591 4351 1603
613 4299 736 4362 Venetiis)
757 4305 887 4368 leguntur:
915 4306 991 4368 Spero
1015 4305 1146 4369 aliquando
1173 4305 1264 4354 relictis
1283 4305 1337 4352 istis
1362 4305 1493 4353 mundanis
1518 4303 1699 4366 impedimentis

339 4373 372 4422 ad
389 4379 415 4422 te
435 4388 490 4424 cnm
511 4388 612 4438 corpore
626 4381 651 4422 et
664 4375 747 4423 anima
767 4377 864 4438 propius
884 4376 1004 4426 accedere
1025 4383 1115 4440 tuoque
1129 4376 1209 4424 divino
1229 4377 1350 4424 consortio
1369 4376 1487 4439 gaudere,
1507 4375 1626 4438 simulque
1644 4375 1700 4436 ipsa

339 4450 384 4493 tna
402 4445 523 4495 coelestia
541 4458 616 4509 opera
635 4447 771 4494 observare.
810 4445 859 4495 Hic
876 4460 982 4510 namque
1001 4447 1038 4496 ita
1057 4463 1110 4495 sum
1130 4447 1233 4496 aliorum
1251 4447 1357 4510 negotiis
1376 4452 1403 4496 et
1420 4447 1493 4510 nugis
1511 4445 1653 4508 implicitus,
1671 4449 1700 4492 ut

339 4517 380 4564 vix
398 4519 444 4565 aim
463 4516 529 4579 apud
547 4531 595 4566 me.
629 4517 675 4564 hat
693 4529 771 4579 spero,
791 4517 855 4566 inter
874 4518 967 4580 aliquos
986 4518 1039 4566 dies
1057 4517 1117 4566 liber
1131 4533 1170 4566 ero
1189 4518 1281 4582 tibique
1300 4532 1395 4580 semper
1413 4516 1585 4566 deditissimus.
1606 4513 1700 4564 Multas

339 4585 418 4636 habeo
437 4589 463 4636 ln
481 4588 632 4637 astronomia
659 4581 839 4650 dubitationes,
868 4589 893 4636 in
920 4588 1006 4650 quihus
1025 4595 1052 4637 tu
1076 4589 1162 4637 unicus
1181 4604 1221 4637 me
1249 4590 1377 4638 certiorem
1404 4588 1492 4638 iacias.
1531 4586 1611 4636 Nam
1639 4599 1699 4650 ego

338 4659 468 4720 opinor,
489 4658 623 4708 mundos
644 4673 714 4708 esse
733 4659 888 4708 inlicitos
908 4655 953 4708 dte.
992 4656 1108 4724 (Reliqua
1127 4659 1181 4709 vide
1199 4661 1231 4724 iuv
1245 4659 1338 4709 Comm.
1358 4657 1468 4719 Martis)

427 4725 455 4790 l)
474 4744 497 4791 p.
518 4725 577 4777 tet.
617 4729 744 4780 Galilaeus
758 4727 794 4794 (p.
810 4727 873 4792 l0):
891 4728 927 4778 Ut
941 4729 971 4779 de
990 4731 1193 4794 multiplicatione
1211 4731 1367 4780 instrumenti
1387 4730 1488 4794 quilibet
1506 4742 1580 4792 parre
1598 4729 1699 4792 negotio

338 4798 427 4847 certior
444 4798 570 4856 reddatur,
599 4800 702 4850 circulos
721 4801 791 4850 binos
811 4809 856 4850 ant
874 4801 998 4864 quadrata
1023 4801 1081 4851 bina
1108 4801 1244 4852 chartacea
1271 4801 1440 4856 contomabit,
1469 4813 1571 4865 quorum
1594 4799 1700 4849 alterum
