<?xml version="1.0" encoding="UTF-8"?>
<!DOCTYPE html PUBLIC "-//W3C//DTD XHTML 1.0 Transitional//EN"
    "http://www.w3.org/TR/xhtml1/DTD/xhtml1-transitional.dtd">
<html xmlns="http://www.w3.org/1999/xhtml" xml:lang="en" lang="en">
 <head>
  <title>
</title>
<meta http-equiv="Content-Type" content="text/html;charset=utf-8" />
  <meta name='ocr-system' content='tesseract 3.04.00' />
  <meta name='ocr-capabilities' content='ocr_page ocr_carea ocr_par ocr_line ocrx_word'/>
</head>
<body>
  <div class='ocr_page' id='page_1' title='image "./joanniskepleria02unkngoog/joanniskepleria02unkngoog_0139.png"; bbox 0 0 3674 5538; ppageno 0'>
   <div class='ocr_carea' id='block_1_1' title="bbox 295 293 1330 366">
    <p class='ocr_par' dir='ltr' id='par_1_1' title="bbox 295 293 1330 366">
     <span class='ocr_line' id='line_1_1' title="bbox 295 293 1330 366; baseline -0.015 -7"><span class='ocrx_word' id='word_1_1' title='bbox 295 293 357 366; x_wconf 71' lang='grc'><strong>116</strong></span> <span class='ocrx_word' id='word_1_2' title='bbox 710 297 811 350; x_wconf 87' lang='lat' dir='ltr'><strong>Literas</strong></span> <span class='ocrx_word' id='word_1_3' title='bbox 829 293 931 362; x_wconf 83' lang='lat' dir='ltr'><strong>Keplari</strong></span> <span class='ocrx_word' id='word_1_4' title='bbox 949 297 1101 364; x_wconf 80' lang='lat' dir='ltr'><strong>aliorumque</strong></span> <span class='ocrx_word' id='word_1_5' title='bbox 1117 303 1218 346; x_wconf 88' lang='lat' dir='ltr'><strong>mutuae</strong></span> <span class='ocrx_word' id='word_1_6' title='bbox 1327 301 1330 306; x_wconf 89' lang='lat'>&#39;</span> 
     </span>
    </p>
   </div>
   <div class='ocr_carea' id='block_1_2' title="bbox 290 471 1717 1073">
    <p class='ocr_par' dir='ltr' id='par_1_2' title="bbox 290 471 1717 1073">
     <span class='ocr_line' id='line_1_2' title="bbox 291 471 1717 557; baseline -0.004 -17"><span class='ocrx_word' id='word_1_7' title='bbox 291 477 342 540; x_wconf 89' lang='lat' dir='ltr'><strong>diu</strong></span> <span class='ocrx_word' id='word_1_8' title='bbox 366 491 539 557; x_wconf 88' lang='lat' dir='ltr'><strong>compressa</strong></span> <span class='ocrx_word' id='word_1_9' title='bbox 557 473 626 538; x_wconf 90' lang='lat' dir='ltr'><strong>bilis</strong></span> <span class='ocrx_word' id='word_1_10' title='bbox 644 475 674 536; x_wconf 93' lang='lat' dir='ltr'><strong>in</strong></span> <span class='ocrx_word' id='word_1_11' title='bbox 694 474 827 554; x_wconf 78' lang='lat' dir='ltr'><strong>aliquam</strong></span> <span class='ocrx_word' id='word_1_12' title='bbox 850 473 1044 547; x_wconf 83' lang='lat' dir='ltr'><strong>iracundiam,</strong></span> <span class='ocrx_word' id='word_1_13' title='bbox 1069 480 1142 551; x_wconf 90' lang='lat' dir='ltr'><strong>puto</strong></span> <span class='ocrx_word' id='word_1_14' title='bbox 1162 489 1220 534; x_wconf 90' lang='lat' dir='ltr'><strong>nou</strong></span> <span class='ocrx_word' id='word_1_15' title='bbox 1236 474 1327 536; x_wconf 90' lang='lat' dir='ltr'><strong>aliam</strong></span> <span class='ocrx_word' id='word_1_16' title='bbox 1346 471 1384 534; x_wconf 91' lang='lat' dir='ltr'><strong>ab</strong></span> <span class='ocrx_word' id='word_1_17' title='bbox 1404 489 1536 546; x_wconf 87' lang='lat' dir='ltr'><strong>causam,</strong></span> <span class='ocrx_word' id='word_1_18' title='bbox 1559 491 1649 552; x_wconf 89' lang='lat' dir='ltr'><strong>quarn</strong></span> <span class='ocrx_word' id='word_1_19' title='bbox 1707 487 1717 504; x_wconf 90' lang='lat'><strong>·</strong></span> 
     </span>
     <span class='ocr_line' id='line_1_3' title="bbox 291 560 1650 647; baseline -0.004 -20"><span class='ocrx_word' id='word_1_20' title='bbox 291 567 443 647; x_wconf 90' lang='lat' dir='ltr'><strong>quianon</strong></span> <span class='ocrx_word' id='word_1_21' title='bbox 473 564 633 643; x_wconf 83' lang='lat' dir='ltr'>respondi:</span> <span class='ocrx_word' id='word_1_22' title='bbox 667 572 702 625; x_wconf 92' lang='lat' dir='ltr'><strong>ut</strong></span> <span class='ocrx_word' id='word_1_23' title='bbox 734 562 857 624; x_wconf 89' lang='lat' dir='ltr'><strong>tandem</strong></span> <span class='ocrx_word' id='word_1_24' title='bbox 885 564 935 624; x_wconf 91' lang='lat' dir='ltr'><strong>vel</strong></span> <span class='ocrx_word' id='word_1_25' title='bbox 967 562 1097 625; x_wconf 89' lang='lat' dir='ltr'><strong>stimulis</strong></span> <span class='ocrx_word' id='word_1_26' title='bbox 1130 560 1287 624; x_wconf 89' lang='lat' dir='ltr'><strong>verborum</strong></span> <span class='ocrx_word' id='word_1_27' title='bbox 1320 561 1464 637; x_wconf 88' lang='lat' dir='ltr'><strong>efficeres,</strong></span> <span class='ocrx_word' id='word_1_28' title='bbox 1499 561 1579 642; x_wconf 89' lang='lat' dir='ltr'><strong>quod</strong></span> <span class='ocrx_word' id='word_1_29' title='bbox 1601 568 1650 623; x_wconf 91' lang='lat' dir='ltr'><strong>tot</strong></span> 
     </span>
     <span class='ocr_line' id='line_1_4' title="bbox 291 649 1649 734; baseline -0.004 -18"><span class='ocrx_word' id='word_1_30' title='bbox 291 655 397 717; x_wconf 89' lang='lat' dir='ltr'><strong>amicis</strong></span> <span class='ocrx_word' id='word_1_31' title='bbox 428 651 692 734; x_wconf 81' lang='lat' dir='ltr'><strong>provocationibus</strong></span> <span class='ocrx_word' id='word_1_32' title='bbox 721 669 780 712; x_wconf 92' lang='lat' dir='ltr'><strong>non</strong></span> <span class='ocrx_word' id='word_1_33' title='bbox 813 651 1043 730; x_wconf 80' lang='lat' dir='ltr'><strong>impetraveras.</strong></span> <span class='ocrx_word' id='word_1_34' title='bbox 1091 649 1172 729; x_wconf 86' lang='lat' dir='ltr'><strong>Ergo</strong></span> <span class='ocrx_word' id='word_1_35' title='bbox 1205 659 1319 713; x_wconf 91' lang='lat' dir='ltr'><strong>motum</strong></span> <span class='ocrx_word' id='word_1_36' title='bbox 1349 650 1495 724; x_wconf 84' lang='lat' dir='ltr'><strong>Telluris,</strong></span> <span class='ocrx_word' id='word_1_37' title='bbox 1528 669 1580 711; x_wconf 90' lang='lat' dir='ltr'><strong>cor</strong></span> <span class='ocrx_word' id='word_1_38' title='bbox 1603 649 1649 722; x_wconf 91' lang='lat' dir='ltr'><strong>(ni</strong></span> 
     </span>
     <span class='ocr_line' id='line_1_5' title="bbox 291 736 1649 820; baseline -0.004 -15"><span class='ocrx_word' id='word_1_39' title='bbox 291 743 422 817; x_wconf 76' lang='lat' dir='ltr'><strong>falleris)</strong></span> <span class='ocrx_word' id='word_1_40' title='bbox 447 751 478 803; x_wconf 89' lang='lat' dir='ltr'><strong>et</strong></span> <span class='ocrx_word' id='word_1_41' title='bbox 501 741 630 804; x_wconf 89' lang='lat' dir='ltr'><strong>animam</strong></span> <span class='ocrx_word' id='word_1_42' title='bbox 652 758 757 813; x_wconf 89' lang='lat' dir='ltr'><strong>meam,</strong></span> <span class='ocrx_word' id='word_1_43' title='bbox 784 739 919 802; x_wconf 79' lang='lat' dir='ltr'><strong>incursas</strong></span> <span class='ocrx_word' id='word_1_44' title='bbox 943 759 1052 820; x_wconf 91' lang='lat' dir='ltr'><strong>magno</strong></span> <span class='ocrx_word' id='word_1_45' title='bbox 1076 736 1237 816; x_wconf 88' lang='lat' dir='ltr'><strong>molimine,</strong></span> <span class='ocrx_word' id='word_1_46' title='bbox 1263 740 1357 801; x_wconf 89' lang='lat' dir='ltr'><strong>verba</strong></span> <span class='ocrx_word' id='word_1_47' title='bbox 1379 757 1461 814; x_wconf 87' lang='lat' dir='ltr'><strong>mea,</strong></span> <span class='ocrx_word' id='word_1_48' title='bbox 1486 755 1649 819; x_wconf 92' lang='lat' dir='ltr'><strong>suppresso</strong></span> 
     </span>
     <span class='ocr_line' id='line_1_6' title="bbox 290 827 1649 908; baseline -0.005 -13"><span class='ocrx_word' id='word_1_49' title='bbox 290 842 392 896; x_wconf 88' lang='lat' dir='ltr'><strong>tamen</strong></span> <span class='ocrx_word' id='word_1_50' title='bbox 416 849 483 894; x_wconf 91' lang='lat' dir='ltr'><strong>meo</strong></span> <span class='ocrx_word' id='word_1_51' title='bbox 507 829 635 898; x_wconf 89' lang='lat' dir='ltr'><strong>nomine,</strong></span> <span class='ocrx_word' id='word_1_52' title='bbox 660 847 698 890; x_wconf 81' lang='lat' dir='ltr'><strong>ex</strong></span> <span class='ocrx_word' id='word_1_53' title='bbox 722 827 955 891; x_wconf 85' lang='lat' dir='ltr'><strong>Commentariis</strong></span> <span class='ocrx_word' id='word_1_54' title='bbox 980 829 1017 890; x_wconf 94' lang='lat' dir='ltr'><strong>de</strong></span> <span class='ocrx_word' id='word_1_55' title='bbox 1046 827 1178 890; x_wconf 91' lang='lat' dir='ltr'><strong>motibus</strong></span> <span class='ocrx_word' id='word_1_56' title='bbox 1202 829 1311 890; x_wconf 90' lang='lat' dir='ltr'><strong>stellae</strong></span> <span class='ocrx_word' id='word_1_57' title='bbox 1335 827 1453 902; x_wconf 87' lang='lat' dir='ltr'><strong>Martis,</strong></span> <span class='ocrx_word' id='word_1_58' title='bbox 1479 828 1586 908; x_wconf 93' lang='lat' dir='ltr'><strong>quibus</strong></span> <span class='ocrx_word' id='word_1_59' title='bbox 1610 827 1649 888; x_wconf 90' lang='lat' dir='ltr'><strong>ad</strong></span> 
     </span>
     <span class='ocr_line' id='line_1_7' title="bbox 292 915 1648 1000; baseline -0.004 -17"><span class='ocrx_word' id='word_1_60' title='bbox 292 920 492 1000; x_wconf 89' lang='lat' dir='ltr'><strong>objectionem</strong></span> <span class='ocrx_word' id='word_1_61' title='bbox 525 915 676 998; x_wconf 87' lang='lat' dir='ltr'><strong>quandam</strong></span> <span class='ocrx_word' id='word_1_62' title='bbox 707 917 892 997; x_wconf 86' lang='lat' dir='ltr'><strong>respondeo,</strong></span> <span class='ocrx_word' id='word_1_63' title='bbox 924 917 954 979; x_wconf 95' lang='lat' dir='ltr'><strong>in</strong></span> <span class='ocrx_word' id='word_1_64' title='bbox 986 936 1109 979; x_wconf 88' lang='lat' dir='ltr'><strong>scenam</strong></span> <span class='ocrx_word' id='word_1_65' title='bbox 1138 917 1286 998; x_wconf 87' lang='lat' dir='ltr'><strong>producta</strong></span> <span class='ocrx_word' id='word_1_66' title='bbox 1311 919 1382 997; x_wconf 91' lang='lat' dir='ltr'><strong>joco</strong></span> <span class='ocrx_word' id='word_1_67' title='bbox 1406 916 1557 991; x_wconf 83' lang='lat' dir='ltr'><strong>traducis,</strong></span> <span class='ocrx_word' id='word_1_68' title='bbox 1590 933 1648 996; x_wconf 91' lang='lat' dir='ltr'><strong>quo</strong></span> 
     </span>
     <span class='ocr_line' id='line_1_8' title="bbox 291 1005 1271 1073; baseline -0.005 -1"><span class='ocrx_word' id='word_1_69' title='bbox 291 1010 383 1073; x_wconf 90' lang='lat' dir='ltr'><strong>etiam</strong></span> <span class='ocrx_word' id='word_1_70' title='bbox 407 1015 545 1070; x_wconf 83' lang='lat' dir='ltr'><strong>sanctum</strong></span> <span class='ocrx_word' id='word_1_71' title='bbox 567 1005 626 1067; x_wconf 89' lang='lat' dir='ltr'><strong>Dei</strong></span> <span class='ocrx_word' id='word_1_72' title='bbox 649 1005 745 1068; x_wconf 87' lang='lat' dir='ltr'><strong>vimm</strong></span> <span class='ocrx_word' id='word_1_73' title='bbox 768 1006 935 1070; x_wconf 83' lang='lat' dir='ltr'><strong>intexuisti.</strong></span> <span class='ocrx_word' id='word_1_74' title='bbox 1263 1007 1271 1020; x_wconf 85' lang='lat'><em>&#39;</em></span> 
     </span>
    </p>
   </div>
   <div class='ocr_carea' id='block_1_3' title="bbox 288 1110 1648 1374">
    <p class='ocr_par' dir='ltr' id='par_1_3' title="bbox 288 1110 1648 1374">
     <span class='ocr_line' id='line_1_9' title="bbox 379 1110 1648 1192; baseline -0.005 -16"><span class='ocrx_word' id='word_1_75' title='bbox 379 1115 515 1187; x_wconf 86' lang='lat' dir='ltr'><strong>Possem,</strong></span> <span class='ocrx_word' id='word_1_76' title='bbox 542 1112 567 1174; x_wconf 93' lang='lat' dir='ltr'><strong>si</strong></span> <span class='ocrx_word' id='word_1_77' title='bbox 591 1112 639 1192; x_wconf 91' lang='lat' dir='ltr'><strong>pie</strong></span> <span class='ocrx_word' id='word_1_78' title='bbox 667 1130 803 1192; x_wconf 92' lang='lat' dir='ltr'><strong>possem,</strong></span> <span class='ocrx_word' id='word_1_79' title='bbox 835 1111 1015 1173; x_wconf 88' lang='lat' dir='ltr'><strong>contrarium</strong></span> <span class='ocrx_word' id='word_1_80' title='bbox 1044 1110 1146 1189; x_wconf 88' lang='lat' dir='ltr'><strong>jocum</strong></span> <span class='ocrx_word' id='word_1_81' title='bbox 1170 1127 1324 1190; x_wconf 84' lang='lat' dir='ltr'><strong>regerere,</strong></span> <span class='ocrx_word' id='word_1_82' title='bbox 1358 1129 1424 1171; x_wconf 91' lang='lat' dir='ltr'><strong>cum</strong></span> <span class='ocrx_word' id='word_1_83' title='bbox 1448 1128 1506 1170; x_wconf 93' lang='lat' dir='ltr'><strong>non</strong></span> <span class='ocrx_word' id='word_1_84' title='bbox 1531 1115 1648 1171; x_wconf 89' lang='lat' dir='ltr'><strong>tanturn</strong></span> 
     </span>
     <span class='ocr_line' id='line_1_10' title="bbox 288 1197 1646 1282; baseline -0.006 -15"><span class='ocrx_word' id='word_1_85' title='bbox 288 1205 317 1268; x_wconf 90' lang='lat' dir='ltr'><strong>in</strong></span> <span class='ocrx_word' id='word_1_86' title='bbox 346 1211 429 1266; x_wconf 87' lang='lat' dir='ltr'><strong>motu</strong></span> <span class='ocrx_word' id='word_1_87' title='bbox 453 1202 586 1278; x_wconf 85' lang='lat' dir='ltr'><strong>Terrae,</strong></span> <span class='ocrx_word' id='word_1_88' title='bbox 619 1201 698 1282; x_wconf 92' lang='lat' dir='ltr'><strong>quod</strong></span> <span class='ocrx_word' id='word_1_89' title='bbox 730 1201 796 1262; x_wconf 91' lang='lat' dir='ltr'><strong>vult</strong></span> <span class='ocrx_word' id='word_1_90' title='bbox 822 1197 1024 1280; x_wconf 81' lang='lat' dir='ltr'><strong>Cupernicus,</strong></span> <span class='ocrx_word' id='word_1_91' title='bbox 1060 1217 1166 1261; x_wconf 92' lang='lat' dir='ltr'><strong>sensus</strong></span> <span class='ocrx_word' id='word_1_92' title='bbox 1198 1199 1350 1260; x_wconf 88' lang='lat' dir='ltr'><strong>oculorum</strong></span> <span class='ocrx_word' id='word_1_93' title='bbox 1383 1198 1437 1272; x_wconf 91' lang='lat' dir='ltr'><strong>(ad</strong></span> <span class='ocrx_word' id='word_1_94' title='bbox 1470 1217 1556 1278; x_wconf 89' lang='lat' dir='ltr'><strong>quem</strong></span> <span class='ocrx_word' id='word_1_95' title='bbox 1588 1216 1646 1260; x_wconf 93' lang='lat' dir='ltr'><strong>non</strong></span> 
     </span>
     <span class='ocr_line' id='line_1_11' title="bbox 288 1287 1648 1374; baseline -0.005 -19"><span class='ocrx_word' id='word_1_96' title='bbox 288 1293 437 1372; x_wconf 89' lang='lat' dir='ltr'><strong>scriptura</strong></span> <span class='ocrx_word' id='word_1_97' title='bbox 461 1299 589 1365; x_wconf 90' lang='lat' dir='ltr'><strong>tanturn,</strong></span> <span class='ocrx_word' id='word_1_98' title='bbox 614 1291 669 1352; x_wconf 89' lang='lat' dir='ltr'><strong>sed</strong></span> <span class='ocrx_word' id='word_1_99' title='bbox 691 1289 749 1369; x_wconf 89' lang='lat' dir='ltr'><strong>ipsi</strong></span> <span class='ocrx_word' id='word_1_100' title='bbox 774 1289 850 1350; x_wconf 88' lang='lat' dir='ltr'><strong>adeo</strong></span> <span class='ocrx_word' id='word_1_101' title='bbox 874 1287 1039 1351; x_wconf 89' lang='lat' dir='ltr'><strong>astronomi</strong></span> <span class='ocrx_word' id='word_1_102' title='bbox 1063 1305 1231 1350; x_wconf 89' lang='lat' dir='ltr'><strong>sermonem</strong></span> <span class='ocrx_word' id='word_1_103' title='bbox 1255 1290 1475 1374; x_wconf 83' lang='lat' dir='ltr'><strong>attemperant)</strong></span> <span class='ocrx_word' id='word_1_104' title='bbox 1495 1307 1560 1349; x_wconf 90' lang='lat' dir='ltr'><strong>are</strong></span> <span class='ocrx_word' id='word_1_105' title='bbox 1579 1288 1648 1366; x_wconf 90' lang='lat' dir='ltr'><strong>ipsa</strong></span> 
     </span>
    </p>
   </div>
   <div class='ocr_carea' id='block_1_4' title="bbox 286 1377 1649 1895">
    <p class='ocr_par' dir='ltr' id='par_1_4' title="bbox 286 1377 1649 1895">
     <span class='ocr_line' id='line_1_12' title="bbox 288 1377 1645 1458; baseline -0.004 -15"><span class='ocrx_word' id='word_1_106' title='bbox 288 1381 416 1452; x_wconf 80' lang='lat' dir='ltr'><strong>diflerat,</strong></span> <span class='ocrx_word' id='word_1_107' title='bbox 440 1380 495 1442; x_wconf 83' lang='lat' dir='ltr'><strong>sed</strong></span> <span class='ocrx_word' id='word_1_108' title='bbox 519 1379 619 1453; x_wconf 82' lang='lat' dir='ltr'><strong>etiam,</strong></span> <span class='ocrx_word' id='word_1_109' title='bbox 645 1380 724 1458; x_wconf 85' lang='lat' dir='ltr'><strong>quod</strong></span> <span class='ocrx_word' id='word_1_110' title='bbox 747 1387 780 1440; x_wconf 84' lang='lat' dir='ltr'><strong>tu</strong></span> <span class='ocrx_word' id='word_1_111' title='bbox 805 1378 922 1458; x_wconf 82' lang='lat' dir='ltr'><strong>cogeris</strong></span> <span class='ocrx_word' id='word_1_112' title='bbox 947 1377 1045 1453; x_wconf 83' lang='lat' dir='ltr'><strong>fateri,</strong></span> <span class='ocrx_word' id='word_1_113' title='bbox 1073 1386 1117 1452; x_wconf 87' lang='lat' dir='ltr'><strong>„in</strong></span> <span class='ocrx_word' id='word_1_114' title='bbox 1145 1389 1232 1442; x_wconf 92' lang='lat' dir='ltr'><strong>medio</strong></span> <span class='ocrx_word' id='word_1_115' title='bbox 1254 1387 1339 1453; x_wconf 88' lang='lat' dir='ltr'><strong>coeli,</strong></span> <span class='ocrx_word' id='word_1_116' title='bbox 1366 1387 1394 1441; x_wconf 92' lang='lat' dir='ltr'><strong>in</strong></span> <span class='ocrx_word' id='word_1_117' title='bbox 1413 1387 1504 1457; x_wconf 83' lang='lat' dir='ltr'><strong>plaga</strong></span> <span class='ocrx_word' id='word_1_118' title='bbox 1530 1402 1645 1440; x_wconf 83' lang='lat' dir='ltr'><strong>occasus</strong></span> 
     </span>
     <span class='ocr_line' id='line_1_13' title="bbox 286 1465 1643 1544; baseline -0.006 -18"><span class='ocrx_word' id='word_1_119' title='bbox 286 1489 338 1544; x_wconf 90' lang='lat' dir='ltr'><strong>per</strong></span> <span class='ocrx_word' id='word_1_120' title='bbox 366 1473 448 1526; x_wconf 83' lang='lat' dir='ltr'><strong>urbes</strong></span> <span class='ocrx_word' id='word_1_121' title='bbox 479 1479 511 1525; x_wconf 89' lang='lat' dir='ltr'><strong>et</strong></span> <span class='ocrx_word' id='word_1_122' title='bbox 538 1469 626 1524; x_wconf 86' lang='lat' dir='ltr'><strong>valles</strong></span> <span class='ocrx_word' id='word_1_123' title='bbox 647 1469 828 1523; x_wconf 82' lang='lat' dir='ltr'><strong>Palaestinae</strong></span> <span class='ocrx_word' id='word_1_124' title='bbox 859 1469 1011 1538; x_wconf 88' lang='lat' dir='ltr'><strong>descripta,</strong></span> <span class='ocrx_word' id='word_1_125' title='bbox 1043 1467 1071 1521; x_wconf 92' lang='lat' dir='ltr'><strong>in</strong></span> <span class='ocrx_word' id='word_1_126' title='bbox 1102 1484 1169 1522; x_wconf 92' lang='lat' dir='ltr'><strong>casu</strong></span> <span class='ocrx_word' id='word_1_127' title='bbox 1199 1468 1315 1538; x_wconf 89' lang='lat' dir='ltr'><strong>denique</strong></span> <span class='ocrx_word' id='word_1_128' title='bbox 1343 1475 1373 1522; x_wconf 90' lang='lat' dir='ltr'><strong>et</strong></span> <span class='ocrx_word' id='word_1_129' title='bbox 1402 1483 1517 1522; x_wconf 86' lang='lat' dir='ltr'><strong>ascensu</strong></span> <span class='ocrx_word' id='word_1_130' title='bbox 1543 1465 1643 1529; x_wconf 83' lang='lat' dir='ltr'><strong>Solis,“</strong></span> 
     </span>
     <span class='ocr_line' id='line_1_14' title="bbox 288 1547 1649 1632; baseline -0.004 -20"><span class='ocrx_word' id='word_1_131' title='bbox 288 1569 364 1632; x_wconf 89' lang='lat' dir='ltr'><strong>quae</strong></span> <span class='ocrx_word' id='word_1_132' title='bbox 388 1548 489 1612; x_wconf 88' lang='lat' dir='ltr'><strong>omnia</strong></span> <span class='ocrx_word' id='word_1_133' title='bbox 513 1549 644 1610; x_wconf 88' lang='lat' dir='ltr'><strong>suntad</strong></span> <span class='ocrx_word' id='word_1_134' title='bbox 668 1548 763 1609; x_wconf 90' lang='lat' dir='ltr'><strong>visum</strong></span> <span class='ocrx_word' id='word_1_135' title='bbox 786 1548 862 1610; x_wconf 88' lang='lat' dir='ltr'><strong>certi</strong></span> <span class='ocrx_word' id='word_1_136' title='bbox 886 1547 1013 1609; x_wconf 90' lang='lat' dir='ltr'><strong>hominis</strong></span> <span class='ocrx_word' id='word_1_137' title='bbox 1028 1565 1109 1619; x_wconf 90' lang='lat' dir='ltr'><strong>vera,</strong></span> <span class='ocrx_word' id='word_1_138' title='bbox 1132 1565 1186 1626; x_wconf 91' lang='lat' dir='ltr'><strong>per</strong></span> <span class='ocrx_word' id='word_1_139' title='bbox 1205 1565 1238 1608; x_wconf 89' lang='lat' dir='ltr'><strong>se</strong></span> <span class='ocrx_word' id='word_1_140' title='bbox 1261 1565 1335 1608; x_wconf 89' lang='lat' dir='ltr'><strong>vera</strong></span> <span class='ocrx_word' id='word_1_141' title='bbox 1356 1564 1414 1608; x_wconf 92' lang='lat' dir='ltr'><strong>non</strong></span> <span class='ocrx_word' id='word_1_142' title='bbox 1439 1554 1510 1608; x_wconf 91' lang='lat' dir='ltr'><strong>sunt</strong></span> <span class='ocrx_word' id='word_1_143' title='bbox 1531 1553 1649 1606; x_wconf 90' lang='lat' dir='ltr'><strong>remota</strong></span> 
     </span>
     <span class='ocr_line' id='line_1_15' title="bbox 288 1635 1648 1716; baseline -0.003 -14"><span class='ocrx_word' id='word_1_144' title='bbox 288 1638 530 1702; x_wconf 88' lang='lat' dir='ltr'><strong>consideratione</strong></span> <span class='ocrx_word' id='word_1_145' title='bbox 553 1637 645 1701; x_wconf 89' lang='lat' dir='ltr'><strong>visus.</strong></span> <span class='ocrx_word' id='word_1_146' title='bbox 691 1636 801 1699; x_wconf 88' lang='lat' dir='ltr'><strong>Nonne</strong></span> <span class='ocrx_word' id='word_1_147' title='bbox 825 1642 858 1698; x_wconf 91' lang='lat' dir='ltr'><strong>tu</strong></span> <span class='ocrx_word' id='word_1_148' title='bbox 882 1637 947 1716; x_wconf 91' lang='lat' dir='ltr'><strong>ipse</strong></span> <span class='ocrx_word' id='word_1_149' title='bbox 971 1635 1063 1696; x_wconf 88' lang='lat' dir='ltr'><strong>tertia</strong></span> <span class='ocrx_word' id='word_1_150' title='bbox 1085 1635 1209 1715; x_wconf 88' lang='lat' dir='ltr'><strong>periodo</strong></span> <span class='ocrx_word' id='word_1_151' title='bbox 1237 1635 1372 1716; x_wconf 90' lang='lat' dir='ltr'><strong>superius</strong></span> <span class='ocrx_word' id='word_1_152' title='bbox 1396 1653 1490 1714; x_wconf 85' lang='lat' dir='ltr'><strong>negas</strong></span> <span class='ocrx_word' id='word_1_153' title='bbox 1517 1646 1648 1708; x_wconf 81' lang='lat' dir='ltr'><strong>„Terram</strong></span> 
     </span>
     <span class='ocr_line' id='line_1_16' title="bbox 286 1723 1646 1806; baseline -0.006 -14"><span class='ocrx_word' id='word_1_154' title='bbox 286 1737 338 1793; x_wconf 87' lang='lat' dir='ltr'><strong>niti</strong></span> <span class='ocrx_word' id='word_1_155' title='bbox 365 1735 525 1802; x_wconf 83' lang='lat' dir='ltr'><strong>columnis,“</strong></span> <span class='ocrx_word' id='word_1_156' title='bbox 552 1726 631 1806; x_wconf 92' lang='lat' dir='ltr'><strong>quod</strong></span> <span class='ocrx_word' id='word_1_157' title='bbox 662 1725 722 1786; x_wconf 91' lang='lat' dir='ltr'><strong>scis</strong></span> <span class='ocrx_word' id='word_1_158' title='bbox 756 1726 907 1787; x_wconf 85' lang='lat' dir='ltr'><strong>affirmare</strong></span> <span class='ocrx_word' id='word_1_159' title='bbox 931 1723 1106 1804; x_wconf 86' lang='lat' dir='ltr'><strong>Scripturas</strong></span> <span class='ocrx_word' id='word_1_160' title='bbox 1134 1723 1173 1785; x_wconf 89' lang='lat' dir='ltr'><strong>ad</strong></span> <span class='ocrx_word' id='word_1_161' title='bbox 1207 1724 1350 1786; x_wconf 87' lang='lat' dir='ltr'><strong>literam?</strong></span> <span class='ocrx_word' id='word_1_162' title='bbox 1382 1725 1427 1785; x_wconf 92' lang='lat' dir='ltr'><strong>At</strong></span> <span class='ocrx_word' id='word_1_163' title='bbox 1454 1742 1513 1785; x_wconf 88' lang='lat' dir='ltr'><strong>non</strong></span> <span class='ocrx_word' id='word_1_164' title='bbox 1545 1723 1646 1802; x_wconf 91' lang='lat' dir='ltr'><strong>placet</strong></span> 
     </span>
     <span class='ocr_line' id='line_1_17' title="bbox 287 1812 1646 1895; baseline -0.004 -17"><span class='ocrx_word' id='word_1_165' title='bbox 287 1815 359 1878; x_wconf 91' lang='lat' dir='ltr'><strong>mihi</strong></span> <span class='ocrx_word' id='word_1_166' title='bbox 383 1823 493 1887; x_wconf 89' lang='lat' dir='ltr'><strong>tecum,</strong></span> <span class='ocrx_word' id='word_1_167' title='bbox 517 1815 566 1895; x_wconf 92' lang='lat' dir='ltr'><strong>qui</strong></span> <span class='ocrx_word' id='word_1_168' title='bbox 592 1823 782 1876; x_wconf 88' lang='lat' dir='ltr'><strong>astronomus</strong></span> <span class='ocrx_word' id='word_1_169' title='bbox 797 1813 924 1876; x_wconf 91' lang='lat' dir='ltr'><strong>celebris</strong></span> <span class='ocrx_word' id='word_1_170' title='bbox 944 1832 986 1888; x_wconf 87' lang='lat' dir='ltr'><strong>es,</strong></span> <span class='ocrx_word' id='word_1_171' title='bbox 1013 1814 1049 1874; x_wconf 91' lang='lat' dir='ltr'><strong>de</strong></span> <span class='ocrx_word' id='word_1_172' title='bbox 1069 1812 1272 1875; x_wconf 89' lang='lat' dir='ltr'><strong>communibus</strong></span> <span class='ocrx_word' id='word_1_173' title='bbox 1296 1813 1374 1887; x_wconf 89' lang='lat' dir='ltr'><strong>istis,</strong></span> <span class='ocrx_word' id='word_1_174' title='bbox 1400 1831 1476 1894; x_wconf 88' lang='lat' dir='ltr'><strong>quae</strong></span> <span class='ocrx_word' id='word_1_175' title='bbox 1496 1831 1533 1872; x_wconf 92' lang='lat' dir='ltr'><strong>ne</strong></span> <span class='ocrx_word' id='word_1_176' title='bbox 1556 1812 1646 1872; x_wconf 86' lang='lat' dir='ltr'><strong>theo·</strong></span> 
     </span>
    </p>
   </div>
   <div class='ocr_carea' id='block_1_5' title="bbox 288 1989 1647 2162">
    <p class='ocr_par' dir='ltr' id='par_1_5' title="bbox 288 1989 1647 2162">
     <span class='ocr_line' id='line_1_18' title="bbox 288 1989 1646 2074; baseline -0.005 -19"><span class='ocrx_word' id='word_1_177' title='bbox 288 2001 406 2055; x_wconf 90' lang='lat' dir='ltr'><strong>tantum</strong></span> <span class='ocrx_word' id='word_1_178' title='bbox 430 1993 499 2074; x_wconf 92' lang='lat' dir='ltr'><strong>quia</strong></span> <span class='ocrx_word' id='word_1_179' title='bbox 531 1992 605 2053; x_wconf 91' lang='lat' dir='ltr'><strong>nihil</strong></span> <span class='ocrx_word' id='word_1_180' title='bbox 629 2010 685 2072; x_wconf 89' lang='lat' dir='ltr'><strong>ego</strong></span> <span class='ocrx_word' id='word_1_181' title='bbox 719 2010 917 2071; x_wconf 89' lang='lat' dir='ltr'><strong>responsuros</strong></span> <span class='ocrx_word' id='word_1_182' title='bbox 945 2011 1026 2065; x_wconf 90' lang='lat' dir='ltr'><strong>sum,</strong></span> <span class='ocrx_word' id='word_1_183' title='bbox 1061 1991 1113 2052; x_wconf 91' lang='lat' dir='ltr'><strong>sed</strong></span> <span class='ocrx_word' id='word_1_184' title='bbox 1148 1989 1239 2053; x_wconf 88' lang='lat' dir='ltr'><strong>etiam</strong></span> <span class='ocrx_word' id='word_1_185' title='bbox 1273 1990 1343 2072; x_wconf 92' lang='lat' dir='ltr'><strong>quia</strong></span> <span class='ocrx_word' id='word_1_186' title='bbox 1373 1989 1447 2051; x_wconf 92' lang='lat' dir='ltr'><strong>nihil</strong></span> <span class='ocrx_word' id='word_1_187' title='bbox 1470 2000 1503 2051; x_wconf 90' lang='lat' dir='ltr'><strong>tu</strong></span> <span class='ocrx_word' id='word_1_188' title='bbox 1527 1989 1646 2069; x_wconf 84' lang='lat' dir='ltr'><strong>proficis</strong></span> 
     </span>
     <span class='ocr_line' id='line_1_19' title="bbox 288 2077 1647 2162; baseline -0.004 -18"><span class='ocrx_word' id='word_1_189' title='bbox 288 2082 368 2161; x_wconf 90' lang='lat' dir='ltr'><strong>apud</strong></span> <span class='ocrx_word' id='word_1_190' title='bbox 391 2081 608 2161; x_wconf 89' lang='lat' dir='ltr'><strong>philosophos,</strong></span> <span class='ocrx_word' id='word_1_191' title='bbox 642 2082 692 2160; x_wconf 91' lang='lat' dir='ltr'><strong>qui</strong></span> <span class='ocrx_word' id='word_1_192' title='bbox 722 2081 856 2162; x_wconf 86' lang='lat' dir='ltr'><strong>plerique</strong></span> <span class='ocrx_word' id='word_1_193' title='bbox 878 2089 951 2160; x_wconf 90' lang='lat' dir='ltr'><strong>post</strong></span> <span class='ocrx_word' id='word_1_194' title='bbox 978 2081 1113 2142; x_wconf 86' lang='lat' dir='ltr'><strong>sidereos</strong></span> <span class='ocrx_word' id='word_1_195' title='bbox 1140 2077 1272 2142; x_wconf 88' lang='lat' dir='ltr'><strong>Galilaei</strong></span> <span class='ocrx_word' id='word_1_196' title='bbox 1302 2078 1425 2143; x_wconf 87' lang='lat' dir='ltr'><strong>nuncios</strong></span> <span class='ocrx_word' id='word_1_197' title='bbox 1449 2081 1512 2160; x_wconf 89' lang='lat' dir='ltr'><strong>jam</strong></span> <span class='ocrx_word' id='word_1_198' title='bbox 1536 2077 1647 2139; x_wconf 90' lang='lat' dir='ltr'><strong>dudum</strong></span> 
     </span>
    </p>
   </div>
   <div class='ocr_carea' id='block_1_6' title="bbox 288 2167 1758 2250">
    <p class='ocr_par' dir='ltr' id='par_1_6' title="bbox 288 2167 1758 2250">
     <span class='ocr_line' id='line_1_20' title="bbox 288 2167 1758 2250; baseline -0.003 -18"><span class='ocrx_word' id='word_1_199' title='bbox 288 2171 338 2244; x_wconf 90' lang='lat' dir='ltr'><strong>(ut</strong></span> <span class='ocrx_word' id='word_1_200' title='bbox 359 2189 454 2250; x_wconf 90' lang='lat' dir='ltr'><strong>nuper</strong></span> <span class='ocrx_word' id='word_1_201' title='bbox 477 2170 597 2250; x_wconf 90' lang='lat' dir='ltr'><strong>quidam</strong></span> <span class='ocrx_word' id='word_1_202' title='bbox 621 2171 664 2230; x_wconf 92' lang='lat' dir='ltr'><strong>tui</strong></span> <span class='ocrx_word' id='word_1_203' title='bbox 688 2169 793 2232; x_wconf 90' lang='lat' dir='ltr'><strong>similis</strong></span> <span class='ocrx_word' id='word_1_204' title='bbox 808 2170 1087 2249; x_wconf 89' lang='lat' dir='ltr'><strong>Antiennosigaeus</strong></span> <span class='ocrx_word' id='word_1_205' title='bbox 1105 2187 1176 2228; x_wconf 88' lang='lat' dir='ltr'><strong>vere</strong></span> <span class='ocrx_word' id='word_1_206' title='bbox 1200 2168 1337 2248; x_wconf 86' lang='lat' dir='ltr'><strong>scripsit)</strong></span> <span class='ocrx_word' id='word_1_207' title='bbox 1353 2167 1645 2248; x_wconf 84' lang='lat' dir='ltr'><strong>Oopernicoturiunt.</strong></span> <span class='ocrx_word' id='word_1_208' title='bbox 1751 2171 1758 2188; x_wconf 91' lang='lat'>&#39;</span> 
     </span>
    </p>
   </div>
   <div class='ocr_carea' id='block_1_7' title="bbox 286 2255 1647 2526">
    <p class='ocr_par' dir='ltr' id='par_1_7' title="bbox 286 2255 1647 2526">
     <span class='ocr_line' id='line_1_21' title="bbox 286 2255 1646 2337; baseline -0.004 -15"><span class='ocrx_word' id='word_1_209' title='bbox 286 2258 349 2322; x_wconf 86' lang='lat' dir='ltr'><strong>Adi</strong></span> <span class='ocrx_word' id='word_1_210' title='bbox 373 2267 405 2320; x_wconf 91' lang='lat' dir='ltr'><strong>et</strong></span> <span class='ocrx_word' id='word_1_211' title='bbox 428 2259 498 2320; x_wconf 92' lang='lat' dir='ltr'><strong>audi</strong></span> <span class='ocrx_word' id='word_1_212' title='bbox 523 2256 739 2337; x_wconf 85' lang='lat' dir='ltr'><strong>Copernicum,</strong></span> <span class='ocrx_word' id='word_1_213' title='bbox 771 2258 948 2332; x_wconf 88' lang='lat' dir='ltr'><strong>Rheticum,</strong></span> <span class='ocrx_word' id='word_1_214' title='bbox 981 2257 1185 2330; x_wconf 89' lang='lat' dir='ltr'><strong>Maestlinum,</strong></span> <span class='ocrx_word' id='word_1_215' title='bbox 1220 2256 1384 2337; x_wconf 86' lang='lat' dir='ltr'><strong>Origanum</strong></span> <span class='ocrx_word' id='word_1_216' title='bbox 1407 2265 1439 2318; x_wconf 89' lang='lat' dir='ltr'><strong>et</strong></span> <span class='ocrx_word' id='word_1_217' title='bbox 1461 2274 1546 2317; x_wconf 87' lang='lat' dir='ltr'><strong>meae</strong></span> <span class='ocrx_word' id='word_1_218' title='bbox 1568 2255 1646 2336; x_wconf 85' lang='lat' dir='ltr'><strong>Epi·</strong></span> 
     </span>
     <span class='ocr_line' id='line_1_22' title="bbox 286 2344 1647 2428; baseline -0.003 -20"><span class='ocrx_word' id='word_1_219' title='bbox 286 2356 384 2409; x_wconf 89' lang='lat' dir='ltr'><strong>tomes</strong></span> <span class='ocrx_word' id='word_1_220' title='bbox 408 2347 623 2410; x_wconf 87' lang='lat' dir='ltr'><strong>Astronomiae</strong></span> <span class='ocrx_word' id='word_1_221' title='bbox 648 2346 755 2408; x_wconf 92' lang='lat' dir='ltr'><strong>librum</strong></span> <span class='ocrx_word' id='word_1_222' title='bbox 783 2348 926 2427; x_wconf 89' lang='lat' dir='ltr'><strong>primurn,</strong></span> <span class='ocrx_word' id='word_1_223' title='bbox 951 2346 1119 2428; x_wconf 91' lang='lat' dir='ltr'><strong>siquando</strong></span> <span class='ocrx_word' id='word_1_224' title='bbox 1150 2346 1331 2426; x_wconf 87' lang='lat' dir='ltr'><strong>bibliopolae</strong></span> <span class='ocrx_word' id='word_1_225' title='bbox 1356 2347 1405 2426; x_wconf 92' lang='lat' dir='ltr'><strong>qui</strong></span> <span class='ocrx_word' id='word_1_226' title='bbox 1432 2353 1549 2408; x_wconf 90' lang='lat' dir='ltr'><strong>sumtus</strong></span> <span class='ocrx_word' id='word_1_227' title='bbox 1573 2344 1647 2405; x_wconf 86' lang='lat' dir='ltr'><strong>facit</strong></span> 
     </span>
     <span class='ocr_line' id='line_1_23' title="bbox 286 2435 1474 2526; baseline 0 -28"><span class='ocrx_word' id='word_1_228' title='bbox 286 2435 449 2500; x_wconf 88' lang='lat' dir='ltr'><strong>editionem</strong></span> <span class='ocrx_word' id='word_1_229' title='bbox 472 2437 538 2515; x_wconf 91' lang='lat' dir='ltr'><strong>ejus</strong></span> <span class='ocrx_word' id='word_1_230' title='bbox 561 2443 714 2498; x_wconf 87' lang='lat' dir='ltr'><strong>maturare</strong></span> <span class='ocrx_word' id='word_1_231' title='bbox 736 2437 885 2516; x_wconf 85' lang='lat' dir='ltr'><strong>placuerit</strong></span> <span class='ocrx_word' id='word_1_232' title='bbox 907 2445 1021 2517; x_wconf 87' lang='lat' dir='ltr'><strong>(prodiit</strong></span> <span class='ocrx_word' id='word_1_233' title='bbox 1041 2462 1113 2501; x_wconf 88' lang='lat' dir='ltr'><strong>anno</strong></span> <span class='ocrx_word' id='word_1_234' title='bbox 1138 2445 1212 2500; x_wconf 79' lang='grc'><strong>1617</strong></span> <span class='ocrx_word' id='word_1_235' title='bbox 1234 2437 1474 2526; x_wconf 71' lang='lat' dir='ltr'><strong>autumnalibus).</strong></span> 
     </span>
    </p>
   </div>
   <div class='ocr_carea' id='block_1_8' title="bbox 246 2539 1644 2980">
    <p class='ocr_par' dir='ltr' id='par_1_8' title="bbox 246 2539 1644 2980">
     <span class='ocr_line' id='line_1_24' title="bbox 375 2539 1644 2622; baseline -0.002 -18"><span class='ocrx_word' id='word_1_236' title='bbox 375 2540 513 2622; x_wconf 90' lang='lat' dir='ltr'><strong>Denique</strong></span> <span class='ocrx_word' id='word_1_237' title='bbox 538 2543 574 2603; x_wconf 91' lang='lat' dir='ltr'><strong>de</strong></span> <span class='ocrx_word' id='word_1_238' title='bbox 599 2541 705 2604; x_wconf 87' lang='lat' dir='ltr'><strong>fluxu</strong></span> <span class='ocrx_word' id='word_1_239' title='bbox 730 2548 766 2603; x_wconf 87' lang='lat' dir='ltr'><strong>et</strong></span> <span class='ocrx_word' id='word_1_240' title='bbox 789 2543 935 2603; x_wconf 82' lang='lat' dir='ltr'><strong>refluxu</strong></span> <span class='ocrx_word' id='word_1_241' title='bbox 959 2543 1069 2604; x_wconf 89' lang='lat' dir='ltr'><strong>maris</strong></span> <span class='ocrx_word' id='word_1_242' title='bbox 1098 2560 1207 2603; x_wconf 92' lang='lat' dir='ltr'><strong>novam</strong></span> <span class='ocrx_word' id='word_1_243' title='bbox 1229 2541 1373 2622; x_wconf 90' lang='lat' dir='ltr'><strong>proponis</strong></span> <span class='ocrx_word' id='word_1_244' title='bbox 1403 2539 1571 2621; x_wconf 91' lang='lat' dir='ltr'><strong>opinionem</strong></span> <span class='ocrx_word' id='word_1_245' title='bbox 1581 2559 1591 2616; x_wconf 90' lang='lat'>;</span> <span class='ocrx_word' id='word_1_246' title='bbox 1615 2539 1644 2602; x_wconf 91' lang='lat' dir='ltr'><strong>in</strong></span> 
     </span>
     <span class='ocr_line' id='line_1_25' title="bbox 286 2630 1643 2714; baseline -0.001 -22"><span class='ocrx_word' id='word_1_247' title='bbox 286 2650 346 2711; x_wconf 93' lang='lat' dir='ltr'><strong>qua</strong></span> <span class='ocrx_word' id='word_1_248' title='bbox 367 2630 458 2692; x_wconf 92' lang='lat' dir='ltr'><strong>laudo</strong></span> <span class='ocrx_word' id='word_1_249' title='bbox 488 2637 758 2714; x_wconf 87' lang='lat' dir='ltr'><strong>temperamentum</strong></span> <span class='ocrx_word' id='word_1_250' title='bbox 782 2651 819 2692; x_wconf 88' lang='lat' dir='ltr'><strong>ex</strong></span> <span class='ocrx_word' id='word_1_251' title='bbox 850 2631 998 2692; x_wconf 88' lang='lat' dir='ltr'><strong>modestia</strong></span> <span class='ocrx_word' id='word_1_252' title='bbox 1027 2640 1059 2693; x_wconf 90' lang='lat' dir='ltr'><strong>et</strong></span> <span class='ocrx_word' id='word_1_253' title='bbox 1090 2631 1230 2692; x_wconf 88' lang='lat' dir='ltr'><strong>libertate</strong></span> <span class='ocrx_word' id='word_1_254' title='bbox 1263 2631 1486 2710; x_wconf 88' lang='lat' dir='ltr'><strong>philosophica,</strong></span> <span class='ocrx_word' id='word_1_255' title='bbox 1521 2649 1643 2711; x_wconf 90' lang='lat' dir='ltr'><strong>quarum</strong></span> 
     </span>
     <span class='ocr_line' id='line_1_26' title="bbox 286 2719 1643 2800; baseline -0.001 -18"><span class='ocrx_word' id='word_1_256' title='bbox 286 2719 370 2782; x_wconf 87' lang='lat' dir='ltr'><strong>illam</strong></span> <span class='ocrx_word' id='word_1_257' title='bbox 394 2719 561 2799; x_wconf 88' lang='lat' dir='ltr'><strong>praefando</strong></span> <span class='ocrx_word' id='word_1_258' title='bbox 584 2719 660 2781; x_wconf 89' lang='lat' dir='ltr'><strong>hanc</strong></span> <span class='ocrx_word' id='word_1_259' title='bbox 685 2720 868 2800; x_wconf 91' lang='lat' dir='ltr'><strong>disputando</strong></span> <span class='ocrx_word' id='word_1_260' title='bbox 894 2719 1129 2782; x_wconf 87' lang='lat' dir='ltr'><strong>demonstrasti:</strong></span> <span class='ocrx_word' id='word_1_261' title='bbox 1155 2720 1348 2799; x_wconf 80' lang='lat' dir='ltr'><strong>quippenam</strong></span> <span class='ocrx_word' id='word_1_262' title='bbox 1372 2720 1515 2782; x_wconf 89' lang='lat' dir='ltr'><strong>invidiam</strong></span> <span class='ocrx_word' id='word_1_263' title='bbox 1529 2737 1643 2798; x_wconf 90' lang='lat' dir='ltr'><strong>agnos-</strong></span> 
     </span>
     <span class='ocr_line' id='line_1_27' title="bbox 246 2797 1644 2889; baseline -0.001 -19"><span class='ocrx_word' id='word_1_264' title='bbox 246 2815 250 2822; x_wconf 85' lang='lat'>&#39;</span> <span class='ocrx_word' id='word_1_265' title='bbox 286 2825 370 2870; x_wconf 88' lang='lat' dir='ltr'><strong>ceres</strong></span> <span class='ocrx_word' id='word_1_266' title='bbox 390 2827 442 2870; x_wconf 88' lang='lat' dir='ltr'><strong>ecs</strong></span> <span class='ocrx_word' id='word_1_267' title='bbox 465 2808 668 2884; x_wconf 87' lang='lat' dir='ltr'><strong>comitantem,</strong></span> <span class='ocrx_word' id='word_1_268' title='bbox 694 2811 743 2889; x_wconf 91' lang='lat' dir='ltr'><strong>qui</strong></span> <span class='ocrx_word' id='word_1_269' title='bbox 763 2816 875 2870; x_wconf 89' lang='lat' dir='ltr'><strong>temere</strong></span> <span class='ocrx_word' id='word_1_270' title='bbox 896 2809 1068 2871; x_wconf 90' lang='lat' dir='ltr'><strong>desciscunt</strong></span> <span class='ocrx_word' id='word_1_271' title='bbox 1092 2830 1110 2870; x_wconf 89' lang='lat' dir='ltr'><strong>a</strong></span> <span class='ocrx_word' id='word_1_272' title='bbox 1130 2817 1264 2871; x_wconf 89' lang='lat' dir='ltr'><strong>veterum</strong></span> <span class='ocrx_word' id='word_1_273' title='bbox 1288 2797 1429 2888; x_wconf 89' lang='lat' dir='ltr'><strong>placitis,</strong></span> <span class='ocrx_word' id='word_1_274' title='bbox 1454 2808 1644 2870; x_wconf 90' lang='lat' dir='ltr'><strong>nihilominus</strong></span> 
     </span>
     <span class='ocr_line' id='line_1_28' title="bbox 286 2895 1644 2980; baseline -0.001 -20"><span class='ocrx_word' id='word_1_275' title='bbox 286 2905 340 2960; x_wconf 87' lang='lat' dir='ltr'><strong>tua</strong></span> <span class='ocrx_word' id='word_1_276' title='bbox 362 2917 442 2960; x_wconf 91' lang='lat' dir='ltr'><strong>nova</strong></span> <span class='ocrx_word' id='word_1_277' title='bbox 465 2898 618 2961; x_wconf 91' lang='lat' dir='ltr'><strong>veteribus</strong></span> <span class='ocrx_word' id='word_1_278' title='bbox 644 2897 796 2960; x_wconf 89' lang='lat' dir='ltr'><strong>contraria</strong></span> <span class='ocrx_word' id='word_1_279' title='bbox 815 2899 885 2959; x_wconf 86' lang='lat' dir='ltr'><strong>forti</strong></span> <span class='ocrx_word' id='word_1_280' title='bbox 910 2897 1008 2960; x_wconf 91' lang='lat' dir='ltr'><strong>animo</strong></span> <span class='ocrx_word' id='word_1_281' title='bbox 1027 2897 1220 2980; x_wconf 87' lang='lat' dir='ltr'><strong>proposuisti.</strong></span> <span class='ocrx_word' id='word_1_282' title='bbox 1259 2895 1347 2967; x_wconf 83' lang='lat' dir='ltr'><strong>Quod</strong></span> <span class='ocrx_word' id='word_1_283' title='bbox 1367 2916 1438 2959; x_wconf 90' lang='lat' dir='ltr'><strong>vero</strong></span> <span class='ocrx_word' id='word_1_284' title='bbox 1461 2896 1644 2960; x_wconf 89' lang='lat' dir='ltr'><strong>seutentiam</strong></span> 
     </span>
    </p>
   </div>
   <div class='ocr_carea' id='block_1_9' title="bbox 285 2985 1645 3308">
    <p class='ocr_par' dir='ltr' id='par_1_9' title="bbox 285 2985 1645 3308">
     <span class='ocr_line' id='line_1_29' title="bbox 285 2985 1645 3067; baseline 0.001 -19"><span class='ocrx_word' id='word_1_285' title='bbox 285 2985 384 3067; x_wconf 84' lang='lat' dir='ltr'><strong>ipsam</strong></span> <span class='ocrx_word' id='word_1_286' title='bbox 409 2987 530 3059; x_wconf 80' lang='lat' dir='ltr'><strong>attinet,</strong></span> <span class='ocrx_word' id='word_1_287' title='bbox 557 2997 701 3064; x_wconf 76' lang='lat' dir='ltr'><strong>,Causam</strong></span> <span class='ocrx_word' id='word_1_288' title='bbox 725 3015 773 3055; x_wconf 92' lang='lat' dir='ltr'><strong>cur</strong></span> <span class='ocrx_word' id='word_1_289' title='bbox 787 2998 860 3052; x_wconf 89' lang='lat' dir='ltr'><strong>senis</strong></span> <span class='ocrx_word' id='word_1_290' title='bbox 875 2991 949 3053; x_wconf 91' lang='lat' dir='ltr'><strong>horis</strong></span> <span class='ocrx_word' id='word_1_291' title='bbox 968 2999 1065 3052; x_wconf 88' lang='lat' dir='ltr'><strong>affluat</strong></span> <span class='ocrx_word' id='word_1_292' title='bbox 1086 3014 1214 3062; x_wconf 91' lang='lat' dir='ltr'><strong>oceanus,</strong></span> <span class='ocrx_word' id='word_1_293' title='bbox 1236 3013 1290 3050; x_wconf 91' lang='lat' dir='ltr'><strong>uno</strong></span> <span class='ocrx_word' id='word_1_294' title='bbox 1304 2997 1390 3052; x_wconf 89' lang='lat' dir='ltr'><strong>horae</strong></span> <span class='ocrx_word' id='word_1_295' title='bbox 1412 2999 1566 3067; x_wconf 86' lang='lat' dir='ltr'><strong>quadrante</strong></span> <span class='ocrx_word' id='word_1_296' title='bbox 1588 3002 1645 3049; x_wconf 88' lang='lat' dir='ltr'><strong>stet</strong></span> 
     </span>
     <span class='ocr_line' id='line_1_30' title="bbox 285 3075 1645 3149; baseline -0.002 -18"><span class='ocrx_word' id='word_1_297' title='bbox 285 3077 393 3142; x_wconf 89' lang='lat' dir='ltr'><strong>dubius,</strong></span> <span class='ocrx_word' id='word_1_298' title='bbox 416 3075 490 3132; x_wconf 86' lang='lat' dir='ltr'><strong>senis</strong></span> <span class='ocrx_word' id='word_1_299' title='bbox 510 3079 619 3142; x_wconf 87' lang='lat' dir='ltr'><strong>relluat,</strong></span> <span class='ocrx_word' id='word_1_300' title='bbox 641 3095 802 3149; x_wconf 90' lang='lat' dir='ltr'><strong>rursumque</strong></span> <span class='ocrx_word' id='word_1_301' title='bbox 824 3081 1006 3149; x_wconf 81' lang='lat' dir='ltr'><strong>quadrantem</strong></span> <span class='ocrx_word' id='word_1_302' title='bbox 1027 3079 1201 3149; x_wconf 86' lang='lat' dir='ltr'><strong>interponat,</strong></span> <span class='ocrx_word' id='word_1_303' title='bbox 1224 3093 1284 3132; x_wconf 88' lang='lat' dir='ltr'><strong>esse</strong></span> <span class='ocrx_word' id='word_1_304' title='bbox 1305 3080 1455 3148; x_wconf 83' lang='lat' dir='ltr'><strong>petendam</strong></span> <span class='ocrx_word' id='word_1_305' title='bbox 1476 3095 1514 3132; x_wconf 82' lang='lat' dir='ltr'><strong>ex</strong></span> <span class='ocrx_word' id='word_1_306' title='bbox 1535 3076 1645 3130; x_wconf 85' lang='lat' dir='ltr'><strong>occulta</strong></span> 
     </span>
     <span class='ocr_line' id='line_1_31' title="bbox 285 3156 1645 3231; baseline -0.001 -20"><span class='ocrx_word' id='word_1_307' title='bbox 285 3156 314 3211; x_wconf 85' lang='lat' dir='ltr'><strong>vi</strong></span> <span class='ocrx_word' id='word_1_308' title='bbox 334 3156 500 3227; x_wconf 86' lang='lat' dir='ltr'><strong>septenarii:</strong></span> <span class='ocrx_word' id='word_1_309' title='bbox 523 3163 553 3211; x_wconf 90' lang='lat' dir='ltr'><strong>et</strong></span> <span class='ocrx_word' id='word_1_310' title='bbox 574 3163 692 3228; x_wconf 87' lang='lat' dir='ltr'><strong>quatuor</strong></span> <span class='ocrx_word' id='word_1_311' title='bbox 712 3159 843 3213; x_wconf 75' lang='lat' dir='ltr'><strong>horarium</strong></span> <span class='ocrx_word' id='word_1_312' title='bbox 863 3162 1039 3231; x_wconf 85' lang='lat' dir='ltr'><strong>quadrantes,</strong></span> <span class='ocrx_word' id='word_1_313' title='bbox 1062 3159 1147 3230; x_wconf 89' lang='lat' dir='ltr'><strong>quieti</strong></span> <span class='ocrx_word' id='word_1_314' title='bbox 1166 3158 1347 3227; x_wconf 87' lang='lat' dir='ltr'><strong>interpositae</strong></span> <span class='ocrx_word' id='word_1_315' title='bbox 1362 3161 1450 3223; x_wconf 86' lang='lat' dir='ltr'><strong>datos,</strong></span> <span class='ocrx_word' id='word_1_316' title='bbox 1472 3158 1590 3220; x_wconf 87' lang='lat' dir='ltr'><strong>efficere,</strong></span> <span class='ocrx_word' id='word_1_317' title='bbox 1611 3163 1645 3209; x_wconf 88' lang='lat' dir='ltr'><strong>ut</strong></span> 
     </span>
     <span class='ocr_line' id='line_1_32' title="bbox 285 3235 1642 3308; baseline 0 -18"><span class='ocrx_word' id='word_1_318' title='bbox 285 3237 377 3290; x_wconf 86' lang='lat' dir='ltr'><strong>fluxus</strong></span> <span class='ocrx_word' id='word_1_319' title='bbox 399 3235 442 3290; x_wconf 85' lang='lat' dir='ltr'><strong>die</strong></span> <span class='ocrx_word' id='word_1_320' title='bbox 471 3238 598 3308; x_wconf 88' lang='lat' dir='ltr'><strong>sequenti</strong></span> <span class='ocrx_word' id='word_1_321' title='bbox 628 3240 726 3293; x_wconf 87' lang='lat' dir='ltr'><strong>redeat</strong></span> <span class='ocrx_word' id='word_1_322' title='bbox 746 3253 802 3292; x_wconf 91' lang='lat' dir='ltr'><strong>una</strong></span> <span class='ocrx_word' id='word_1_323' title='bbox 822 3240 893 3294; x_wconf 89' lang='lat' dir='ltr'><strong>hora</strong></span> <span class='ocrx_word' id='word_1_324' title='bbox 919 3241 1023 3305; x_wconf 87' lang='lat' dir='ltr'><strong>serius,</strong></span> <span class='ocrx_word' id='word_1_325' title='bbox 1054 3241 1146 3294; x_wconf 92' lang='lat' dir='ltr'><strong>nullas</strong></span> <span class='ocrx_word' id='word_1_326' title='bbox 1167 3238 1212 3292; x_wconf 92' lang='lat' dir='ltr'><strong>hic</strong></span> <span class='ocrx_word' id='word_1_327' title='bbox 1238 3239 1310 3293; x_wconf 84' lang='lat' dir='ltr'><strong>vires</strong></span> <span class='ocrx_word' id='word_1_328' title='bbox 1337 3255 1399 3292; x_wconf 87' lang='lat' dir='ltr'><strong>esse</strong></span> <span class='ocrx_word' id='word_1_329' title='bbox 1418 3239 1516 3292; x_wconf 88' lang='lat' dir='ltr'><strong>Lunae</strong></span> <span class='ocrx_word' id='word_1_330' title='bbox 1537 3237 1642 3292; x_wconf 84' lang='lat' dir='ltr'><strong>tardius</strong></span> 
     </span>
    </p>
   </div>
   <div class='ocr_carea' id='block_1_10' title="bbox 279 3315 1644 4911">
    <p class='ocr_par' dir='ltr' id='par_1_10' title="bbox 279 3315 1644 4911">
     <span class='ocr_line' id='line_1_33' title="bbox 286 3315 1643 3400; baseline 0.004 -30"><span class='ocrx_word' id='word_1_331' title='bbox 286 3315 473 3372; x_wconf 83' lang='lat' dir='ltr'><strong>occidentis“:</strong></span> <span class='ocrx_word' id='word_1_332' title='bbox 502 3316 549 3378; x_wconf 88' lang='lat' dir='ltr'><strong>hic</strong></span> <span class='ocrx_word' id='word_1_333' title='bbox 573 3325 606 3377; x_wconf 90' lang='lat' dir='ltr'><strong>tu</strong></span> <span class='ocrx_word' id='word_1_334' title='bbox 630 3317 711 3378; x_wconf 91' lang='lat' dir='ltr'><strong>nullo</strong></span> <span class='ocrx_word' id='word_1_335' title='bbox 745 3319 834 3380; x_wconf 91' lang='lat' dir='ltr'><strong>modo</strong></span> <span class='ocrx_word' id='word_1_336' title='bbox 858 3338 952 3400; x_wconf 93' lang='lat' dir='ltr'><strong>neque</strong></span> <span class='ocrx_word' id='word_1_337' title='bbox 976 3327 1112 3381; x_wconf 90' lang='lat' dir='ltr'><strong>veterum</strong></span> <span class='ocrx_word' id='word_1_338' title='bbox 1136 3318 1295 3380; x_wconf 86' lang='lat' dir='ltr'><strong>haedere</strong></span> <span class='ocrx_word' id='word_1_339' title='bbox 1320 3317 1487 3393; x_wconf 86' lang='lat' dir='ltr'><strong>doctrinam</strong></span> <span class='ocrx_word' id='word_1_340' title='bbox 1512 3315 1643 3378; x_wconf 87' lang='lat' dir='ltr'><strong>destruis</strong></span> 
     </span>
     <span class='ocr_line' id='line_1_34' title="bbox 285 3405 1643 3486; baseline 0.001 -22"><span class='ocrx_word' id='word_1_341' title='bbox 285 3423 382 3484; x_wconf 92' lang='lat' dir='ltr'><strong>neque</strong></span> <span class='ocrx_word' id='word_1_342' title='bbox 405 3421 518 3466; x_wconf 91' lang='lat' dir='ltr'><strong>novam</strong></span> <span class='ocrx_word' id='word_1_343' title='bbox 541 3413 625 3466; x_wconf 88' lang='lat' dir='ltr'><strong>tuam</strong></span> <span class='ocrx_word' id='word_1_344' title='bbox 654 3405 842 3484; x_wconf 91' lang='lat' dir='ltr'><strong>philosophis</strong></span> <span class='ocrx_word' id='word_1_345' title='bbox 874 3407 1035 3486; x_wconf 89' lang='lat' dir='ltr'><strong>approbas.</strong></span> <span class='ocrx_word' id='word_1_346' title='bbox 1082 3409 1161 3470; x_wconf 86' lang='lat' dir='ltr'><strong>Nam</strong></span> <span class='ocrx_word' id='word_1_347' title='bbox 1185 3407 1255 3486; x_wconf 91' lang='lat' dir='ltr'><strong>quid</strong></span> <span class='ocrx_word' id='word_1_348' title='bbox 1283 3405 1377 3468; x_wconf 88' lang='lat' dir='ltr'><strong>babes</strong></span> <span class='ocrx_word' id='word_1_349' title='bbox 1402 3406 1481 3486; x_wconf 93' lang='lat' dir='ltr'><strong>quod</strong></span> <span class='ocrx_word' id='word_1_350' title='bbox 1508 3415 1643 3486; x_wconf 85' lang='lat' dir='ltr'><strong>opponas</strong></span> 
     </span>
     <span class='ocr_line' id='line_1_35' title="bbox 285 3491 1642 3576; baseline 0.004 -24"><span class='ocrx_word' id='word_1_351' title='bbox 285 3491 457 3568; x_wconf 83' lang='lat' dir='ltr'><strong>veteribus,</strong></span> <span class='ocrx_word' id='word_1_352' title='bbox 484 3493 541 3555; x_wconf 85' lang='lat' dir='ltr'><strong>nisi</strong></span> <span class='ocrx_word' id='word_1_353' title='bbox 565 3493 620 3554; x_wconf 84' lang='lat' dir='ltr'><strong>hoc</strong></span> <span class='ocrx_word' id='word_1_354' title='bbox 644 3494 771 3570; x_wconf 86' lang='lat' dir='ltr'><strong>unicum,</strong></span> <span class='ocrx_word' id='word_1_355' title='bbox 806 3523 877 3568; x_wconf 86' lang='lat' dir='ltr'><strong>,non</strong></span> <span class='ocrx_word' id='word_1_356' title='bbox 909 3506 1032 3562; x_wconf 90' lang='lat' dir='ltr'><strong>omnibus</strong></span> <span class='ocrx_word' id='word_1_357' title='bbox 1065 3506 1192 3562; x_wconf 91' lang='lat' dir='ltr'><strong>litoribus</strong></span> <span class='ocrx_word' id='word_1_358' title='bbox 1219 3507 1386 3576; x_wconf 87' lang='lat' dir='ltr'><strong>respondere</strong></span> <span class='ocrx_word' id='word_1_359' title='bbox 1411 3507 1508 3560; x_wconf 88' lang='lat' dir='ltr'><strong>Lunae</strong></span> <span class='ocrx_word' id='word_1_360' title='bbox 1536 3506 1642 3560; x_wconf 88' lang='lat' dir='ltr'><strong>ortibus</strong></span> 
     </span>
     <span class='ocr_line' id='line_1_36' title="bbox 284 3582 1643 3666; baseline 0.004 -25"><span class='ocrx_word' id='word_1_361' title='bbox 284 3590 314 3638; x_wconf 82' lang='lat' dir='ltr'><strong>et</strong></span> <span class='ocrx_word' id='word_1_362' title='bbox 335 3582 479 3637; x_wconf 70' lang='lat' dir='ltr'><strong>omasibus</strong></span> <span class='ocrx_word' id='word_1_363' title='bbox 504 3584 609 3638; x_wconf 84' lang='lat' dir='ltr'><strong>fluxum</strong></span> <span class='ocrx_word' id='word_1_364' title='bbox 630 3590 660 3638; x_wconf 88' lang='lat' dir='ltr'><strong>et</strong></span> <span class='ocrx_word' id='word_1_365' title='bbox 684 3585 820 3640; x_wconf 82' lang='lat' dir='ltr'><strong>refluxum</strong></span> <span class='ocrx_word' id='word_1_366' title='bbox 841 3586 964 3641; x_wconf 70' lang='lat' dir='ltr'><strong>maner·</strong></span> <span class='ocrx_word' id='word_1_367' title='bbox 1008 3587 1053 3647; x_wconf 88' lang='lat' dir='ltr'><strong>At</strong></span> <span class='ocrx_word' id='word_1_368' title='bbox 1071 3586 1181 3646; x_wconf 91' lang='lat' dir='ltr'><strong>saltem</strong></span> <span class='ocrx_word' id='word_1_369' title='bbox 1200 3585 1254 3646; x_wconf 88' lang='lat' dir='ltr'><strong>illa</strong></span> <span class='ocrx_word' id='word_1_370' title='bbox 1276 3586 1488 3664; x_wconf 91' lang='lat' dir='ltr'><strong>ponderasses‚</strong></span> <span class='ocrx_word' id='word_1_371' title='bbox 1513 3603 1589 3666; x_wconf 87' lang='lat' dir='ltr'><strong>quae</strong></span> <span class='ocrx_word' id='word_1_372' title='bbox 1613 3584 1643 3647; x_wconf 88' lang='lat' dir='ltr'><strong>in</strong></span> 
     </span>
     <span class='ocr_line' id='line_1_37' title="bbox 285 3667 1644 3754; baseline 0.001 -21"><span class='ocrx_word' id='word_1_373' title='bbox 285 3667 520 3734; x_wconf 80' lang='lat' dir='ltr'><strong>Commentariis</strong></span> <span class='ocrx_word' id='word_1_374' title='bbox 553 3671 663 3734; x_wconf 90' lang='lat' dir='ltr'><strong>Martis</strong></span> <span class='ocrx_word' id='word_1_375' title='bbox 693 3671 750 3734; x_wconf 90' lang='lat' dir='ltr'><strong>hac</strong></span> <span class='ocrx_word' id='word_1_376' title='bbox 775 3673 812 3734; x_wconf 93' lang='lat' dir='ltr'><strong>de</strong></span> <span class='ocrx_word' id='word_1_377' title='bbox 841 3693 873 3734; x_wconf 91' lang='lat' dir='ltr'><strong>re</strong></span> <span class='ocrx_word' id='word_1_378' title='bbox 906 3673 1078 3754; x_wconf 90' lang='lat' dir='ltr'><strong>disputavi:</strong></span> <span class='ocrx_word' id='word_1_379' title='bbox 1093 3707 1097 3716; x_wconf 95' lang='lat'><em>·</em></span> <span class='ocrx_word' id='word_1_380' title='bbox 1112 3674 1241 3736; x_wconf 91' lang='lat' dir='ltr'><strong>vidisses</strong></span> <span class='ocrx_word' id='word_1_381' title='bbox 1264 3675 1412 3749; x_wconf 87' lang='lat' dir='ltr'><strong>sufficere,</strong></span> <span class='ocrx_word' id='word_1_382' title='bbox 1445 3681 1479 3735; x_wconf 92' lang='lat' dir='ltr'><strong>ut</strong></span> <span class='ocrx_word' id='word_1_383' title='bbox 1511 3674 1644 3753; x_wconf 82' lang='lat' dir='ltr'><strong>erigatur</strong></span> 
     </span>
     <span class='ocr_line' id='line_1_38' title="bbox 285 3760 1643 3843; baseline -0.001 -21"><span class='ocrx_word' id='word_1_384' title='bbox 285 3760 421 3822; x_wconf 90' lang='lat' dir='ltr'><strong>cumulus</strong></span> <span class='ocrx_word' id='word_1_385' title='bbox 455 3778 598 3841; x_wconf 86' lang='lat' dir='ltr'><strong>aquarum</strong></span> <span class='ocrx_word' id='word_1_386' title='bbox 632 3761 687 3823; x_wconf 90' lang='lat' dir='ltr'><strong>sub</strong></span> <span class='ocrx_word' id='word_1_387' title='bbox 717 3762 931 3843; x_wconf 88' lang='lat' dir='ltr'><strong>perpendiculo</strong></span> <span class='ocrx_word' id='word_1_388' title='bbox 959 3764 1064 3824; x_wconf 88' lang='lat' dir='ltr'><strong>Lunae</strong></span> <span class='ocrx_word' id='word_1_389' title='bbox 1087 3763 1116 3823; x_wconf 92' lang='lat' dir='ltr'><strong>in</strong></span> <span class='ocrx_word' id='word_1_390' title='bbox 1150 3763 1248 3824; x_wconf 90' lang='lat' dir='ltr'><strong>medio</strong></span> <span class='ocrx_word' id='word_1_391' title='bbox 1282 3781 1415 3824; x_wconf 88' lang='lat' dir='ltr'><strong>oceano:</strong></span> <span class='ocrx_word' id='word_1_392' title='bbox 1450 3782 1469 3824; x_wconf 91' lang='lat' dir='ltr'><strong>a</strong></span> <span class='ocrx_word' id='word_1_393' title='bbox 1497 3761 1643 3824; x_wconf 91' lang='lat' dir='ltr'><strong>lateribus</strong></span> 
     </span>
     <span class='ocr_line' id='line_1_39' title="bbox 279 3849 1644 3931; baseline 0.001 -20"><span class='ocrx_word' id='word_1_394' title='bbox 279 3849 381 3929; x_wconf 14' lang='lat' dir='ltr'><strong>&#39;undae</strong></span> <span class='ocrx_word' id='word_1_395' title='bbox 406 3857 550 3928; x_wconf 89' lang='lat' dir='ltr'><strong>quantum</strong></span> <span class='ocrx_word' id='word_1_396' title='bbox 569 3859 601 3911; x_wconf 92' lang='lat' dir='ltr'><strong>et</strong></span> <span class='ocrx_word' id='word_1_397' title='bbox 620 3869 679 3930; x_wconf 90' lang='lat' dir='ltr'><strong>qua</strong></span> <span class='ocrx_word' id='word_1_398' title='bbox 701 3858 830 3929; x_wconf 89' lang='lat' dir='ltr'><strong>possunt</strong></span> <span class='ocrx_word' id='word_1_399' title='bbox 854 3852 983 3913; x_wconf 89' lang='lat' dir='ltr'><strong>tendant</strong></span> <span class='ocrx_word' id='word_1_400' title='bbox 1001 3853 1039 3913; x_wconf 93' lang='lat' dir='ltr'><strong>ad</strong></span> <span class='ocrx_word' id='word_1_401' title='bbox 1061 3851 1117 3913; x_wconf 91' lang='lat' dir='ltr'><strong>hoc</strong></span> <span class='ocrx_word' id='word_1_402' title='bbox 1140 3851 1238 3931; x_wconf 88' lang='lat' dir='ltr'><strong>ipsum</strong></span> <span class='ocrx_word' id='word_1_403' title='bbox 1261 3852 1355 3913; x_wconf 89' lang='lat' dir='ltr'><strong>veluti</strong></span> <span class='ocrx_word' id='word_1_404' title='bbox 1379 3852 1533 3915; x_wconf 90' lang='lat' dir='ltr'><strong>concilium</strong></span> <span class='ocrx_word' id='word_1_405' title='bbox 1555 3851 1644 3913; x_wconf 87' lang='lat' dir='ltr'><strong>Luna</strong></span> 
     </span>
     <span class='ocr_line' id='line_1_40' title="bbox 284 3937 1643 4021; baseline 0.001 -22"><span class='ocrx_word' id='word_1_406' title='bbox 284 3937 403 4000; x_wconf 88' lang='lat' dir='ltr'><strong>interim</strong></span> <span class='ocrx_word' id='word_1_407' title='bbox 426 3945 660 4016; x_wconf 88' lang='lat' dir='ltr'><strong>praetereunte:</strong></span> <span class='ocrx_word' id='word_1_408' title='bbox 686 3947 718 4001; x_wconf 91' lang='lat' dir='ltr'><strong>et</strong></span> <span class='ocrx_word' id='word_1_409' title='bbox 741 3941 914 4002; x_wconf 88' lang='lat' dir='ltr'><strong>discedente</strong></span> <span class='ocrx_word' id='word_1_410' title='bbox 939 3941 992 4002; x_wconf 92' lang='lat' dir='ltr'><strong>illa</strong></span> <span class='ocrx_word' id='word_1_411' title='bbox 1015 3959 1030 4001; x_wconf 93' lang='lat' dir='ltr'><strong>e</strong></span> <span class='ocrx_word' id='word_1_412' title='bbox 1053 3940 1268 4021; x_wconf 91' lang='lat' dir='ltr'><strong>perpendiculo</strong></span> <span class='ocrx_word' id='word_1_413' title='bbox 1292 3941 1350 4002; x_wconf 93' lang='lat' dir='ltr'><strong>loci</strong></span> <span class='ocrx_word' id='word_1_414' title='bbox 1373 3940 1476 4015; x_wconf 91' lang='lat' dir='ltr'><strong>unius,</strong></span> <span class='ocrx_word' id='word_1_415' title='bbox 1507 3941 1643 4003; x_wconf 90' lang='lat' dir='ltr'><strong>cumulus</strong></span> 
     </span>
     <span class='ocr_line' id='line_1_41' title="bbox 283 4026 1642 4109; baseline 0.001 -20"><span class='ocrx_word' id='word_1_416' title='bbox 283 4026 335 4089; x_wconf 88' lang='lat' dir='ltr'><strong>ille</strong></span> <span class='ocrx_word' id='word_1_417' title='bbox 360 4043 477 4088; x_wconf 87' lang='lat' dir='ltr'><strong>rursum</strong></span> <span class='ocrx_word' id='word_1_418' title='bbox 501 4026 660 4090; x_wconf 88' lang='lat' dir='ltr'><strong>subsidat:</strong></span> <span class='ocrx_word' id='word_1_419' title='bbox 691 4028 824 4108; x_wconf 86' lang='lat' dir='ltr'><strong>reliquas</strong></span> <span class='ocrx_word' id='word_1_420' title='bbox 855 4029 1020 4091; x_wconf 89' lang='lat' dir='ltr'><strong>varietates</strong></span> <span class='ocrx_word' id='word_1_421' title='bbox 1048 4037 1207 4109; x_wconf 87' lang='lat' dir='ltr'><strong>praestant</strong></span> <span class='ocrx_word' id='word_1_422' title='bbox 1235 4029 1313 4091; x_wconf 87' lang='lat' dir='ltr'><strong>varii</strong></span> <span class='ocrx_word' id='word_1_423' title='bbox 1344 4049 1483 4092; x_wconf 88' lang='lat' dir='ltr'><strong>recessus</strong></span> <span class='ocrx_word' id='word_1_424' title='bbox 1511 4030 1642 4105; x_wconf 89' lang='lat' dir='ltr'><strong>litorum,</strong></span> 
     </span>
     <span class='ocr_line' id='line_1_42' title="bbox 284 4113 1642 4198; baseline 0.004 -23"><span class='ocrx_word' id='word_1_425' title='bbox 284 4123 318 4176; x_wconf 92' lang='lat' dir='ltr'><strong>ut</strong></span> <span class='ocrx_word' id='word_1_426' title='bbox 341 4115 370 4175; x_wconf 91' lang='lat' dir='ltr'><strong>in</strong></span> <span class='ocrx_word' id='word_1_427' title='bbox 395 4113 479 4176; x_wconf 90' lang='lat' dir='ltr'><strong>sinus</strong></span> <span class='ocrx_word' id='word_1_428' title='bbox 502 4115 719 4179; x_wconf 87' lang='lat' dir='ltr'><strong>reconditiores</strong></span> <span class='ocrx_word' id='word_1_429' title='bbox 749 4117 867 4179; x_wconf 88' lang='lat' dir='ltr'><strong>tardius</strong></span> <span class='ocrx_word' id='word_1_430' title='bbox 895 4118 1051 4181; x_wconf 88' lang='lat' dir='ltr'><strong>relabatur</strong></span> <span class='ocrx_word' id='word_1_431' title='bbox 1078 4119 1186 4180; x_wconf 83' lang='lat' dir='ltr'><strong>fluxus.</strong></span> <span class='ocrx_word' id='word_1_432' title='bbox 1233 4119 1298 4180; x_wconf 89' lang='lat' dir='ltr'><strong>Tua</strong></span> <span class='ocrx_word' id='word_1_433' title='bbox 1325 4136 1396 4180; x_wconf 91' lang='lat' dir='ltr'><strong>vero</strong></span> <span class='ocrx_word' id='word_1_434' title='bbox 1424 4137 1527 4194; x_wconf 89' lang='lat' dir='ltr'><strong>causa,</strong></span> <span class='ocrx_word' id='word_1_435' title='bbox 1553 4137 1642 4198; x_wconf 86' lang='lat' dir='ltr'><strong>quarn</strong></span> 
     </span>
     <span class='ocr_line' id='line_1_43' title="bbox 285 4201 1643 4288; baseline 0.003 -24"><span class='ocrx_word' id='word_1_436' title='bbox 285 4201 417 4277; x_wconf 88' lang='lat' dir='ltr'><strong>stabilis,</strong></span> <span class='ocrx_word' id='word_1_437' title='bbox 432 4221 492 4266; x_wconf 89' lang='lat' dir='ltr'><strong>non</strong></span> <span class='ocrx_word' id='word_1_438' title='bbox 507 4205 590 4284; x_wconf 88' lang='lat' dir='ltr'><strong>sapit</strong></span> <span class='ocrx_word' id='word_1_439' title='bbox 603 4205 694 4267; x_wconf 88' lang='lat' dir='ltr'><strong>ullam</strong></span> <span class='ocrx_word' id='word_1_440' title='bbox 717 4206 937 4286; x_wconf 88' lang='lat' dir='ltr'><strong>philosophiam</strong></span> <span class='ocrx_word' id='word_1_441' title='bbox 952 4207 1142 4277; x_wconf 88' lang='lat' dir='ltr'><strong>rationalem,</strong></span> <span class='ocrx_word' id='word_1_442' title='bbox 1162 4207 1215 4268; x_wconf 92' lang='lat' dir='ltr'><strong>sed</strong></span> <span class='ocrx_word' id='word_1_443' title='bbox 1231 4207 1465 4288; x_wconf 84' lang='lat' dir='ltr'><strong>Pythagoricam</strong></span> <span class='ocrx_word' id='word_1_444' title='bbox 1480 4206 1643 4288; x_wconf 88' lang='lat' dir='ltr'><strong>septenarii</strong></span> 
     </span>
     <span class='ocr_line' id='line_1_44' title="bbox 284 4290 1642 4372; baseline 0.004 -20"><span class='ocrx_word' id='word_1_445' title='bbox 284 4290 546 4371; x_wconf 87' lang='lat' dir='ltr'><strong>superstitionem,</strong></span> <span class='ocrx_word' id='word_1_446' title='bbox 581 4311 657 4372; x_wconf 90' lang='lat' dir='ltr'><strong>quae</strong></span> <span class='ocrx_word' id='word_1_447' title='bbox 682 4294 720 4356; x_wconf 89' lang='lat' dir='ltr'><strong>ab</strong></span> <span class='ocrx_word' id='word_1_448' title='bbox 744 4295 865 4370; x_wconf 91' lang='lat' dir='ltr'><strong>otiosis,</strong></span> <span class='ocrx_word' id='word_1_449' title='bbox 900 4305 933 4357; x_wconf 90' lang='lat' dir='ltr'><strong>ut</strong></span> <span class='ocrx_word' id='word_1_450' title='bbox 963 4305 1051 4358; x_wconf 90' lang='lat' dir='ltr'><strong>cento</strong></span> <span class='ocrx_word' id='word_1_451' title='bbox 1083 4295 1282 4357; x_wconf 86' lang='lat' dir='ltr'><strong>mendicantis</strong></span> <span class='ocrx_word' id='word_1_452' title='bbox 1312 4315 1349 4357; x_wconf 87' lang='lat' dir='ltr'><strong>ex</strong></span> <span class='ocrx_word' id='word_1_453' title='bbox 1380 4296 1642 4359; x_wconf 90' lang='lat' dir='ltr'><strong>diversicoloribus</strong></span> 
     </span>
     <span class='ocr_line' id='line_1_45' title="bbox 282 4379 1643 4465; baseline 0.004 -25"><span class='ocrx_word' id='word_1_454' title='bbox 282 4379 402 4458; x_wconf 89' lang='lat' dir='ltr'><strong>pannis,</strong></span> <span class='ocrx_word' id='word_1_455' title='bbox 428 4379 471 4442; x_wconf 90' lang='lat' dir='ltr'><strong>sio</strong></span> <span class='ocrx_word' id='word_1_456' title='bbox 495 4379 563 4461; x_wconf 89' lang='lat' dir='ltr'><strong>ipsa</strong></span> <span class='ocrx_word' id='word_1_457' title='bbox 586 4399 625 4442; x_wconf 85' lang='lat' dir='ltr'><strong>ex</strong></span> <span class='ocrx_word' id='word_1_458' title='bbox 648 4382 918 4446; x_wconf 89' lang='lat' dir='ltr'><strong>diversissimorum</strong></span> <span class='ocrx_word' id='word_1_459' title='bbox 939 4403 1082 4465; x_wconf 85' lang='lat' dir='ltr'><strong>generum</strong></span> <span class='ocrx_word' id='word_1_460' title='bbox 1106 4385 1250 4464; x_wconf 82' lang='lat' dir='ltr'><strong>exemplis</strong></span> <span class='ocrx_word' id='word_1_461' title='bbox 1274 4385 1382 4447; x_wconf 91' lang='lat' dir='ltr'><strong>nullius</strong></span> <span class='ocrx_word' id='word_1_462' title='bbox 1406 4386 1527 4463; x_wconf 89' lang='lat' dir='ltr'><strong>cognita</strong></span> <span class='ocrx_word' id='word_1_463' title='bbox 1550 4395 1643 4447; x_wconf 85' lang='lat' dir='ltr'><strong>causa</strong></span> 
     </span>
     <span class='ocr_line' id='line_1_46' title="bbox 286 4467 1640 4555; baseline 0.004 -27"><span class='ocrx_word' id='word_1_464' title='bbox 286 4476 335 4529; x_wconf 89' lang='lat' dir='ltr'><strong>est</strong></span> <span class='ocrx_word' id='word_1_465' title='bbox 358 4475 495 4532; x_wconf 91' lang='lat' dir='ltr'><strong>consuta.</strong></span> <span class='ocrx_word' id='word_1_466' title='bbox 543 4467 621 4540; x_wconf 84' lang='lat' dir='ltr'><strong>Quin</strong></span> <span class='ocrx_word' id='word_1_467' title='bbox 646 4490 683 4532; x_wconf 90' lang='lat' dir='ltr'><strong>ne</strong></span> <span class='ocrx_word' id='word_1_468' title='bbox 716 4471 794 4533; x_wconf 88' lang='lat' dir='ltr'><strong>hanc</strong></span> <span class='ocrx_word' id='word_1_469' title='bbox 827 4473 945 4552; x_wconf 89' lang='lat' dir='ltr'><strong>quidem</strong></span> <span class='ocrx_word' id='word_1_470' title='bbox 978 4473 1199 4535; x_wconf 90' lang='lat' dir='ltr'><strong>observationis</strong></span> <span class='ocrx_word' id='word_1_471' title='bbox 1231 4475 1379 4536; x_wconf 89' lang='lat' dir='ltr'><strong>rationem</strong></span> <span class='ocrx_word' id='word_1_472' title='bbox 1407 4474 1456 4535; x_wconf 90' lang='lat' dir='ltr'><strong>hic</strong></span> <span class='ocrx_word' id='word_1_473' title='bbox 1487 4475 1640 4555; x_wconf 82' lang='lat' dir='ltr'><strong>exprimis.</strong></span> 
     </span>
     <span class='ocr_line' id='line_1_47' title="bbox 283 4553 1640 4642; baseline 0.008 -27"><span class='ocrx_word' id='word_1_474' title='bbox 283 4553 317 4615; x_wconf 90' lang='lat' dir='ltr'><strong>Iu</strong></span> <span class='ocrx_word' id='word_1_475' title='bbox 334 4555 388 4617; x_wconf 86' lang='lat' dir='ltr'><strong>illa</strong></span> <span class='ocrx_word' id='word_1_476' title='bbox 402 4555 490 4627; x_wconf 92' lang='lat' dir='ltr'><strong>enim,</strong></span> <span class='ocrx_word' id='word_1_477' title='bbox 512 4575 589 4638; x_wconf 87' lang='lat' dir='ltr'><strong>quae</strong></span> <span class='ocrx_word' id='word_1_478' title='bbox 608 4569 803 4622; x_wconf 90' lang='lat' dir='ltr'><strong>numerantur</strong></span> <span class='ocrx_word' id='word_1_479' title='bbox 821 4579 943 4622; x_wconf 90' lang='lat' dir='ltr'><strong>numero</strong></span> <span class='ocrx_word' id='word_1_480' title='bbox 959 4562 1140 4642; x_wconf 88' lang='lat' dir='ltr'><strong>septenario,</strong></span> <span class='ocrx_word' id='word_1_481' title='bbox 1157 4570 1227 4624; x_wconf 91' lang='lat' dir='ltr'><strong>sunt</strong></span> <span class='ocrx_word' id='word_1_482' title='bbox 1242 4563 1342 4625; x_wconf 89' lang='lat' dir='ltr'><strong>omnia</strong></span> <span class='ocrx_word' id='word_1_483' title='bbox 1356 4561 1488 4625; x_wconf 90' lang='lat' dir='ltr'><strong>discreta</strong></span> <span class='ocrx_word' id='word_1_484' title='bbox 1502 4563 1640 4639; x_wconf 80' lang='lat' dir='ltr'><strong>invicem,</strong></span> 
     </span>
     <span class='ocr_line' id='line_1_48' title="bbox 284 4643 1641 4732; baseline 0.009 -31"><span class='ocrx_word' id='word_1_485' title='bbox 284 4649 319 4703; x_wconf 91' lang='lat' dir='ltr'><strong>ut</strong></span> <span class='ocrx_word' id='word_1_486' title='bbox 343 4643 418 4718; x_wconf 91' lang='lat' dir='ltr'><strong>dies,</strong></span> <span class='ocrx_word' id='word_1_487' title='bbox 443 4651 478 4706; x_wconf 89' lang='lat' dir='ltr'><strong>ut</strong></span> <span class='ocrx_word' id='word_1_488' title='bbox 502 4645 682 4722; x_wconf 88' lang='lat' dir='ltr'><strong>lunationes,</strong></span> <span class='ocrx_word' id='word_1_489' title='bbox 707 4657 740 4710; x_wconf 91' lang='lat' dir='ltr'><strong>ut</strong></span> <span class='ocrx_word' id='word_1_490' title='bbox 764 4656 899 4711; x_wconf 88' lang='lat' dir='ltr'><strong>aestates</strong></span> <span class='ocrx_word' id='word_1_491' title='bbox 915 4657 947 4710; x_wconf 91' lang='lat' dir='ltr'><strong>et</strong></span> <span class='ocrx_word' id='word_1_492' title='bbox 965 4650 992 4712; x_wconf 91' lang='lat' dir='ltr'><strong>si</strong></span> <span class='ocrx_word' id='word_1_493' title='bbox 1007 4669 1066 4730; x_wconf 91' lang='lat' dir='ltr'><strong>qua</strong></span> <span class='ocrx_word' id='word_1_494' title='bbox 1089 4651 1214 4714; x_wconf 89' lang='lat' dir='ltr'><strong>similia:</strong></span> <span class='ocrx_word' id='word_1_495' title='bbox 1239 4671 1363 4732; x_wconf 89' lang='lat' dir='ltr'><strong>quarum</strong></span> <span class='ocrx_word' id='word_1_496' title='bbox 1377 4671 1478 4715; x_wconf 89' lang='lat' dir='ltr'><strong>rerum</strong></span> <span class='ocrx_word' id='word_1_497' title='bbox 1501 4645 1641 4716; x_wconf 77' lang='lat' dir='ltr'><strong>numdros</strong></span> 
     </span>
     <span class='ocr_line' id='line_1_49' title="bbox 284 4730 1640 4823; baseline 0.01 -34"><span class='ocrx_word' id='word_1_498' title='bbox 284 4747 342 4790; x_wconf 93' lang='lat' dir='ltr'><strong>non</strong></span> <span class='ocrx_word' id='word_1_499' title='bbox 367 4730 493 4793; x_wconf 86' lang='lat' dir='ltr'><strong>fortuita</strong></span> <span class='ocrx_word' id='word_1_500' title='bbox 516 4733 625 4795; x_wconf 90' lang='lat' dir='ltr'><strong>divisio</strong></span> <span class='ocrx_word' id='word_1_501' title='bbox 649 4737 703 4797; x_wconf 90' lang='lat' dir='ltr'><strong>sed</strong></span> <span class='ocrx_word' id='word_1_502' title='bbox 726 4745 834 4800; x_wconf 87' lang='lat' dir='ltr'><strong>natura</strong></span> <span class='ocrx_word' id='word_1_503' title='bbox 857 4737 927 4818; x_wconf 90' lang='lat' dir='ltr'><strong>ipsa</strong></span> <span class='ocrx_word' id='word_1_504' title='bbox 949 4738 1233 4819; x_wconf 89' lang='lat' dir='ltr'><strong>vicissitudinesque</strong></span> <span class='ocrx_word' id='word_1_505' title='bbox 1257 4741 1436 4821; x_wconf 89' lang='lat' dir='ltr'><strong>conspicuae</strong></span> <span class='ocrx_word' id='word_1_506' title='bbox 1461 4742 1640 4823; x_wconf 89' lang='lat' dir='ltr'><strong>suppedita-</strong></span> 
     </span>
     <span class='ocr_line' id='line_1_50' title="bbox 284 4819 1640 4911; baseline 0.013 -33"><span class='ocrx_word' id='word_1_507' title='bbox 284 4825 363 4887; x_wconf 87' lang='lat' dir='ltr'><strong>runt.</strong></span> <span class='ocrx_word' id='word_1_508' title='bbox 410 4819 465 4880; x_wconf 84' lang='lat' dir='ltr'><strong>Tui</strong></span> <span class='ocrx_word' id='word_1_509' title='bbox 489 4837 559 4881; x_wconf 90' lang='lat' dir='ltr'><strong>vero</strong></span> <span class='ocrx_word' id='word_1_510' title='bbox 592 4826 755 4902; x_wconf 86' lang='lat' dir='ltr'><strong>septenarii</strong></span> <span class='ocrx_word' id='word_1_511' title='bbox 789 4827 942 4908; x_wconf 86' lang='lat' dir='ltr'><strong>subjecta,</strong></span> <span class='ocrx_word' id='word_1_512' title='bbox 977 4827 1084 4904; x_wconf 91' lang='lat' dir='ltr'><strong>horae,</strong></span> <span class='ocrx_word' id='word_1_513' title='bbox 1118 4828 1253 4908; x_wconf 90' lang='lat' dir='ltr'><strong>inquam,</strong></span> <span class='ocrx_word' id='word_1_514' title='bbox 1284 4829 1354 4902; x_wconf 90' lang='lat' dir='ltr'><strong>diei,</strong></span> <span class='ocrx_word' id='word_1_515' title='bbox 1383 4829 1489 4911; x_wconf 91' lang='lat' dir='ltr'><strong>quibus</strong></span> <span class='ocrx_word' id='word_1_516' title='bbox 1511 4839 1640 4896; x_wconf 82' lang='lat' dir='ltr'><strong>naturae</strong></span> 
     </span>
    </p>
   </div>
   <div class='ocr_carea' id='block_1_11' title="bbox 0 0 1842 5538">
    <p class='ocr_par' dir='ltr' id='par_1_11' title="bbox 0 0 1842 5538">
     <span class='ocr_line' id='line_1_51' title="bbox 0 0 1842 5538; baseline 0 1"><span class='ocrx_word' id='word_1_517' title='bbox 0 0 1842 5538; x_wconf 95' lang='lat' dir='ltr'><strong> </strong></span> 
     </span>
    </p>
   </div>
  </div>
 </body>
</html>
