3566 5536
346 274 411 344 716
821 275 861 327 De
880 274 959 328 Stella
975 272 1047 326 Nora
1065 272 1216 339 Serpenurii

349 459 444 520 Terra
459 455 602 519 nimirum
624 455 654 516 in
678 455 794 516 coelum
817 473 910 540 usque
934 455 1042 516 diffusa
1064 453 1105 516 sit
1128 452 1203 514 haec
1227 449 1369 513 facultas.
1417 447 1499 510 Nam
1528 449 1558 511 si
1583 467 1625 511 ne
1646 469 1704 512 cor·

349 547 472 626 poribus
494 545 625 626 quidem,
657 545 736 625 quod
759 563 850 624 supra
874 544 998 619 dictum,
1029 550 1121 624 auget
1143 539 1384 602 aestimationem
1408 538 1509 602 moles
1536 541 1706 620 congenita,

350 635 581 717 quantominus
606 633 1002 696 animalibusfacultatibus
1031 632 1062 694 id
1091 630 1261 712 praestabit
1287 629 1363 692 haec
1390 628 1573 691 adventitia
1605 631 1707 710 ampli-

349 724 445 786 tudo?
489 721 625 804 Deniqne
650 723 699 802 qni
722 723 838 800 metuit,
862 731 898 783 nt
912 723 1008 785 Deum
1024 721 1197 794 efficiamus,
1222 717 1270 800 qui
1288 717 1459 781 homiuibus
1484 718 1613 794 faveat,
1638 719 1706 780 isin

352 813 506 892 theologia
529 814 605 873 forte
625 831 683 874 non
702 813 779 874 satis
800 820 938 874 versatus
953 829 1020 872 esse
1039 809 1203 871 videbitur:
1227 817 1260 870 ut
1278 808 1327 889 qui
1342 827 1399 870 non
1414 808 1542 889 legerit,
1567 825 1708 874 creamur

347 929 439 968 omnes
453 910 634 984 ingemiscere
649 911 678 966 in
691 901 902 983 exspectatione
915 909 1094 966 revelationis
1113 909 1230 965 liliorum
1243 909 1306 965 Dei.
1339 898 1405 962 Nec
1419 917 1534 960 vereor
1549 918 1591 962 ne
1607 899 1708 961 redat-

349 1011 424 1072 guar
447 992 594 1072 eo‚·quod
619 991 806 1068 occasionem
828 991 989 1072 praebeam
1011 987 1198 1070 philosophis
1221 987 1382 1064 hodiernis,
1407 1005 1445 1050 ex
1463 988 1527 1050 bac
1550 989 1708 1056 facultate,

352 1099 428 1162 quae
451 1099 522 1161 pars
547 1088 594 1142 est
617 1080 733 1154 mundi,
757 1080 854 1144 Deum
878 1080 1005 1161 denique
1029 1077 1167 1141 faciendi.
1212 1075 1467 1158 Philosophentur
1490 1077 1542 1140 illi
1568 1079 1613 1140 ad
1638 1079 1708 1139 deli-

350 1171 424 1232 rium
448 1189 549 1250 usque,
574 1189 695 1250 quorum
720 1177 927 1232 antecessores
942 1169 1047 1250 quibus
1071 1186 1128 1230 non
1152 1165 1241 1229 rebus
1265 1167 1380 1229 divinos
1403 1167 1542 1230 honores
1569 1167 1707 1247 adscrip-

351 1267 464 1334 serunt,
489 1259 562 1334 aeri,
587 1278 691 1339 aquae,
716 1279 837 1334 oceano,
862 1259 956 1334 coelo,
981 1257 1128 1320 sideribus
1152 1255 1409 1336 aspectabilibus?
1432 1276 1501 1319 cum
1528 1257 1661 1319 interim
1682 1267 1707 1317 et

347 1349 478 1410 inanima
500 1349 576 1410 haec
598 1349 731 1410 nonnulli
755 1351 921 1411 crederent.
968 1345 1150 1410 Christianis
1181 1353 1317 1420 constat,
1344 1345 1503 1426 spirituum
1536 1347 1705 1412 beatorum.

349 1439 398 1520 qui
423 1438 462 1499 ab
491 1438 570 1500 omni
602 1439 750 1499 mundano
782 1456 905 1519 corpore
937 1437 1024 1500 liberi
1056 1443 1139 1511 sunt,
1175 1435 1405 1498 innumerabiles
1437 1454 1508 1497 esse
1544 1437 1705 1501 exercitos.

352 1528 517 1592 sanctitate
542 1527 750 1604 admirabiles,
782 1527 929 1608 dignitate
952 1527 1008 1589 hoc
1032 1525 1154 1606 spiritu,
1188 1524 1237 1607 qui
1260 1523 1375 1606 corpori
1399 1525 1557 1588 mundano
1583 1536 1706 1588 naturae

350 1617 477 1698 quodam
492 1616 610 1678 vinculo
628 1616 790 1680 adstrictus
809 1625 940 1696 praeest,
965 1617 1053 1696 longe
1068 1613 1322 1696 praestantiores:
1346 1623 1377 1676 et
1390 1616 1468 1678 inter
1483 1615 1545 1677 hos
1562 1616 1705 1695 graduum

351 1705 569 1768 discriminibus
602 1705 790 1770 sublimiores
821 1706 980 1788 quosdam,
1018 1703 1202 1786 principatus
1239 1703 1486 1784 gloriosissimos,
1527 1713 1706 1784 potestates

349 1796 597 1876 pollentissimas.
643 1795 685 1857 Et
708 1803 807 1858 tamen
836 1795 973 1858 omnibus
1000 1794 1083 1856 hisce
1114 1792 1314 1855 sublimiorem
1346 1801 1518 1874 agnoscunt
1542 1793 1650 1855 Deum
1681 1801 1706 1854 et

351 1886 397 1948 sui
422 1893 453 1946 et
475 1884 591 1946 illorum
619 1885 750 1948 omnium
776 1885 971 1948 conditorem.
1017 1884 1067 1946 Ita
1093 1884 1162 1964 lego
1185 1883 1216 1944 in
1238 1881 1402 1946 Prudentio
1426 1892 1458 1945 et
1482 1884 1705 1946 emendandum

351 1984 444 2056 puto:
469 1985 580 2038 Jussnm
597 1989 645 2038 est
665 1983 793 2040 Caesaris
814 2001 861 2039 ore
877 1983 1015 2039 Gallieni:
1038 1985 1115 2047 Quod
1135 1983 1263 2054 princeps
1284 1983 1358 2049 colit,
1380 1985 1433 2039 boc
1446 1987 1580 2039 colamus
1603 2001 1705 2040 omnes:

351 2070 536 2121 Aeternum
556 2064 629 2118 eolo
650 2065 840 2136 principem
860 2066 1009 2131 deorum,
1031 2065 1166 2122 Fictorem
1186 2063 1384 2137 Dominumque
1406 2066 1542 2122 Gallieni.

439 2155 566 2215 Fatetur
589 2171 654 2214 cum
677 2153 857 2232 Augustino,
880 2154 1009 2215 Deorum
1033 2153 1151 2214 titulum
1175 2153 1204 2214 iu
1228 2151 1322 2215 sacris
1345 2152 1442 2216 literis
1465 2153 1565 2217 tribui
1597 2153 1705 2216 sanem

353 2245 443 2306 etiam
466 2241 599 2320 angelis:
625 2242 679 2303 sed
701 2243 840 2323 agnoscit
861 2261 950 2304 unum
973 2243 1091 2304 illorum
1113 2249 1281 2306 creatorum
1302 2241 1466 2324 principem
1491 2253 1664 2306 aeternum
1681 2253 1705 2304 et

352 2333 533 2400 increatum,
566 2349 652 2411 quem
676 2340 708 2392 et
731 2330 887 2413 Scriptura
910 2333 1043 2414 appellat
1065 2332 1160 2393 Deum
1184 2330 1316 2394 Deorum
1339 2333 1424 2406 (nam
1448 2352 1502 2396 cur
1525 2333 1583 2395 hic
1609 2344 1705 2400 dierum

356 2433 488 2488 faetorem
509 2421 696 2500 potissimum
720 2421 866 2496 celebret,
897 2423 974 2483 ratio
998 2422 1080 2484 nulla
1103 2423 1252 2502 apparet).
1299 2421 1363 2484 Nec
1386 2423 1452 2492 vult
1475 2422 1605 2500 colere,
1638 2423 1705 2505 quod

352 2511 440 2591 fingit
461 2510 618 2591 princeps,
643 2505 696 2572 sed
719 2529 866 2573 summum
886 2511 1068 2592 principem,
1092 2529 1158 2572 eum
1181 2529 1301 2592 nempe,
1335 2511 1384 2594 qui
1417 2531 1475 2574 non
1499 2522 1553 2576 est
1579 2515 1707 2576 detnsa

355 2600 512 2676 Gallieno,
545 2600 599 2662 sed
631 2599 680 2680 qui
704 2600 790 2662 fiuxit
813 2599 1001 2676 Gallienum3
1035 2619 1092 2661 non
1117 2599 1165 2680 qni
1190 2599 1322 2663 Gallieni
1345 2601 1466 2664 Domini
1494 2603 1595 2684 jussu
1628 2603 1707 2665 nob'a

353 2691 523 2771 imperetur,
547 2689 601 2751 sed
625 2689 674 2769 qui
697 2689 842 2752 Dominus
865 2689 930 2770 ipse
954 2690 996 2751 sit
1018 2687 1151 2751 Gallieni
1173 2689 1303 2752 Domini.

441 2779 526 2842 Haec
557 2778 650 2859 igitur
680 2780 786 2841 afferre
818 2779 917 2860 possit
948 2778 1055 2858 aliquis
1084 2777 1123 2840 ad
1155 2797 1276 2841 causam
1308 2785 1432 2842 naturae
1467 2779 1706 2852 defendendam,

354 2869 423 2933 novi
445 2869 531 2949 hujus
555 2867 662 2930 sideris
686 2869 904 2950 copulationem
927 2887 993 2930 cum
1016 2867 1223 2948 conjunctione
1247 2885 1358 2948 magna
1379 2869 1538 2948 vindicans
1565 2869 1618 2932 illi
1639 2870 1704 2950 Spi-

355 2959 427 3022 ritui
450 2959 543 3021 totius
567 2956 668 3019 mundi
692 2976 812 3040 campos
835 2957 1011 3039 permeanti.
1058 2958 1102 3020 At
1123 2958 1167 3020 ita
1190 2977 1236 3021 me
1260 2957 1394 3031 Christe,
1426 2967 1460 3021 nt
1481 2959 1633 3022 omnibus
1657 2977 1704 3020 sn-

356 3047 452 3112 cnssis
475 3047 639 3109 ratiociniis
663 3047 733 3110 mihi
757 3048 813 3129 ipsi
837 3067 895 3110 non
920 3045 1087 3116 satisfacio.
1133 3045 1175 3109 Et
1198 3047 1234 3109 de
1257 3048 1393 3127 potentia
1416 3047 1538 3130 quidem
1563 3057 1602 3110 et
1624 3049 1705 3111 honi-

358 3145 421 3200 tate
445 3135 650 3212 mediocriter3
683 3137 720 3199 de
753 3137 880 3200 scientia
911 3155 982 3200 vero
1013 3135 1120 3198 mirum
1152 3145 1292 3219 quantum
1324 3137 1413 3200 desit.
1458 3135 1538 3201 Esto
1570 3139 1658 3201 enirn
1679 3147 1705 3200 nt

356 3227 431 3288 insit
453 3233 578 3288 naturae
602 3245 709 3288 sensns
733 3227 949 3308 conjunctionis
967 3226 1176 3306 planetarum:
1209 3247 1278 3289 num
1306 3227 1398 3308 igitur
1420 3225 1515 3290 eidem
1541 3235 1578 3290 et
1604 3228 1704 3308 cogni·

356 3317 470 3378 tionem
492 3314 657 3377 tribuemus
680 3334 791 3391 eorum,
815 3335 889 3397 quae
913 3317 950 3378 de
974 3315 1229 3396 conjunctionibus
1247 3316 1435 3396 planetarum
1454 3315 1598 3379 homines
1620 3318 1703 3380 innu-

358 3402 551 3468 merabilibus
575 3403 658 3465 libris
680 3405 937 3486 perscripserunt?
983 3405 1062 3467 Num
1095 3403 1274 3485 accipiemus
1307 3414 1338 3468 et
1368 3405 1439 3483 hoc,
1473 3415 1622 3470 naturam
1656 3408 1705 3468 boc

358 3494 456 3557 sidere
480 3493 563 3554 velut
596 3491 769 3555 charactere
797 3501 918 3556 ostenso
947 3494 1105 3558 nobiscum
1131 3495 1297 3558 homiuibus
1329 3495 1409 3576 loqui
1440 3495 1599 3559 voluisse?
1648 3498 1705 3560 Aut

283 3593 289 3608 “
358 3585 385 3647 si
403 3583 459 3646 boc
478 3582 649 3658 absurdum,
673 3583 720 3645 dic
739 3583 829 3664 igitur
847 3583 918 3646 mihi
938 3584 1124 3664 conjectator
1144 3584 1278 3668 physice,
1303 3585 1350 3647 cui
1364 3583 1441 3672 bono
1456 3593 1568 3648 natura
1582 3587 1705 3649 stellam

358 3674 388 3736 in
403 3671 550 3736 altissimo
566 3672 688 3735 aethere
709 3673 827 3754 aptavit
849 3674 887 3735 ad
911 3693 956 3747 ea,
981 3693 1056 3754 quae
1079 3673 1256 3741 videbantur
1278 3693 1337 3738 non
1359 3674 1389 3736 in
1408 3673 1560 3738 altissimo
1579 3685 1617 3737 et
1638 3695 1704 3737 vas-

357 3762 475 3826 tissimo
499 3763 631 3836 aethere,
655 3762 709 3824 sed
732 3763 762 3824 in
784 3762 950 3826 humillima
972 3772 1004 3826 et
1027 3763 1241 3843 augustissima
1264 3764 1321 3826 bec
1343 3762 1483 3826 Tellure?
1526 3761 1705 3846 Quicunque

357 3852 488 3915 affirmat
508 3851 691 3915 destinatum
715 3870 789 3934 opos
812 3871 890 3928 esse,
914 3861 1092 3915 conventum
1115 3853 1222 3915 sideris
1247 3873 1313 3917 cum
1336 3853 1465 3935 planetis
1483 3853 1615 3934 junctis,
1643 3855 1704 3916 sal·

357 3951 419 4006 tem
443 3942 496 4019 sie,
519 3949 554 4004 ut
571 3942 669 4022 juncti
691 3943 831 4022 planetae
855 3941 1006 4022 objectum
1029 3941 1139 4006 fuerint
1160 3961 1282 4006 movens
1306 3943 1455 4006 occultum
1478 3950 1610 4006 naturae
1635 3963 1704 4005 sen-

359 4051 432 4106 sum,
457 4031 536 4094 idem
559 4031 648 4094 aliter
670 4051 703 4093 se
722 4051 779 4094 non
803 4033 952 4114 expediet,
976 4030 1034 4094 nisi
1056 4039 1091 4094 ut
1104 4031 1199 4094 eidem
1213 4040 1337 4112 naturae
1353 4040 1384 4095 et
1401 4031 1589 4095 intellectum
1608 4033 1705 4112 scrip-

358 4131 492 4185 turarum
514 4127 682 4184 nostrarum
705 4123 950 4203 astrologicarum
964 4128 996 4183 et
1014 4123 1221 4185 commercium
1237 4122 1346 4184 occulti
1363 4121 1541 4204 liguratiqne
1557 4123 1704 4185 sermonis

357 4211 481 4274 tribuat.
520 4211 563 4273 At
583 4210 657 4272 baec
678 4209 812 4274 tribuens
828 4211 994 4274 discursum
1014 4208 1253 4275 ratiocinationis
1264 4210 1365 4274 eidem
1375 4211 1500 4275 tribuit':
1524 4211 1705 4275 rationalem

360 4301 462 4384 itaque
486 4300 622 4380 spiritum
646 4300 787 4362 effecerit.
834 4302 878 4364 At
901 4319 992 4381 supra
1013 4301 1239 4380 protestabatur
1261 4301 1336 4364 baec
1367 4300 1533 4377 sententia,
1568 4321 1602 4364 se
1638 4303 1703 4363 rin-

359 4391 459 4453 dicare
482 4395 607 4452 naturae
631 4407 750 4452 sensum
773 4391 983 4465 astronomiae,
1007 4408 1064 4451 non
1089 4390 1224 4454 discursu
1247 4391 1423 4474 acquisitum
1448 4391 1502 4455 sed
1526 4391 1595 4472 lege
1617 4409 1703 4453 crea-

359 4481 450 4544 tionis
473 4479 656 4542 instinctnm.
694 4475 843 4562 Quicquid
866 4479 957 4562 igitur
979 4478 1145 4561 expedierit
1167 4481 1338 4563 conjectura
1354 4481 1481 4566 physica
1498 4479 1701 4543 machinarum

361 4570 397 4632 de
421 4589 493 4633 suae
517 4568 693 4650 disciplinae
723 4588 821 4650 penu:
859 4570 955 4632 adhuc
978 4568 1044 4630 Deo
1068 4569 1233 4634 architecto
1262 4590 1337 4654 opus
1369 4579 1430 4645 est,
1461 4569 1545 4652 cujus
1578 4569 1701 4633 oonsilio

362 4660 505 4723 stellein
528 4660 682 4723 concilium
705 4660 892 4741 planetarum
916 4658 1028 4722 veniat.
1239 4657 1244 4680 '

448 4748 531 4816 Esto,
549 4749 649 4824 etiarn,
674 4749 752 4832 quod
775 4750 894 4837 quaerit
915 4749 1103 4830 conjectura,
1128 4747 1259 4811 sufficiat
1280 4755 1388 4811 natura
1409 4748 1477 4811 huic
1501 4746 1698 4830 coaptationi:

363 4837 428 4918 quis
449 4837 585 4919 negabit,
615 4857 709 4921 penes
730 4838 828 4901 Deum
850 4838 948 4921 ipsum
970 4837 1160 4936 nihilominus
1183 4857 1251 4902 esse
1273 4837 1508 4902 moderationem
1531 4837 1625 4902 totius
1646 4835 1696 4913 rei,
