3674 5538
317 277 380 346 154
654 334 657 343 1
782 275 974 340 Paralipomsua
989 276 1016 328 ia
1033 275 1199 329 Uitellianam.

404 457 517 519 Verum
542 456 589 517 hic
617 475 725 536 operae
758 453 885 533 pretium
910 463 958 514 est
980 452 1095 526 videre,
1129 461 1272 535 qnantum
1305 455 1523 518 incommodum
1551 455 1665 518 haheat

314 545 456 626 ignorata
478 545 675 607 theorematis
698 541 923 604 demonstratio.
960 541 1044 602 Haeo
1064 543 1224 604 enimcum
1249 551 1386 606 auctores
1405 543 1520 624 aliquhs
1541 543 1662 624 fugerit,

314 635 515 708 factumest,
545 641 579 694 ut
611 632 791 693 theoremati
815 631 878 692 sine
909 629 1086 692 limitatione
1120 632 1276 692 credentes
1299 631 1330 693 in
1362 651 1502 712 magnum
1533 651 1664 694 errorem

316 721 484 784 inciderint.
522 719 642 783 Etenim
666 727 811 800 quotquot
834 720 890 780 hcc
904 720 992 781 modo
1016 718 1195 781 observatae
1210 728 1280 782 sunt
1302 720 1439 804 eclipses,
1465 738 1568 782 omnes
1592 722 1663 783 illae

316 811 409 873 multo
428 811 557 890 majores
572 809 601 869 in
622 810 705 871 coelo
729 815 900 882 evenerunt,
926 825 1013 887 quam
1037 809 1178 887 apparuit
1192 808 1222 868 in
1241 809 1334 884 radio,
1360 828 1462 871 omnes
1485 809 1663 872 diametrum

314 901 417 960 Lunae
441 901 470 960 in
494 898 578 959 coelo
600 898 694 960 multo
716 899 859 978 maj0rem
882 896 1090 970 exhibuerunt,
1114 915 1202 976 quam
1221 896 1251 958 in
1274 897 1370 960 radic.
1408 897 1486 959 Hinc
1502 906 1559 971 est,
1585 900 1661 982 quod

314 987 445 1066 phoenix
468 987 519 1048 ille
547 995 799 1060 astronomorum,
825 984 927 1067 Tycho
950 984 1068 1057 Brahe,
1098 984 1291 1046 mirabundus
1314 985 1343 1047 in
1374 987 1431 1048 has
1459 995 1583 1048 coactus
1606 987 1664 1048 fuit

313 1075 481 1154 angustias,
506 1083 539 1137 nt
562 1076 739 1137 diametrum
762 1075 867 1136 Lunae
890 1073 996 1153 quinta
1018 1092 1138 1153 semper
1158 1081 1246 1153 parte
1270 1075 1413 1136 minorem
1437 1093 1505 1136 esse
1528 1079 1660 1155 pronus-

312 1163 434 1224 tiaverit
448 1163 478 1225 in
498 1163 765 1244 conjunctionibus,
791 1181 878 1244 quam
897 1169 1025 1241 apparet
1045 1160 1074 1222 in
1093 1162 1341 1241 oppositionibus,
1367 1163 1501 1244 quamvis
1525 1163 1663 1244 utrinqne

312 1270 406 1331 aeque
430 1273 449 1312 a
471 1251 558 1315 nobis
582 1251 672 1314 absit.
718 1252 786 1316 Non
809 1259 910 1313 minen
934 1249 1077 1329 negarim,
1102 1250 1180 1312 alias
1202 1251 1294 1314 etiam
1318 1251 1442 1313 subesse
1466 1270 1585 1327 causas,
1611 1271 1663 1314 cur

313 1359 420 1401 revera
452 1341 585 1403 nonnihil
617 1340 712 1402 minor
749 1347 896 1420 appareat
928 1338 1032 1400 Lunae
1072 1338 1219 1401 diameter
1250 1339 1279 1401 in
1317 1341 1592 1419 conjunctionibus,
1625 1341 1662 1401 de

311 1428 417 1507 quibus
442 1428 529 1492 infra.

400 1525 516 1587 Tantas
539 1525 749 1599 difficultates,
780 1545 854 1605 quae
884 1524 998 1586 aditum
1021 1523 1107 1585 nobis
1131 1524 1168 1585 ad
1193 1523 1349 1604 eclipsium
1378 1525 1609 1604 praescientiam
1632 1534 1664 1587 et

314 1613 352 1673 ad
377 1623 516 1676 exactam
544 1623 642 1676 motus
670 1615 774 1676 Lunae
805 1613 1028 1675 restitutionem
1060 1613 1231 1687 obvallaut,
1264 1629 1352 1692 spero
1381 1633 1428 1674 me
1455 1613 1503 1676 his
1533 1614 1663 1694 pagellis
1717 1673 1723 1682 ,

312 1701 418 1762 tollere
452 1702 707 1765 demonstratione
740 1702 938 1764 theorematis
972 1701 1112 1781 expedita
1144 1709 1176 1761 et
1208 1701 1321 1780 apertis
1356 1720 1487 1763 errorum
1521 1703 1660 1776 fontibus,

313 1791 361 1869 qui
386 1791 457 1852 mihi
483 1810 520 1851 ex
543 1799 687 1853 accurata
717 1791 955 1852 consideratione
987 1789 1109 1872 deliquii
1132 1788 1249 1852 Solaria
1273 1789 1350 1871 quod
1375 1809 1452 1852 anno
1481 1785 1565 1854 1600
1588 1811 1661 1853 cou-

313 1878 393 1957 tigit,
418 1897 486 1939 sese
511 1877 737 1960 conspiciendos
762 1879 967 1941 exhibuerunt.

400 1979 591 2033 Definitio.
633 1980 663 2032 ln
685 1995 741 2032 una
771 1978 914 2048 superficie
944 1979 1054 2031 lucente
1080 1993 1142 2030 esse
1171 1976 1297 2031 dicuntur
1327 1977 1418 2031 omnia
1442 1980 1487 2032 rel
1514 1981 1662 2033 earundem

312 2073 375 2110 vere
401 2059 446 2111 rel
477 2059 645 2113 diversarum
676 2059 879 2128 superficierum
905 2063 1024 2128 puncta,
1051 2056 1186 2128 aquibus
1214 2058 1248 2109 ad
1268 2073 1361 2110 unum
1390 2057 1500 2128 aliquod
1514 2055 1662 2114 'remotum

312 2141 442 2205 punctum
463 2137 554 2191 lineae
574 2143 669 2192 rectae
689 2137 750 2191 duci
771 2144 899 2208 possunt,
928 2137 1073 2206 pyramide
1100 2136 1248 2200 facientes,
1277 2142 1428 2207 propterea
1448 2139 1518 2207 quod
1539 2137 1661 2210 pyramis

310 2215 360 2270 illa
381 2217 602 2286 perpendiculari
622 2218 708 2287 plano
727 2219 807 2271 unico
828 2217 917 2272 secari
938 2216 1113 2288 intelligitur.

398 2295 571 2350 Petatur:
593 2297 678 2352 Binai
699 2315 736 2351 ex
757 2299 852 2352 eodem
872 2298 982 2351 lucente
1003 2301 1105 2366 puncto
1131 2301 1207 2349 ortas
1234 2295 1323 2350 lineas
1351 2295 1579 2360 illuminatorias,
1608 2298 1662 2353 etsi

310 2390 411 2428 revera
431 2384 596 2431 concurrant
615 2377 644 2430 in
664 2377 717 2430 hac
744 2393 796 2430 sua
817 2375 939 2448 origine,
966 2377 989 2429 si
1015 2383 1107 2430 tamen
1135 2375 1278 2430 immanem
1302 2377 1428 2430 habeant
1456 2378 1662 2447 proportionem

310 2456 346 2506 ad
366 2455 454 2519 basin,
475 2471 531 2526 qua
551 2463 669 2527 utraque
690 2456 868 2520 connectitur,
891 2464 948 2510 tum
970 2455 1220 2526 aequidistantibus
1243 2458 1278 2510 ad
1300 2472 1408 2512 sensum
1430 2457 1614 2528 aequiparari.

398 2549 487 2628 Prop.
513 2552 537 2611 Ι.
585 2549 622 2613 Si
652 2551 798 2614 unicum
831 2551 874 2612 ad
906 2568 1052 2611 sensum
1085 2555 1259 2627 punctum
1294 2557 1415 2624 esset,
1451 2571 1470 2610 a
1498 2569 1564 2630 quo
1598 2549 1661 2614 lux

309 2647 570 2717 spargeretur,
594 2640 723 2702 radius
746 2639 782 2702 in
805 2638 951 2719 pariete
975 2646 1079 2699 recte
1103 2636 1254 2715 objecto
1278 2638 1437 2718 figuram
1460 2635 1661 2701 habiturus

310 2735 415 2788 esset
437 2726 592 2790 similem
618 2730 825 2802 fenestrae,
850 2745 1042 2806 perquam
1066 2732 1169 2786 recto
1191 2725 1330 2806 illapsu
1354 2727 1428 2787 fuit
1449 2727 1659 2807 ingressus;

310 2815 515 2895 eademque
546 2817 743 2896 proportio
774 2817 871 2878 foret
902 2813 1173 2877 dimetieutium
1207 2815 1374 2894 parietis
1406 2815 1592 2879 illustrati
1625 2825 1661 2876 at

309 2903 519 2980 fenestrae,
558 2925 647 2984 qnae
679 2913 739 2967 est
774 2904 1002 2966 discessurum
1037 2902 1232 2981 utriusque
1265 2921 1284 2964 a
1320 2905 1471 2965 lucente
1510 2912 1659 2985 puncto.

307 2989 366 3052 Est
392 2987 444 3057 99.
470 3003 501 3054 et
527 2991 598 3057 100.
624 2993 711 3074 primi
734 2991 919 3054 Vitellianis.

462 3097 515 3163 rig.
534 3096 577 3151 ⁴⁴·
819 3097 924 3160 Paries
948 3097 995 3158 vel
1018 3097 1140 3176 planum
1169 3103 1234 3157 esto
1258 3093 1390 3170 ABCD,
1424 3105 1564 3176 punctum
1587 3115 1659 3159 vero

731 3187 873 3248 lucensE
897 3186 925 3246 in
950 3184 1077 3258 sublimi,
1103 3193 1135 3246 et
1158 3184 1293 3262 fenestra
1314 3186 1513 3266 cujuscunque
1536 3187 1657 3266 figurae,

731 3275 890 3356 quaejam
917 3274 959 3334 sit
981 3271 1075 3347 ΕΘΗ,
1100 3275 1179 3336 inter
1201 3281 1356 3352 utrumque
1384 3274 1560 3353 interjecta;
1589 3275 1661 3336 des-

731 3365 839 3425 cendat
861 3383 933 3424 vero
957 3363 1213 3443 perpendicularis
1227 3380 1282 3442 per
1300 3379 1408 3444 corpus
1432 3363 1659 3438 translucidum,

732 3460 766 3514 ut
788 3459 898 3526 aerem,
923 3451 1001 3511 exE
1020 3451 1049 3512 in
1075 3459 1231 3531 utrumque
1252 3448 1326 3512 etO
1351 3458 1483 3512 centrum
1509 3451 1660 3513 fenestrae

731 3541 756 3602 F
758 3539 820 3602 GH
842 3549 881 3620 et
896 3540 1016 3618 planum
1040 3538 1156 3601 ABCD
1181 3558 1255 3619 quae
1280 3538 1322 3599 sit
1343 3538 1397 3601 EI.
1443 3541 1520 3602 Dico
1543 3549 1660 3621 partem

733 3627 899 3708 superficiei
923 3626 1038 3690 ABCD
1069 3628 1253 3689 illustratam
1284 3627 1322 3689 ab
1345 3627 1371 3688 E
1398 3637 1509 3706 puncto
1543 3632 1660 3692 lucente

732 3717 903 3778 habituram
926 3717 1052 3794 figuram
1075 3717 1202 3778 similem
1226 3717 1377 3777 fenestrae
1401 3715 1502 3793 FGH,
1532 3719 1590 3780 hoc
1613 3727 1660 3780 est

733 3805 836 3868 itidem
860 3804 1040 3884 triangulum
1063 3805 1093 3865 in
1116 3805 1299 3884 praesentia.

821 3893 1059 3955 Demonstratic.
1101 3891 1176 3956 Cum
1199 3893 1289 3973 igitur
1311 3899 1378 3954 tota
1402 3891 1483 3972 regio
1508 3893 1659 3956 fenestrae

733 3979 819 4044 FGH
835 3991 866 4043 et
880 3981 980 4043 omnia
999 3981 1064 4062 ejus
1088 3989 1199 4061 puncta
1221 3982 1282 4044 sint
1304 3981 1391 4042 obvia
1414 3989 1525 4061 punctu
1549 3983 1660 4046 lucenti

506 4117 508 4143 ,
527 4134 529 4142 ,
732 4069 830 4132 hinec
844 4070 1034 4151 interjectum
1054 4089 1181 4150 opacum
1200 4069 1360 4150 quippiam,
1385 4070 1495 4132 cadent
1510 4071 1540 4133 in
1561 4073 1660 4133 omnia

417 4199 422 4245 5
565 4139 572 4214 'u
665 4173 684 4213 Β
732 4159 807 4221 haec
840 4168 951 4238 puncta
982 4159 1059 4221 radii
1091 4178 1130 4220 ex
1159 4159 1185 4220 Ε
1220 4157 1311 4238 (Cap.
1336 4159 1361 4232 I,
1386 4155 1432 4232 2).
1480 4157 1583 4230 Quare
1616 4161 1658 4222 sic

556 4245 581 4322 “t
672 4319 674 4328 Ι
732 4249 823 4309 etiam
838 4265 892 4326 per
909 4247 1026 4309 infinita
1045 4255 1157 4328 puncta
1174 4247 1342 4326 marginum
1357 4247 1508 4309 fenestrae
1522 4249 1657 4311 infinitae

405 4329 588 4422 ἑῖ,
669 4329 672 4340 ’
731 4337 876 4398 ducentur
911 4335 1008 4398 lineae
1045 4343 1147 4398 rectae
1189 4336 1354 4398 radiantes.
1414 4337 1537 4399 Habeat
1572 4335 1659 4400 ΕΘΗ

399 4427 419 4449 ¹²
732 4425 866 4486 fenestra
889 4424 1086 4488 terminantes
1110 4424 1205 4486 lineas
1233 4433 1336 4486 rectas
1364 4431 1561 4506 quotcunque.
1609 4424 1659 4488 Sit

731 4531 789 4574 una
813 4529 914 4574 earum
937 4509 1004 4586 FG,
1029 4513 1147 4575 termini
1172 4511 1264 4591 igitur
1286 4511 1373 4592 hujus
1397 4514 1494 4577 lineae
1513 4516 1539 4577 F
1562 4522 1593 4578 ot
1617 4513 1656 4590 G,

308 4596 413 4672 quibus
439 4617 476 4660 ea
498 4599 525 4660 Ε
550 4609 767 4666 connectuntur
790 4602 865 4664 duae
893 4609 1015 4664 rectae:
1045 4619 1136 4680 quare
1161 4601 1260 4674 (Eucl.
1284 4599 1340 4675 XI,
1366 4599 1402 4676 2)
1426 4601 1510 4665 FGE
1534 4603 1658 4666 suntin

304 4683 409 4745 eadem
432 4689 597 4766 superficie.
635 4691 678 4753 Et
702 4689 801 4764 (Eucl.
832 4689 888 4764 Xl,
919 4689 949 4764 Ι)
973 4690 1073 4751 omnia
1095 4698 1208 4768 puncta
1231 4689 1384 4766 linearum,
1409 4691 1481 4765 EM,
1496 4691 1563 4767 ΕΚ,
1589 4709 1656 4756 reo-

303 4778 400 4833 tarum
424 4781 455 4833 et
478 4784 666 4860 quotcunque
689 4780 728 4842 ab
750 4777 778 4838 Ε
801 4777 989 4840 descendunt
1012 4775 1040 4838 iu
1064 4776 1120 4840 FG
1143 4778 1266 4840 suntin
1291 4797 1351 4842 una
1373 4773 1539 4860 superficie.
1585 4777 1656 4844 Jam

543 4479 658 4524 „c
