3718 5528
298 262 301 270 ’
327 285 393 354 290
819 285 992 334 metuemus
1010 283 1073 334 ee·
1091 281 1190 348 opnor.

328 464 440 520 nimiam
459 459 681 516 attenuationem
702 461 747 514 rel
768 477 822 514 non
842 461 888 512 rel
909 462 1065 533 aegerrime
1085 459 1181 516 metiri
1202 459 1317 529 pomit.“
1364 458 1450 520 Haeo
1473 457 1533 521 ille.
1590 459 1685 522 Dest-

329 561 405 616 nant
428 551 518 628 igitur
541 547 619 610 alias
648 567 756 610 causas
790 567 947 627 quaerere,
983 569 1048 610 cum
1081 548 1241 627 genuinam
1273 555 1408 608 cernant.
1468 545 1585 617 Quodsi
1617 548 1685 627 quis

330 642 450 704 credere
473 657 532 699 non
555 645 666 715 potest,
692 647 810 698 tantam
834 655 902 698 esse
925 639 985 698 rim
1010 636 1137 706 luminis,
1161 637 1239 716 quod
1255 638 1366 697 Terrae
1386 656 1404 696 a
1424 635 1495 698 Sole
1519 637 1686 698 mamoni-

331 741 426 802 catur,
451 728 477 790 ie
502 727 530 786 in
555 727 826 788 considerationem
850 726 954 788 trahat
977 726 1214 804 experimentum
1238 745 1349 798 meum,
1375 725 1454 804 quod
1477 726 1531 787 Nr.
1557 724 1587 790 9.
1612 745 1686 805 pro·

327 819 430 899 posui:
462 815 512 878 ubi
537 815 573 878 de
597 825 659 876 tam
693 816 801 894 exigua
830 814 966 894 portione
991 815 1121 886 Terrae,
1156 833 1232 892 quae
1256 815 1307 876 vix
1333 811 1373 876 10
1402 822 1456 876 ant
1481 812 1520 876 12
1544 815 1685 876 milliaria

325 907 460 970 habebat
481 905 511 964 iu
536 903 692 976 diametro,
718 913 749 966 et
772 904 858 964 lineis
882 904 1001 983 quidem
1025 921 1213 982 nequaquam
1236 901 1532 983 perpendicularibus
1557 905 1610 966 sed
1634 905 1684 966 rel

326 997 444 1074 oblique
467 994 516 1054 vel
538 991 628 1071 plane
652 992 856 1072 obliquissime
882 993 920 1052 ab
944 993 1087 1054 extremis
1111 991 1248 1070 partibus
1279 992 1498 1065 incidentibus,
1525 1000 1612 1054 tanta
1636 993 1684 1054 ris

324 1084 444 1148 luminis
469 1101 585 1144 sursum
609 1081 638 1142 in
663 1089 796 1142 montem
819 1080 939 1142 vibrata
963 1082 1027 1142 t'uit.
1075 1081 1117 1140 Et
1140 1081 1211 1160 quid
1234 1099 1292 1142 uon
1322 1081 1420 1158 possit
1442 1081 1519 1152 lieri,
1548 1083 1640 1142 radiis
1664 1102 1685 1142 a

323 1185 390 1236 tota
412 1183 512 1234 terrae
536 1171 685 1248 marisque
710 1169 787 1232 tacte
811 1169 968 1232 confertim
999 1177 1032 1230 et
1057 1169 1346 1247 perpendiculariter
1373 1170 1573 1232 exeuntibus?
1604 1167 1683 1240 Quin

324 1263 381 1324 hoc
404 1259 536 1340 quotidie
560 1259 688 1320 maxime
712 1259 838 1320 aestivis
863 1258 967 1320 diebus
992 1259 1020 1319 iu
1046 1258 1148 1320 oculos
1173 1257 1309 1330 incurrit,
1336 1265 1450 1339 quauta
1474 1259 1533 1322 diei
1557 1259 1682 1320 claritas

325 1353 454 1424 existat,
478 1347 550 1412 Sole
575 1349 685 1408 Terras
714 1347 835 1410 rectiori
863 1348 971 1424 angulo
1001 1347 1136 1409 l'erieute.
1182 1347 1261 1409 Nam
1285 1347 1379 1408 Terra
1407 1347 1569 1408 revibratis
1599 1347 1682 1408 orbi-

325 1439 466 1502 culariter
490 1435 571 1499 Solis
595 1436 687 1497 radiis
712 1437 840 1516 undique
865 1437 893 1498 in
918 1443 1018 1496 aerem
1042 1436 1178 1498 omuibus
1202 1436 1264 1496 suis
1288 1435 1425 1514 partibus
1450 1443 1567 1498 tautum
1592 1437 1684 1498 eflicit

325 1527 529 1609 splendorem,
564 1533 597 1586 ut
630 1525 707 1585 oculi
739 1526 930 1586 conniveant.
981 1525 1131 1586 Desinant
1163 1525 1253 1603 igitur
1283 1525 1473 1606 peripatetici
1505 1544 1683 1588 succensere

325 1617 505 1686 Plutarcho,
535 1614 613 1694 quod
636 1615 760 1676 Terram
784 1614 809 1672 is
834 1616 862 1674 in
887 1612 1002 1674 coelum
1029 1614 1179 1682 intulerit,
1203 1614 1260 1674 hoc
1283 1623 1332 1674 est
1354 1613 1458 1676 Lunae
1486 1633 1593 1694 corpus
1617 1622 1682 1675 ter·

327 1717 425 1770 restre
449 1723 517 1766 esse
542 1702 663 1762 tradat:
695 1721 760 1764 curn
784 1703 907 1763 videant
930 1701 1107 1763 certissimis
1136 1702 1348 1781 experimentis
1372 1710 1526 1778 constare,
1552 1703 1629 1783 qnod
1653 1703 1684 1764 in

327 1795 402 1860 lucis
427 1790 623 1866 consortium,
649 1792 766 1870 qualem
792 1792 910 1869 quidem
933 1791 1021 1852 Luna
1044 1791 1174 1866 obtinet,
1203 1791 1277 1854 haec
1306 1799 1410 1852 nostra
1433 1793 1528 1854 Terra
1555 1793 1682 1854 venerit.

329 1884 463 1946 Tandem
486 1900 568 1951 vero,
592 1880 641 1939 ubi
664 1880 859 1953 Plutarchus,
884 1881 932 1942 ubi
957 1881 1137 1942 Maestlinns
1167 1880 1270 1958 aequis
1295 1880 1324 1940 iu
1347 1881 1538 1961 philosophia
1561 1881 1684 1942 auribus

329 1973 440 2034 fuerint
470 1969 607 2049 accepti:
644 1977 704 2028 tum
737 1969 810 2028 hene
834 1969 1032 2030 Aristarchus
1063 1989 1130 2030 cum
1154 1967 1320 2047 Copernico
1345 1989 1398 2030 suo
1433 1971 1578 2050 discipulo
1609 1989 1683 2050 spe-

328 2081 394 2123 rare
419 2059 553 2138 incipiat.

416 2145 573 2209 Cornelius
599 2143 726 2204 Gemma
750 2141 981 2206 Cosmocritiocs
1007 2145 1057 2204 lih.
1082 2146 1108 2205 I.
1134 2163 1198 2224 cap.
1223 2141 1253 2207 8.
1289 2145 1403 2224 allegat
1426 2145 1620 2208 Plutarchum
1645 2167 1683 2210 ex

324 2237 425 2301 libello
450 2237 487 2296 de
511 2233 607 2312 gloria
620 2232 860 2306 Atheniensium,
887 2233 915 2291 in
940 2254 996 2311 qno
1021 2234 1064 2294 ait
1087 2235 1170 2293 illum
1194 2233 1324 2294 scribere
1349 2254 1406 2314 quo
1431 2247 1564 2318 tempore
1589 2258 1682 2318 supe-

324 2330 418 2389 riores
443 2324 554 2386 fuerint
578 2319 687 2383 Graeci
712 2322 790 2400 apud
809 2323 1026 2400 Farnagustam
1051 2321 1251 2396 (Salaminem
1274 2333 1346 2402 puto
1372 2325 1470 2386 dicere
1494 2325 1599 2400 voluit,
1623 2347 1681 2388 uon

327 2415 418 2498 Cypri
442 2413 560 2486 urbem,
590 2411 643 2470 sed
667 2411 794 2470 insulam
819 2411 901 2470 siuns
926 2412 1037 2483 Attici)
1072 2411 1148 2490 quod
1173 2411 1260 2472 Luna
1285 2413 1381 2473 adhuc
1410 2415 1532 2495 gracilis
1557 2415 1683 2494 impleta

324 2503 414 2568 luerit
445 2521 569 2564 accessu
598 2499 716 2562 luminis
749 2499 914 2578 repentino.
962 2499 996 2560 ld
1025 2501 1147 2562 tametsi
1181 2501 1261 2561 dicto
1298 2501 1398 2564 libello
1432 2506 1558 2566 totidem
1581 2503 1681 2568 verbis

325 2613 383 2656 nou
422 2594 543 2654 effertur
582 2590 672 2662 (baec
705 2589 785 2649 enim
816 2599 887 2648 sunt
909 2587 1064 2650 Plutarchi
1094 2591 1200 2651 verba:
1231 2612 1344 2650 vinoun
1374 2591 1543 2670 ἐπιλαμψεν
1565 2588 1583 2672 ἡ
1606 2598 1682 2664 deor

323 2683 527 2756 rescriptae),
551 2687 652 2739 tamen
677 2677 796 2756 siquid
822 2677 898 2738 l'orte
924 2679 984 2738 talc
1011 2676 1138 2738 Gemma
1172 2679 1200 2740 in
1225 2680 1283 2739 alio
1316 2681 1389 2758 legit
1412 2693 1549 2758 auctore,
1584 2683 1614 2744 id
1643 2684 1680 2744 de

323 2772 499 2836 hocLunae
524 2768 643 2840 lumine,
669 2767 747 2846 quod
771 2767 898 2828 aTerra
913 2777 1075 2842 mutuatur,
1099 2769 1304 2846 accipiendum
1330 2779 1391 2832 est:
1417 2773 1464 2834 cui
1487 2773 1581 2851 major
1596 2772 1682 2850 rigor

323 2863 362 2922 ab
387 2871 512 2921 externa
535 2857 636 2938 aliqua
660 2867 691 2916 et
714 2856 883 2918 adventitia
906 2875 999 2918 causa
1023 2858 1112 2918 luerit
1135 2855 1323 2918 conciliatus.

411 2949 503 3009 Porro
537 2947 593 3006 hoc
627 2944 761 3024 quamvis
794 2945 877 3006 tenui
909 2945 1018 3006 lumine
1051 2964 1111 3004 nou
1145 2945 1284 3022 exiguam
1316 2957 1424 3008 natura
1446 2949 1577 3026 gratiam
1600 2949 1681 3028 apud

323 3048 514 3098 astronomos
537 3033 618 3107 iniit,
654 3035 722 3094 doru
746 3042 811 3094 toto
836 3051 959 3112 corpore
993 3035 1156 3111 conspicua
1186 3053 1243 3093 non
1268 3042 1369 3094 tamen
1394 3037 1545 3116 extinguit
1569 3038 1682 3098 lumina

322 3127 448 3186 fixarum
471 3143 546 3201 quas
564 3122 698 3200 proxime
723 3121 863 3200 attingit:
899 3123 1033 3200 adeoque
1057 3141 1113 3184 non
1139 3124 1232 3182 semel
1255 3121 1338 3182 illam
1362 3125 1521 3186 observavi
1545 3127 1679 3203 proxime

322 3213 465 3274 Pleiadas
484 3221 627 3278 stantem,
653 3219 685 3270 ut
710 3229 766 3269 non
790 3212 911 3288 integra
934 3211 1080 3272 diametro
1104 3211 1235 3284 abesset,
1260 3212 1520 3274 intermicantibus
1536 3215 1679 3276 distincte

322 3301 459 3362 omnibus
484 3299 612 3359 stellulis
636 3298 801 3360 Pleiadum.
852 3300 892 3360 Ut
925 3307 1043 3359 taceam
1075 3301 1152 3378 quod
1181 3300 1358 3360 diametrum
1391 3313 1461 3362 tunc
1495 3305 1679 3364 metiendam

321 3407 409 3469 quarn
434 3387 600 3449 rectissime
626 3405 679 3446 nec
703 3405 759 3446 uno
785 3389 872 3447 modo
897 3387 1111 3448 accommodet.
1161 3389 1265 3468 ltaque
1299 3389 1379 3450 infra
1411 3391 1439 3451 iu
1474 3391 1678 3471 disputatione

322 3479 360 3539 de
383 3478 489 3540 Lunae
521 3473 668 3536 diametro
701 3495 767 3536 cum
792 3495 829 3536 ex
857 3477 912 3537 hoc
937 3477 1002 3537 loco
1026 3485 1088 3537 tum
1113 3495 1150 3536 ex
1174 3478 1367 3556 praecedenti
1398 3482 1497 3557 capite
1532 3482 1567 3542 de
1592 3481 1678 3542 oculo

322 3567 469 3648 capienda
503 3573 573 3626 sunt
605 3573 791 3644 argumenta.
845 3563 1020 3626 Clarissime
1054 3585 1195 3644 namque,
1230 3577 1264 3626 ut
1292 3573 1323 3626 et
1350 3569 1544 3647 praecedenti
1578 3572 1677 3650 capite

320 3655 443 3730 dictum,
470 3672 559 3716 cornu
585 3651 693 3714 aSole
717 3653 900 3716 illustratum
923 3654 1067 3733 majorem
1091 3663 1231 3716 censetur
1256 3655 1400 3718 ambitum
1424 3658 1565 3720 inchoare
1589 3679 1678 3740 quam

320 3747 459 3808 circellus
492 3743 542 3804 ille
575 3743 681 3822 reliqui
714 3742 804 3816 disci,
840 3745 922 3822 cujus
955 3743 1091 3804 aTerra
1118 3743 1170 3804 lux
1199 3752 1247 3804 est
1277 3755 1426 3820 mutuata,
1457 3749 1674 3830 complectitur.

319 3835 426 3914 Itaque
451 3833 604 3894 continere
628 3832 746 3892 videtur
774 3832 901 3894 circulus
927 3832 1003 3894 lueis
1028 3849 1065 3892 ex
1089 3829 1160 3892 Sole
1185 3830 1327 3892 circulum
1351 3833 1426 3896 locis
1450 3855 1488 3898 ex
1511 3837 1615 3908 Terra,
1639 3853 1678 3898 ex

318 3923 417 3984 altera
441 3923 558 4000 quidem
581 3928 679 3998 parte.

406 4011 562 4073 Hactenus
586 4008 679 4085 igitur
693 4009 780 4069 Luna
804 4028 860 4070 nou
885 4018 1002 4070 tantum
1027 4007 1138 4068 nullam
1155 4007 1250 4070 lucem
1264 4011 1408 4081 ostendit,
1433 4030 1522 4092 quam
1541 4015 1598 4078 sibi
1617 4017 1676 4095 ipsi

317 4109 473 4180 acceptam
498 4099 601 4170 ferret,
625 4098 679 4158 sed
704 4099 794 4158 etiam
819 4097 980 4158 densitatis
1004 4105 1035 4157 et
1050 4097 1212 4175 opacitatis
1237 4105 1284 4158 est
1299 4101 1447 4163 convicte.
1481 4101 1676 4184 Suspiciones

315 4207 387 4250 vero
412 4188 448 4249 de
472 4188 537 4248 luce
561 4185 591 4246 in
616 4186 762 4246 totalibus
791 4185 854 4245 suis
884 4185 1022 4264 deliquiis
1051 4185 1129 4245 infra
1153 4186 1283 4259 diluam,
1308 4187 1358 4248 uhi
1383 4188 1419 4250 de
1443 4191 1549 4254 umbra
1574 4213 1673 4274 egero.

315 4275 502 4340 Ostensurus
527 4291 654 4353 namque
679 4293 745 4334 sum
768 4273 845 4334 hanc
869 4292 984 4352 quoque
1008 4271 1197 4352 potissimum
1221 4293 1239 4334 a
1262 4273 1333 4337 Sole
1358 4279 1467 4346 venire.

594 4413 644 4475 il.
682 4413 733 4474 De
756 4412 873 4494 prima
895 4415 1000 4492 phasi
1025 4431 1089 4474 seu
1114 4422 1241 4475 exortu
1265 4415 1398 4481 Lunae.

403 4539 466 4604 Cur
489 4541 529 4602 ad
551 4538 678 4618 primam
697 4537 815 4600 Lunam
839 4547 900 4600 tam
925 4537 1087 4615 diligenter
1110 4537 1296 4606 attenderint
1319 4554 1436 4624 gentes,
1460 4568 1536 4629 quae
1559 4551 1674 4616 Lunari

313 4649 391 4691 anno
415 4629 585 4701 utebantur,
609 4626 720 4706 partim
735 4626 923 4690 Reinholdus
947 4627 976 4688 in
993 4624 1226 4689 Commentariis
1251 4633 1289 4694 ad
1304 4635 1505 4702 pamachium
1529 4643 1673 4719 ostendit,

312 4717 475 4780 novissime
508 4735 579 4776 vero
610 4724 642 4776 et
669 4715 899 4795 diligentissime
926 4713 1078 4792 Josephns
1106 4714 1245 4794 Scaliger
1275 4723 1350 4786 libro
1385 4728 1421 4787 da
1453 4727 1674 4794 Emendationg

312 4799 557 4885 Temporum,l⁷)
586 4804 671 4881 oqjm
700 4803 894 4883 multiplicem
919 4802 1116 4864 eruditionem
1146 4805 1214 4883 jure
1247 4811 1353 4875 merito
1382 4815 1528 4879 mirantur
1557 4835 1672 4895 omm,
