<?xml version="1.0" encoding="UTF-8"?>
<!DOCTYPE html PUBLIC "-//W3C//DTD XHTML 1.0 Transitional//EN"
    "http://www.w3.org/TR/xhtml1/DTD/xhtml1-transitional.dtd">
<html xmlns="http://www.w3.org/1999/xhtml" xml:lang="en" lang="en">
 <head>
  <title>
</title>
<meta http-equiv="Content-Type" content="text/html;charset=utf-8" />
  <meta name='ocr-system' content='tesseract 3.04.00' />
  <meta name='ocr-capabilities' content='ocr_page ocr_carea ocr_par ocr_line ocrx_word'/>
</head>
<body>
  <div class='ocr_page' id='page_1' title='image "./joanniskepleria02unkngoog/joanniskepleria02unkngoog_0152.png"; bbox 0 0 3674 5538; ppageno 0'>
   <div class='ocr_carea' id='block_1_1' title="bbox 649 281 1504 378">
    <p class='ocr_par' dir='ltr' id='par_1_1' title="bbox 649 281 1504 378">
     <span class='ocr_line' id='line_1_1' title="bbox 649 281 1504 378; baseline 0.001 -1"><span class='ocrx_word' id='word_1_1' title='bbox 649 281 655 296; x_wconf 87' lang='lat'>&#39;</span> <span class='ocrx_word' id='word_1_2' title='bbox 747 301 908 360; x_wconf 65' lang='lat' dir='ltr'>emm...</span> <span class='ocrx_word' id='word_1_3' title='bbox 1441 298 1504 378; x_wconf 82' lang='lat' dir='ltr'>rao</span> 
     </span>
    </p>
   </div>
   <div class='ocr_carea' id='block_1_2' title="bbox 147 482 1505 2519">
    <p class='ocr_par' dir='ltr' id='par_1_2' title="bbox 148 482 1504 1009">
     <span class='ocr_line' id='line_1_2' title="bbox 230 482 1504 566; baseline 0.007 -22"><span class='ocrx_word' id='word_1_4' title='bbox 230 482 327 546; x_wconf 89' lang='lat' dir='ltr'>Porro</span> <span class='ocrx_word' id='word_1_5' title='bbox 361 491 507 566; x_wconf 88' lang='lat' dir='ltr'>quantum</span> <span class='ocrx_word' id='word_1_6' title='bbox 538 483 705 547; x_wconf 76' lang='lat' dir='ltr'><strong>defectibus</strong></span> <span class='ocrx_word' id='word_1_7' title='bbox 736 484 877 546; x_wconf 88' lang='lat' dir='ltr'>luminum</span> <span class='ocrx_word' id='word_1_8' title='bbox 906 484 1085 564; x_wconf 90' lang='lat' dir='ltr'>adjuventur</span> <span class='ocrx_word' id='word_1_9' title='bbox 1107 485 1242 550; x_wconf 88' lang='lat' dir='ltr'>homines</span> <span class='ocrx_word' id='word_1_10' title='bbox 1266 489 1294 551; x_wconf 91' lang='lat' dir='ltr'>in</span> <span class='ocrx_word' id='word_1_11' title='bbox 1319 491 1504 554; x_wconf 75' lang='lat' dir='ltr'>astronomia</span> 
     </span>
     <span class='ocr_line' id='line_1_3' title="bbox 148 573 1503 655; baseline 0.007 -23"><span class='ocrx_word' id='word_1_12' title='bbox 148 580 226 641; x_wconf 87' lang='lat' dir='ltr'>tota.</span> <span class='ocrx_word' id='word_1_13' title='bbox 259 573 374 636; x_wconf 82' lang='lat' dir='ltr'>docent</span> <span class='ocrx_word' id='word_1_14' title='bbox 399 591 503 636; x_wconf 88' lang='lat' dir='ltr'>omues</span> <span class='ocrx_word' id='word_1_15' title='bbox 527 581 766 635; x_wconf 81' lang='lat' dir='ltr'>astronomorum</span> <span class='ocrx_word' id='word_1_16' title='bbox 790 573 866 636; x_wconf 83' lang='lat' dir='ltr'>libri.</span> <span class='ocrx_word' id='word_1_17' title='bbox 912 574 991 636; x_wconf 79' lang='lat' dir='ltr'>Nam</span> <span class='ocrx_word' id='word_1_18' title='bbox 1016 575 1094 655; x_wconf 92' lang='lat' dir='ltr'>quod</span> <span class='ocrx_word' id='word_1_19' title='bbox 1117 583 1214 638; x_wconf 89' lang='lat' dir='ltr'>motus</span> <span class='ocrx_word' id='word_1_20' title='bbox 1239 577 1320 640; x_wconf 91' lang='lat' dir='ltr'>Solis</span> <span class='ocrx_word' id='word_1_21' title='bbox 1343 588 1375 641; x_wconf 91' lang='lat' dir='ltr'>et</span> <span class='ocrx_word' id='word_1_22' title='bbox 1398 581 1503 642; x_wconf 85' lang='lat' dir='ltr'>Lunae</span> 
     </span>
     <span class='ocr_line' id='line_1_4' title="bbox 149 660 1502 748; baseline 0.007 -26"><span class='ocrx_word' id='word_1_23' title='bbox 149 660 256 722; x_wconf 75' lang='lat' dir='ltr'>attinet</span> <span class='ocrx_word' id='word_1_24' title='bbox 280 681 489 742; x_wconf 89' lang='lat' dir='ltr'>annorumque</span> <span class='ocrx_word' id='word_1_25' title='bbox 512 669 544 722; x_wconf 94' lang='lat' dir='ltr'>et</span> <span class='ocrx_word' id='word_1_26' title='bbox 566 662 711 724; x_wconf 89' lang='lat' dir='ltr'>mensium</span> <span class='ocrx_word' id='word_1_27' title='bbox 735 662 846 742; x_wconf 87' lang='lat' dir='ltr'>spatia,</span> <span class='ocrx_word' id='word_1_28' title='bbox 870 669 936 724; x_wconf 88' lang='lat' dir='ltr'>tota</span> <span class='ocrx_word' id='word_1_29' title='bbox 959 663 1035 725; x_wconf 90' lang='lat' dir='ltr'>haec</span> <span class='ocrx_word' id='word_1_30' title='bbox 1059 664 1198 726; x_wconf 91' lang='lat' dir='ltr'>doctriua</span> <span class='ocrx_word' id='word_1_31' title='bbox 1212 685 1249 728; x_wconf 84' lang='lat' dir='ltr'>ex</span> <span class='ocrx_word' id='word_1_32' title='bbox 1269 669 1335 730; x_wconf 90' lang='lat' dir='ltr'>sola</span> <span class='ocrx_word' id='word_1_33' title='bbox 1349 668 1502 748; x_wconf 87' lang='lat' dir='ltr'>eclipsiunr</span> 
     </span>
     <span class='ocr_line' id='line_1_5' title="bbox 149 750 1502 838; baseline 0.008 -29"><span class='ocrx_word' id='word_1_34' title='bbox 149 750 362 812; x_wconf 84' lang='lat' dir='ltr'>observatione</span> <span class='ocrx_word' id='word_1_35' title='bbox 387 751 513 831; x_wconf 89' lang='lat' dir='ltr'>primum</span> <span class='ocrx_word' id='word_1_36' title='bbox 537 758 586 812; x_wconf 92' lang='lat' dir='ltr'>est</span> <span class='ocrx_word' id='word_1_37' title='bbox 609 759 676 812; x_wconf 89' lang='lat' dir='ltr'>orta</span> <span class='ocrx_word' id='word_1_38' title='bbox 699 769 753 812; x_wconf 89' lang='lat' dir='ltr'>nec</span> <span class='ocrx_word' id='word_1_39' title='bbox 778 751 867 813; x_wconf 89' lang='lat' dir='ltr'>aliter</span> <span class='ocrx_word' id='word_1_40' title='bbox 890 751 1031 814; x_wconf 91' lang='lat' dir='ltr'>constitui</span> <span class='ocrx_word' id='word_1_41' title='bbox 1054 753 1170 833; x_wconf 90' lang='lat' dir='ltr'>potuit;</span> <span class='ocrx_word' id='word_1_42' title='bbox 1195 773 1230 816; x_wconf 90' lang='lat' dir='ltr'>ac</span> <span class='ocrx_word' id='word_1_43' title='bbox 1253 773 1290 817; x_wconf 87' lang='lat' dir='ltr'>ue</span> <span class='ocrx_word' id='word_1_44' title='bbox 1313 757 1410 820; x_wconf 88' lang='lat' dir='ltr'>limari</span> <span class='ocrx_word' id='word_1_45' title='bbox 1434 759 1502 838; x_wconf 92' lang='lat' dir='ltr'>qui-</span> 
     </span>
     <span class='ocr_line' id='line_1_6' title="bbox 148 839 1501 920; baseline 0.008 -22"><span class='ocrx_word' id='word_1_46' title='bbox 148 839 211 899; x_wconf 89' lang='lat' dir='ltr'>dem</span> <span class='ocrx_word' id='word_1_47' title='bbox 235 847 268 900; x_wconf 89' lang='lat' dir='ltr'>et</span> <span class='ocrx_word' id='word_1_48' title='bbox 290 839 421 920; x_wconf 87' lang='lat' dir='ltr'>expoliri</span> <span class='ocrx_word' id='word_1_49' title='bbox 445 839 572 920; x_wconf 89' lang='lat' dir='ltr'>amplius</span> <span class='ocrx_word' id='word_1_50' title='bbox 595 847 696 919; x_wconf 90' lang='lat' dir='ltr'>potest</span> <span class='ocrx_word' id='word_1_51' title='bbox 719 839 777 901; x_wconf 89' lang='lat' dir='ltr'>nisi</span> <span class='ocrx_word' id='word_1_52' title='bbox 801 839 970 902; x_wconf 84' lang='lat' dir='ltr'>defectibus</span> <span class='ocrx_word' id='word_1_53' title='bbox 994 841 1134 904; x_wconf 89' lang='lat' dir='ltr'>luminum</span> <span class='ocrx_word' id='word_1_54' title='bbox 1166 844 1335 908; x_wconf 85' lang='lat' dir='ltr'>accuratius</span> <span class='ocrx_word' id='word_1_55' title='bbox 1358 855 1390 908; x_wconf 87' lang='lat' dir='ltr'>et</span> <span class='ocrx_word' id='word_1_56' title='bbox 1412 847 1501 910; x_wconf 88' lang='lat' dir='ltr'>lima·</span> 
     </span>
     <span class='ocr_line' id='line_1_7' title="bbox 148 927 1047 1009; baseline 0.002 -21"><span class='ocrx_word' id='word_1_57' title='bbox 148 927 204 988; x_wconf 86' lang='lat' dir='ltr'>tius</span> <span class='ocrx_word' id='word_1_58' title='bbox 227 928 446 1003; x_wconf 88' lang='lat' dir='ltr'>consideratis,</span> <span class='ocrx_word' id='word_1_59' title='bbox 470 928 519 1008; x_wconf 91' lang='lat' dir='ltr'>qui</span> <span class='ocrx_word' id='word_1_60' title='bbox 542 929 628 1008; x_wconf 89' lang='lat' dir='ltr'>hujus</span> <span class='ocrx_word' id='word_1_61' title='bbox 653 928 719 990; x_wconf 90' lang='lat' dir='ltr'>libri</span> <span class='ocrx_word' id='word_1_62' title='bbox 744 946 852 1009; x_wconf 90' lang='lat' dir='ltr'>scopus</span> <span class='ocrx_word' id='word_1_63' title='bbox 876 935 931 990; x_wconf 91' lang='lat' dir='ltr'>est.</span> <span class='ocrx_word' id='word_1_64' title='bbox 1044 947 1047 952; x_wconf 91' lang='lat'>·</span> 
     </span>
    </p>

    <p class='ocr_par' dir='ltr' id='par_1_3' title="bbox 147 1014 1505 1630">
     <span class='ocr_line' id='line_1_8' title="bbox 233 1014 1503 1098; baseline 0.008 -22"><span class='ocrx_word' id='word_1_65' title='bbox 233 1014 305 1078; x_wconf 89' lang='lat' dir='ltr'>Jarn</span> <span class='ocrx_word' id='word_1_66' title='bbox 329 1019 381 1098; x_wconf 88' lang='lat' dir='ltr'>qui</span> <span class='ocrx_word' id='word_1_67' title='bbox 414 1017 621 1098; x_wconf 88' lang='lat' dir='ltr'>perpenderit,</span> <span class='ocrx_word' id='word_1_68' title='bbox 656 1035 744 1096; x_wconf 87' lang='lat' dir='ltr'>quarn</span> <span class='ocrx_word' id='word_1_69' title='bbox 778 1024 860 1079; x_wconf 85' lang='lat' dir='ltr'>arcte</span> <span class='ocrx_word' id='word_1_70' title='bbox 894 1025 962 1080; x_wconf 91' lang='lat' dir='ltr'>tota</span> <span class='ocrx_word' id='word_1_71' title='bbox 986 1018 1099 1098; x_wconf 89' lang='lat' dir='ltr'>reliqua</span> <span class='ocrx_word' id='word_1_72' title='bbox 1122 1020 1307 1082; x_wconf 87' lang='lat' dir='ltr'>astronomia</span> <span class='ocrx_word' id='word_1_73' title='bbox 1330 1041 1397 1084; x_wconf 87' lang='lat' dir='ltr'>curn</span> <span class='ocrx_word' id='word_1_74' title='bbox 1420 1021 1503 1086; x_wconf 89' lang='lat' dir='ltr'>Solis</span> 
     </span>
     <span class='ocr_line' id='line_1_9' title="bbox 148 1106 1503 1191; baseline 0.005 -25"><span class='ocrx_word' id='word_1_75' title='bbox 148 1113 229 1167; x_wconf 91' lang='lat' dir='ltr'>motu</span> <span class='ocrx_word' id='word_1_76' title='bbox 253 1107 413 1186; x_wconf 88' lang='lat' dir='ltr'>copuletur</span> <span class='ocrx_word' id='word_1_77' title='bbox 436 1113 636 1186; x_wconf 87' lang='lat' dir='ltr'>quantumque</span> <span class='ocrx_word' id='word_1_78' title='bbox 661 1106 747 1166; x_wconf 89' lang='lat' dir='ltr'>nobis</span> <span class='ocrx_word' id='word_1_79' title='bbox 770 1107 872 1182; x_wconf 90' lang='lat' dir='ltr'>Luna,</span> <span class='ocrx_word' id='word_1_80' title='bbox 908 1106 966 1168; x_wconf 93' lang='lat' dir='ltr'>diei</span> <span class='ocrx_word' id='word_1_81' title='bbox 990 1108 1145 1188; x_wconf 87' lang='lat' dir='ltr'>noctisque</span> <span class='ocrx_word' id='word_1_82' title='bbox 1168 1109 1340 1190; x_wconf 83' lang='lat' dir='ltr'>particeps,</span> <span class='ocrx_word' id='word_1_83' title='bbox 1370 1111 1503 1191; x_wconf 89' lang='lat' dir='ltr'>opitule-</span> 
     </span>
     <span class='ocr_line' id='line_1_10' title="bbox 148 1194 1501 1276; baseline 0.004 -22"><span class='ocrx_word' id='word_1_84' title='bbox 148 1204 204 1268; x_wconf 86' lang='lat' dir='ltr'>tur,</span> <span class='ocrx_word' id='word_1_85' title='bbox 224 1195 345 1274; x_wconf 88' lang='lat' dir='ltr'>quando</span> <span class='ocrx_word' id='word_1_86' title='bbox 369 1213 426 1257; x_wconf 90' lang='lat' dir='ltr'>nos</span> <span class='ocrx_word' id='word_1_87' title='bbox 450 1194 549 1257; x_wconf 90' lang='lat' dir='ltr'>omnia</span> <span class='ocrx_word' id='word_1_88' title='bbox 573 1195 634 1256; x_wconf 90' lang='lat' dir='ltr'>alia</span> <span class='ocrx_word' id='word_1_89' title='bbox 657 1195 758 1256; x_wconf 90' lang='lat' dir='ltr'>media</span> <span class='ocrx_word' id='word_1_90' title='bbox 780 1195 937 1256; x_wconf 81' lang='lat' dir='ltr'>deficiunt:</span> <span class='ocrx_word' id='word_1_91' title='bbox 967 1195 1035 1276; x_wconf 90' lang='lat' dir='ltr'>jure</span> <span class='ocrx_word' id='word_1_92' title='bbox 1060 1198 1179 1272; x_wconf 90' lang='lat' dir='ltr'>credet,</span> <span class='ocrx_word' id='word_1_93' title='bbox 1204 1197 1374 1261; x_wconf 88' lang='lat' dir='ltr'>universam</span> <span class='ocrx_word' id='word_1_94' title='bbox 1399 1209 1501 1262; x_wconf 88' lang='lat' dir='ltr'>astro-</span> 
     </span>
     <span class='ocr_line' id='line_1_11' title="bbox 148 1282 1505 1357; baseline 0.004 -13"><span class='ocrx_word' id='word_1_95' title='bbox 148 1283 275 1344; x_wconf 89' lang='lat' dir='ltr'>nomiam</span> <span class='ocrx_word' id='word_1_96' title='bbox 299 1283 347 1346; x_wconf 90' lang='lat' dir='ltr'>his</span> <span class='ocrx_word' id='word_1_97' title='bbox 372 1282 514 1346; x_wconf 89' lang='lat' dir='ltr'>luminum</span> <span class='ocrx_word' id='word_1_98' title='bbox 537 1283 797 1346; x_wconf 86' lang='lat' dir='ltr'>obscurationibus</span> <span class='ocrx_word' id='word_1_99' title='bbox 822 1283 923 1357; x_wconf 89' lang='lat' dir='ltr'>inniti,</span> <span class='ocrx_word' id='word_1_100' title='bbox 957 1285 1033 1345; x_wconf 89' lang='lat' dir='ltr'>adeo</span> <span class='ocrx_word' id='word_1_101' title='bbox 1065 1294 1099 1347; x_wconf 93' lang='lat' dir='ltr'>ut</span> <span class='ocrx_word' id='word_1_102' title='bbox 1125 1285 1184 1347; x_wconf 86' lang='lat' dir='ltr'>hae</span> <span class='ocrx_word' id='word_1_103' title='bbox 1216 1287 1407 1350; x_wconf 90' lang='lat' dir='ltr'>tenebrae</span> <span class='ocrx_word' id='word_1_104' title='bbox 1441 1289 1505 1350; x_wconf 91' lang='lat' dir='ltr'>siut</span> 
     </span>
     <span class='ocr_line' id='line_1_12' title="bbox 148 1371 1502 1449; baseline 0.005 -17"><span class='ocrx_word' id='word_1_105' title='bbox 148 1379 384 1434; x_wconf 85' lang='lat' dir='ltr'>astronomorum</span> <span class='ocrx_word' id='word_1_106' title='bbox 417 1371 526 1446; x_wconf 91' lang='lat' dir='ltr'>oculi,</span> <span class='ocrx_word' id='word_1_107' title='bbox 552 1373 582 1434; x_wconf 92' lang='lat' dir='ltr'>hi</span> <span class='ocrx_word' id='word_1_108' title='bbox 611 1372 788 1434; x_wconf 86' lang='lat' dir='ltr'>deiectus</span> <span class='ocrx_word' id='word_1_109' title='bbox 818 1373 972 1435; x_wconf 86' lang='lat' dir='ltr'>doctrinae</span> <span class='ocrx_word' id='word_1_110' title='bbox 1004 1373 1065 1435; x_wconf 90' lang='lat' dir='ltr'>sint</span> <span class='ocrx_word' id='word_1_111' title='bbox 1097 1374 1295 1449; x_wconf 89' lang='lat' dir='ltr'>abundantia,</span> <span class='ocrx_word' id='word_1_112' title='bbox 1325 1376 1356 1438; x_wconf 91' lang='lat' dir='ltr'>hi</span> <span class='ocrx_word' id='word_1_113' title='bbox 1392 1379 1502 1439; x_wconf 87' lang='lat' dir='ltr'>naevi</span> 
     </span>
     <span class='ocr_line' id='line_1_13' title="bbox 147 1460 1502 1541; baseline 0.004 -19"><span class='ocrx_word' id='word_1_114' title='bbox 147 1469 263 1522; x_wconf 88' lang='lat' dir='ltr'>ruentes</span> <span class='ocrx_word' id='word_1_115' title='bbox 286 1461 460 1523; x_wconf 83' lang='lat' dir='ltr'>mortalium</span> <span class='ocrx_word' id='word_1_116' title='bbox 482 1461 714 1541; x_wconf 80' lang='lat' dir='ltr'>preciosissimis</span> <span class='ocrx_word' id='word_1_117' title='bbox 738 1460 906 1540; x_wconf 89' lang='lat' dir='ltr'>picturis</span> <span class='ocrx_word' id='word_1_118' title='bbox 930 1463 1092 1525; x_wconf 85' lang='lat' dir='ltr'>illustrent.</span> <span class='ocrx_word' id='word_1_119' title='bbox 1140 1461 1168 1525; x_wconf 93' lang='lat'>0</span> <span class='ocrx_word' id='word_1_120' title='bbox 1188 1464 1327 1526; x_wconf 84' lang='lat' dir='ltr'>eximium</span> <span class='ocrx_word' id='word_1_121' title='bbox 1350 1471 1383 1526; x_wconf 90' lang='lat' dir='ltr'>et</span> <span class='ocrx_word' id='word_1_122' title='bbox 1405 1467 1502 1528; x_wconf 90' lang='lat' dir='ltr'>omui·</span> 
     </span>
     <span class='ocr_line' id='line_1_14' title="bbox 148 1549 1313 1630; baseline 0.003 -20"><span class='ocrx_word' id='word_1_123' title='bbox 148 1551 201 1610; x_wconf 89' lang='lat' dir='ltr'>bus</span> <span class='ocrx_word' id='word_1_124' title='bbox 227 1550 368 1630; x_wconf 84' lang='lat' dir='ltr'>gentibus</span> <span class='ocrx_word' id='word_1_125' title='bbox 393 1549 632 1612; x_wconf 85' lang='lat' dir='ltr'>commendabile</span> <span class='ocrx_word' id='word_1_126' title='bbox 656 1559 862 1629; x_wconf 88' lang='lat' dir='ltr'>augumentum</span> <span class='ocrx_word' id='word_1_127' title='bbox 887 1551 923 1611; x_wconf 90' lang='lat' dir='ltr'>de</span> <span class='ocrx_word' id='word_1_128' title='bbox 947 1551 1097 1612; x_wconf 89' lang='lat' dir='ltr'>umbrae</span> <span class='ocrx_word' id='word_1_129' title='bbox 1122 1552 1313 1614; x_wconf 91' lang='lat' dir='ltr'>laudibus.</span> 
     </span>
    </p>

    <p class='ocr_par' dir='ltr' id='par_1_4' title="bbox 148 1635 1503 2161">
     <span class='ocr_line' id='line_1_15' title="bbox 237 1635 1503 1719; baseline 0.002 -19"><span class='ocrx_word' id='word_1_130' title='bbox 237 1635 406 1709; x_wconf 88' lang='lat' dir='ltr'>Quantitas</span> <span class='ocrx_word' id='word_1_131' title='bbox 429 1639 531 1719; x_wconf 91' lang='lat' dir='ltr'>itaque</span> <span class='ocrx_word' id='word_1_132' title='bbox 556 1638 682 1718; x_wconf 83' lang='lat' dir='ltr'>speciei,</span> <span class='ocrx_word' id='word_1_133' title='bbox 718 1657 806 1718; x_wconf 86' lang='lat' dir='ltr'>quam</span> <span class='ocrx_word' id='word_1_134' title='bbox 830 1640 917 1700; x_wconf 87' lang='lat' dir='ltr'>Luna</span> <span class='ocrx_word' id='word_1_135' title='bbox 941 1639 1032 1702; x_wconf 91' lang='lat' dir='ltr'>Solve</span> <span class='ocrx_word' id='word_1_136' title='bbox 1063 1659 1116 1701; x_wconf 91' lang='lat' dir='ltr'>seu</span> <span class='ocrx_word' id='word_1_137' title='bbox 1139 1641 1256 1719; x_wconf 85' lang='lat' dir='ltr'>integer</span> <span class='ocrx_word' id='word_1_138' title='bbox 1283 1661 1336 1703; x_wconf 93' lang='lat' dir='ltr'>seu</span> <span class='ocrx_word' id='word_1_139' title='bbox 1361 1642 1503 1704; x_wconf 82' lang='lat' dir='ltr'>deliniens</span> 
     </span>
     <span class='ocr_line' id='line_1_16' title="bbox 148 1727 1500 1808; baseline 0.003 -20"><span class='ocrx_word' id='word_1_140' title='bbox 148 1727 234 1790; x_wconf 88' lang='lat' dir='ltr'>nobis</span> <span class='ocrx_word' id='word_1_141' title='bbox 257 1729 408 1802; x_wconf 84' lang='lat' dir='ltr'>ostendit,</span> <span class='ocrx_word' id='word_1_142' title='bbox 433 1727 630 1808; x_wconf 84' lang='lat' dir='ltr'>umbraeque,</span> <span class='ocrx_word' id='word_1_143' title='bbox 657 1745 745 1807; x_wconf 87' lang='lat' dir='ltr'>quarn</span> <span class='ocrx_word' id='word_1_144' title='bbox 761 1727 863 1789; x_wconf 89' lang='lat' dir='ltr'>Tellus</span> <span class='ocrx_word' id='word_1_145' title='bbox 888 1728 927 1789; x_wconf 88' lang='lat' dir='ltr'>ad</span> <span class='ocrx_word' id='word_1_146' title='bbox 941 1728 1058 1789; x_wconf 88' lang='lat' dir='ltr'>Lunam</span> <span class='ocrx_word' id='word_1_147' title='bbox 1082 1729 1228 1806; x_wconf 82' lang='lat' dir='ltr'>extendit,</span> <span class='ocrx_word' id='word_1_148' title='bbox 1254 1739 1427 1792; x_wconf 87' lang='lat' dir='ltr'>astronomo</span> <span class='ocrx_word' id='word_1_149' title='bbox 1452 1732 1500 1792; x_wconf 92' lang='lat' dir='ltr'>di-</span> 
     </span>
     <span class='ocr_line' id='line_1_17' title="bbox 149 1815 1503 1900; baseline 0.003 -24"><span class='ocrx_word' id='word_1_150' title='bbox 149 1817 278 1896; x_wconf 84' lang='lat' dir='ltr'>ligenter</span> <span class='ocrx_word' id='word_1_151' title='bbox 301 1824 349 1878; x_wconf 87' lang='lat' dir='ltr'>est</span> <span class='ocrx_word' id='word_1_152' title='bbox 372 1815 595 1896; x_wconf 88' lang='lat' dir='ltr'>investiganda.</span> <span class='ocrx_word' id='word_1_153' title='bbox 643 1815 807 1878; x_wconf 87' lang='lat' dir='ltr'>Stellarum</span> <span class='ocrx_word' id='word_1_154' title='bbox 838 1823 1005 1879; x_wconf 85' lang='lat' dir='ltr'>ceterarum</span> <span class='ocrx_word' id='word_1_155' title='bbox 1029 1817 1174 1879; x_wconf 89' lang='lat' dir='ltr'>diametri</span> <span class='ocrx_word' id='word_1_156' title='bbox 1202 1826 1328 1882; x_wconf 86' lang='lat' dir='ltr'>eatenus</span> <span class='ocrx_word' id='word_1_157' title='bbox 1352 1839 1503 1900; x_wconf 88' lang='lat' dir='ltr'>quaerun-</span> 
     </span>
     <span class='ocr_line' id='line_1_18' title="bbox 150 1905 1503 1988; baseline 0.004 -24"><span class='ocrx_word' id='word_1_158' title='bbox 150 1911 216 1979; x_wconf 89' lang='lat' dir='ltr'>tur,</span> <span class='ocrx_word' id='word_1_159' title='bbox 251 1913 400 1986; x_wconf 87' lang='lat' dir='ltr'>quatenus</span> <span class='ocrx_word' id='word_1_160' title='bbox 427 1905 587 1985; x_wconf 84' lang='lat' dir='ltr'>ignoratae</span> <span class='ocrx_word' id='word_1_161' title='bbox 618 1905 845 1966; x_wconf 85' lang='lat' dir='ltr'>obseruationes</span> <span class='ocrx_word' id='word_1_162' title='bbox 879 1906 987 1968; x_wconf 85' lang='lat' dir='ltr'>infidus</span> <span class='ocrx_word' id='word_1_163' title='bbox 1011 1907 1182 1969; x_wconf 83' lang='lat' dir='ltr'>redditurae</span> <span class='ocrx_word' id='word_1_164' title='bbox 1206 1915 1331 1970; x_wconf 89' lang='lat' dir='ltr'>suntet</span> <span class='ocrx_word' id='word_1_165' title='bbox 1355 1915 1503 1988; x_wconf 89' lang='lat' dir='ltr'>quatenus</span> 
     </span>
     <span class='ocr_line' id='line_1_19' title="bbox 149 1992 1503 2075; baseline 0.003 -22"><span class='ocrx_word' id='word_1_166' title='bbox 149 1994 255 2055; x_wconf 89' lang='lat' dir='ltr'>eadem</span> <span class='ocrx_word' id='word_1_167' title='bbox 288 1995 369 2057; x_wconf 88' lang='lat' dir='ltr'>circa</span> <span class='ocrx_word' id='word_1_168' title='bbox 402 1994 487 2071; x_wconf 89' lang='lat' dir='ltr'>illas,</span> <span class='ocrx_word' id='word_1_169' title='bbox 526 2011 601 2075; x_wconf 86' lang='lat' dir='ltr'>qnae</span> <span class='ocrx_word' id='word_1_170' title='bbox 634 1994 716 2056; x_wconf 88' lang='lat' dir='ltr'>circa</span> <span class='ocrx_word' id='word_1_171' title='bbox 739 1992 820 2056; x_wconf 87' lang='lat' dir='ltr'>Solis</span> <span class='ocrx_word' id='word_1_172' title='bbox 851 2002 884 2055; x_wconf 90' lang='lat' dir='ltr'>et</span> <span class='ocrx_word' id='word_1_173' title='bbox 911 1994 1015 2056; x_wconf 88' lang='lat' dir='ltr'>Lunae</span> <span class='ocrx_word' id='word_1_174' title='bbox 1039 2013 1194 2075; x_wconf 90' lang='lat' dir='ltr'>corporum</span> <span class='ocrx_word' id='word_1_175' title='bbox 1218 1997 1313 2059; x_wconf 91' lang='lat' dir='ltr'>moles</span> <span class='ocrx_word' id='word_1_176' title='bbox 1347 1997 1425 2059; x_wconf 87' lang='lat' dir='ltr'>scire</span> <span class='ocrx_word' id='word_1_177' title='bbox 1449 2017 1503 2058; x_wconf 90' lang='lat' dir='ltr'>sa-</span> 
     </span>
     <span class='ocr_line' id='line_1_20' title="bbox 149 2083 291 2161; baseline 0.028 -19"><span class='ocrx_word' id='word_1_178' title='bbox 149 2083 291 2161; x_wconf 86' lang='lat' dir='ltr'>tagimns.</span> 
     </span>
    </p>

    <p class='ocr_par' dir='ltr' id='par_1_5' title="bbox 150 2169 1504 2341">
     <span class='ocr_line' id='line_1_21' title="bbox 239 2169 1504 2252; baseline -0.002 -18"><span class='ocrx_word' id='word_1_179' title='bbox 239 2171 364 2252; x_wconf 87' lang='lat' dir='ltr'>Species</span> <span class='ocrx_word' id='word_1_180' title='bbox 389 2179 490 2234; x_wconf 90' lang='lat' dir='ltr'>autem</span> <span class='ocrx_word' id='word_1_181' title='bbox 515 2169 584 2233; x_wconf 90' lang='lat' dir='ltr'>illae</span> <span class='ocrx_word' id='word_1_182' title='bbox 608 2171 647 2232; x_wconf 87' lang='lat' dir='ltr'>ad</span> <span class='ocrx_word' id='word_1_183' title='bbox 671 2189 725 2232; x_wconf 91' lang='lat' dir='ltr'>nos</span> <span class='ocrx_word' id='word_1_184' title='bbox 749 2171 935 2234; x_wconf 90' lang='lat' dir='ltr'>descendunt</span> <span class='ocrx_word' id='word_1_185' title='bbox 958 2171 1099 2234; x_wconf 88' lang='lat' dir='ltr'>beneficio</span> <span class='ocrx_word' id='word_1_186' title='bbox 1123 2173 1198 2236; x_wconf 90' lang='lat' dir='ltr'>lucis</span> <span class='ocrx_word' id='word_1_187' title='bbox 1220 2174 1251 2236; x_wconf 92' lang='lat' dir='ltr'>in</span> <span class='ocrx_word' id='word_1_188' title='bbox 1275 2171 1346 2236; x_wconf 86' lang='lat' dir='ltr'>Solo</span> <span class='ocrx_word' id='word_1_189' title='bbox 1370 2172 1504 2236; x_wconf 86' lang='lat' dir='ltr'>directae</span> 
     </span>
     <span class='ocr_line' id='line_1_22' title="bbox 150 2260 882 2341; baseline 0.001 -21"><span class='ocrx_word' id='word_1_190' title='bbox 150 2271 180 2321; x_wconf 87' lang='lat' dir='ltr'>et</span> <span class='ocrx_word' id='word_1_191' title='bbox 202 2261 358 2341; x_wconf 89' lang='lat' dir='ltr'>propriae,</span> <span class='ocrx_word' id='word_1_192' title='bbox 381 2260 413 2322; x_wconf 94' lang='lat' dir='ltr'>in</span> <span class='ocrx_word' id='word_1_193' title='bbox 441 2260 524 2322; x_wconf 87' lang='lat' dir='ltr'>Luna</span> <span class='ocrx_word' id='word_1_194' title='bbox 547 2260 676 2322; x_wconf 81' lang='lat' dir='ltr'>reflexae</span> <span class='ocrx_word' id='word_1_195' title='bbox 701 2266 732 2320; x_wconf 90' lang='lat' dir='ltr'>et</span> <span class='ocrx_word' id='word_1_196' title='bbox 756 2260 882 2322; x_wconf 90' lang='lat' dir='ltr'>alienae.</span> 
     </span>
    </p>

    <p class='ocr_par' dir='ltr' id='par_1_6' title="bbox 151 2347 1505 2519">
     <span class='ocr_line' id='line_1_23' title="bbox 239 2347 1504 2430; baseline -0.001 -19"><span class='ocrx_word' id='word_1_197' title='bbox 239 2347 325 2420; x_wconf 86' lang='lat' dir='ltr'>Quas</span> <span class='ocrx_word' id='word_1_198' title='bbox 350 2347 481 2430; x_wconf 87' lang='lat' dir='ltr'>speeies,</span> <span class='ocrx_word' id='word_1_199' title='bbox 513 2349 570 2410; x_wconf 91' lang='lat' dir='ltr'>etsi</span> <span class='ocrx_word' id='word_1_200' title='bbox 595 2349 723 2410; x_wconf 89' lang='lat' dir='ltr'>omnium</span> <span class='ocrx_word' id='word_1_201' title='bbox 749 2349 843 2410; x_wconf 91' lang='lat' dir='ltr'>oculis</span> <span class='ocrx_word' id='word_1_202' title='bbox 867 2357 938 2410; x_wconf 87' lang='lat' dir='ltr'>sunt</span> <span class='ocrx_word' id='word_1_203' title='bbox 959 2349 1080 2425; x_wconf 88' lang='lat' dir='ltr'>obviae,</span> <span class='ocrx_word' id='word_1_204' title='bbox 1106 2349 1268 2412; x_wconf 82' lang='lat' dir='ltr'>difficulter</span> <span class='ocrx_word' id='word_1_205' title='bbox 1289 2357 1393 2412; x_wconf 90' lang='lat' dir='ltr'>tamen</span> <span class='ocrx_word' id='word_1_206' title='bbox 1416 2367 1504 2411; x_wconf 89' lang='lat' dir='ltr'>meu·</span> 
     </span>
     <span class='ocr_line' id='line_1_24' title="bbox 151 2437 1505 2519; baseline 0.004 -24"><span class='ocrx_word' id='word_1_207' title='bbox 151 2438 246 2501; x_wconf 77' lang='lat' dir='ltr'>surani</span> <span class='ocrx_word' id='word_1_208' title='bbox 270 2456 374 2500; x_wconf 88' lang='lat' dir='ltr'>omues</span> <span class='ocrx_word' id='word_1_209' title='bbox 399 2447 561 2518; x_wconf 88' lang='lat' dir='ltr'>queruntur</span> <span class='ocrx_word' id='word_1_210' title='bbox 584 2447 822 2500; x_wconf 88' lang='lat' dir='ltr'>astronomomm</span> <span class='ocrx_word' id='word_1_211' title='bbox 846 2438 994 2500; x_wconf 86' lang='lat' dir='ltr'>artifices:</span> <span class='ocrx_word' id='word_1_212' title='bbox 1027 2439 1138 2519; x_wconf 90' lang='lat' dir='ltr'>partim</span> <span class='ocrx_word' id='word_1_213' title='bbox 1162 2439 1239 2518; x_wconf 89' lang='lat' dir='ltr'>quod</span> <span class='ocrx_word' id='word_1_214' title='bbox 1264 2446 1388 2519; x_wconf 88' lang='lat' dir='ltr'>aspectu</span> <span class='ocrx_word' id='word_1_215' title='bbox 1413 2437 1505 2500; x_wconf 80' lang='lat' dir='ltr'>exilia</span> 
     </span>
    </p>
   </div>
   <div class='ocr_carea' id='block_1_3' title="bbox 150 2527 1588 2607">
    <p class='ocr_par' dir='ltr' id='par_1_7' title="bbox 150 2527 1588 2607">
     <span class='ocr_line' id='line_1_25' title="bbox 150 2527 1588 2607; baseline 0.001 -21"><span class='ocrx_word' id='word_1_216' title='bbox 150 2527 211 2588; x_wconf 85' lang='lat' dir='ltr'>sint</span> <span class='ocrx_word' id='word_1_217' title='bbox 233 2545 374 2607; x_wconf 87' lang='lat' dir='ltr'>corpora,</span> <span class='ocrx_word' id='word_1_218' title='bbox 398 2527 509 2606; x_wconf 88' lang='lat' dir='ltr'>partim</span> <span class='ocrx_word' id='word_1_219' title='bbox 533 2527 611 2607; x_wconf 87' lang='lat' dir='ltr'>quod</span> <span class='ocrx_word' id='word_1_220' title='bbox 636 2527 746 2589; x_wconf 87' lang='lat' dir='ltr'>eximia</span> <span class='ocrx_word' id='word_1_221' title='bbox 770 2528 835 2588; x_wconf 90' lang='lat' dir='ltr'>luce</span> <span class='ocrx_word' id='word_1_222' title='bbox 859 2528 961 2588; x_wconf 88' lang='lat' dir='ltr'>oeulos</span> <span class='ocrx_word' id='word_1_223' title='bbox 985 2527 1220 2607; x_wconf 87' lang='lat' dir='ltr'>praestringant,</span> <span class='ocrx_word' id='word_1_224' title='bbox 1247 2545 1304 2607; x_wconf 92' lang='lat' dir='ltr'>quo</span> <span class='ocrx_word' id='word_1_225' title='bbox 1323 2527 1421 2589; x_wconf 90' lang='lat' dir='ltr'>miuus</span> <span class='ocrx_word' id='word_1_226' title='bbox 1436 2527 1505 2588; x_wconf 83' lang='lat' dir='ltr'>olli·-</span> <span class='ocrx_word' id='word_1_227' title='bbox 1579 2533 1588 2538; x_wconf 84' lang='lat'>&#39;</span> 
     </span>
    </p>
   </div>
   <div class='ocr_carea' id='block_1_4' title="bbox 143 2614 1505 4117">
    <p class='ocr_par' dir='ltr' id='par_1_8' title="bbox 143 2614 1505 4117">
     <span class='ocr_line' id='line_1_26' title="bbox 150 2614 1505 2696; baseline -0.001 -20"><span class='ocrx_word' id='word_1_228' title='bbox 150 2617 228 2678; x_wconf 85' lang='lat' dir='ltr'>cium</span> <span class='ocrx_word' id='word_1_229' title='bbox 252 2617 283 2678; x_wconf 93' lang='lat' dir='ltr'>iu</span> <span class='ocrx_word' id='word_1_230' title='bbox 306 2615 436 2677; x_wconf 86' lang='lat' dir='ltr'>ridendo</span> <span class='ocrx_word' id='word_1_231' title='bbox 460 2615 584 2678; x_wconf 85' lang='lat' dir='ltr'>iaciant.</span> <span class='ocrx_word' id='word_1_232' title='bbox 634 2616 677 2679; x_wconf 84' lang='lat' dir='ltr'>At</span> <span class='ocrx_word' id='word_1_233' title='bbox 701 2634 737 2676; x_wconf 92' lang='lat' dir='ltr'>ne</span> <span class='ocrx_word' id='word_1_234' title='bbox 770 2614 826 2677; x_wconf 91' lang='lat' dir='ltr'>hoc</span> <span class='ocrx_word' id='word_1_235' title='bbox 850 2616 969 2696; x_wconf 89' lang='lat' dir='ltr'>quidem</span> <span class='ocrx_word' id='word_1_236' title='bbox 999 2615 1063 2677; x_wconf 94' lang='lat' dir='ltr'>loco</span> <span class='ocrx_word' id='word_1_237' title='bbox 1088 2615 1221 2677; x_wconf 89' lang='lat' dir='ltr'>discendi</span> <span class='ocrx_word' id='word_1_238' title='bbox 1245 2616 1372 2696; x_wconf 89' lang='lat' dir='ltr'>cupidos</span> <span class='ocrx_word' id='word_1_239' title='bbox 1395 2624 1505 2677; x_wconf 87' lang='lat' dir='ltr'>natura</span> 
     </span>
     <span class='ocr_line' id='line_1_27' title="bbox 149 2703 1504 2784; baseline -0.001 -19"><span class='ocrx_word' id='word_1_240' title='bbox 149 2705 307 2779; x_wconf 89' lang='lat' dir='ltr'>destituit,</span> <span class='ocrx_word' id='word_1_241' title='bbox 331 2712 504 2766; x_wconf 87' lang='lat' dir='ltr'>monstrata</span> <span class='ocrx_word' id='word_1_242' title='bbox 526 2704 658 2779; x_wconf 90' lang='lat' dir='ltr'>ratione,</span> <span class='ocrx_word' id='word_1_243' title='bbox 684 2723 742 2784; x_wconf 86' lang='lat' dir='ltr'>qua</span> <span class='ocrx_word' id='word_1_244' title='bbox 766 2704 831 2766; x_wconf 87' lang='lat' dir='ltr'>sinc</span> <span class='ocrx_word' id='word_1_245' title='bbox 855 2704 1005 2766; x_wconf 89' lang='lat' dir='ltr'>oculorum</span> <span class='ocrx_word' id='word_1_246' title='bbox 1029 2703 1209 2766; x_wconf 88' lang='lat' dir='ltr'>detrimento</span> <span class='ocrx_word' id='word_1_247' title='bbox 1232 2704 1262 2765; x_wconf 92' lang='lat' dir='ltr'>iu</span> <span class='ocrx_word' id='word_1_248' title='bbox 1286 2703 1419 2766; x_wconf 87' lang='lat' dir='ltr'>tenebris</span> <span class='ocrx_word' id='word_1_249' title='bbox 1433 2721 1504 2782; x_wconf 87' lang='lat' dir='ltr'>per-</span> 
     </span>
     <span class='ocr_line' id='line_1_28' title="bbox 149 2792 1503 2874; baseline -0.003 -18"><span class='ocrx_word' id='word_1_250' title='bbox 149 2794 323 2868; x_wconf 88' lang='lat' dir='ltr'>ficeremus,</span> <span class='ocrx_word' id='word_1_251' title='bbox 349 2793 427 2874; x_wconf 87' lang='lat' dir='ltr'>quod</span> <span class='ocrx_word' id='word_1_252' title='bbox 450 2793 480 2855; x_wconf 94' lang='lat' dir='ltr'>iu</span> <span class='ocrx_word' id='word_1_253' title='bbox 506 2792 589 2855; x_wconf 90' lang='lat' dir='ltr'>clara</span> <span class='ocrx_word' id='word_1_254' title='bbox 612 2793 690 2863; x_wconf 89' lang='lat' dir='ltr'>luce,</span> <span class='ocrx_word' id='word_1_255' title='bbox 725 2793 840 2854; x_wconf 87' lang='lat' dir='ltr'>directa</span> <span class='ocrx_word' id='word_1_256' title='bbox 863 2794 892 2855; x_wconf 92' lang='lat' dir='ltr'>iu</span> <span class='ocrx_word' id='word_1_257' title='bbox 917 2792 1019 2855; x_wconf 90' lang='lat' dir='ltr'>Solem</span> <span class='ocrx_word' id='word_1_258' title='bbox 1042 2792 1126 2854; x_wconf 87' lang='lat' dir='ltr'>visus</span> <span class='ocrx_word' id='word_1_259' title='bbox 1150 2792 1230 2866; x_wconf 87' lang='lat' dir='ltr'>acie,</span> <span class='ocrx_word' id='word_1_260' title='bbox 1259 2793 1348 2874; x_wconf 86' lang='lat' dir='ltr'>plane</span> <span class='ocrx_word' id='word_1_261' title='bbox 1373 2799 1421 2853; x_wconf 89' lang='lat' dir='ltr'>est</span> <span class='ocrx_word' id='word_1_262' title='bbox 1443 2793 1503 2852; x_wconf 91' lang='lat' dir='ltr'>im-</span> 
     </span>
     <span class='ocr_line' id='line_1_29' title="bbox 149 2879 1504 2962; baseline -0.004 -18"><span class='ocrx_word' id='word_1_263' title='bbox 149 2883 307 2962; x_wconf 87' lang='lat' dir='ltr'>possibile.</span> <span class='ocrx_word' id='word_1_264' title='bbox 355 2879 415 2952; x_wconf 87' lang='lat' dir='ltr'>Qui</span> <span class='ocrx_word' id='word_1_265' title='bbox 439 2881 544 2942; x_wconf 89' lang='lat' dir='ltr'>modus</span> <span class='ocrx_word' id='word_1_266' title='bbox 568 2900 634 2944; x_wconf 89' lang='lat' dir='ltr'>cum</span> <span class='ocrx_word' id='word_1_267' title='bbox 659 2882 700 2943; x_wconf 89' lang='lat' dir='ltr'>sit</span> <span class='ocrx_word' id='word_1_268' title='bbox 732 2890 763 2943; x_wconf 92' lang='lat' dir='ltr'>et</span> <span class='ocrx_word' id='word_1_269' title='bbox 786 2883 984 2945; x_wconf 90' lang='lat' dir='ltr'>admiratione</span> <span class='ocrx_word' id='word_1_270' title='bbox 1017 2881 1124 2961; x_wconf 89' lang='lat' dir='ltr'>dignus</span> <span class='ocrx_word' id='word_1_271' title='bbox 1149 2889 1181 2942; x_wconf 89' lang='lat' dir='ltr'>et</span> <span class='ocrx_word' id='word_1_272' title='bbox 1202 2880 1442 2960; x_wconf 88' lang='lat' dir='ltr'>ingeniosissima</span> <span class='ocrx_word' id='word_1_273' title='bbox 1466 2880 1504 2940; x_wconf 92' lang='lat' dir='ltr'>ab</span> 
     </span>
     <span class='ocr_line' id='line_1_30' title="bbox 151 2969 1501 3051; baseline -0.004 -18"><span class='ocrx_word' id='word_1_274' title='bbox 151 2971 318 3033; x_wconf 83' lang='lat' dir='ltr'>artificibus</span> <span class='ocrx_word' id='word_1_275' title='bbox 343 2970 559 3051; x_wconf 88' lang='lat' dir='ltr'>apprehensus,</span> <span class='ocrx_word' id='word_1_276' title='bbox 584 2971 691 3048; x_wconf 93' lang='lat' dir='ltr'>dignus</span> <span class='ocrx_word' id='word_1_277' title='bbox 716 2979 764 3032; x_wconf 89' lang='lat' dir='ltr'>est</span> <span class='ocrx_word' id='word_1_278' title='bbox 787 2977 820 3033; x_wconf 94' lang='lat' dir='ltr'>ut</span> <span class='ocrx_word' id='word_1_279' title='bbox 843 2991 900 3032; x_wconf 90' lang='lat' dir='ltr'>nou</span> <span class='ocrx_word' id='word_1_280' title='bbox 924 2969 993 3032; x_wconf 89' lang='lat' dir='ltr'>vilis</span> <span class='ocrx_word' id='word_1_281' title='bbox 1008 2972 1087 3050; x_wconf 91' lang='lat' dir='ltr'>apud</span> <span class='ocrx_word' id='word_1_282' title='bbox 1111 2979 1300 3032; x_wconf 89' lang='lat' dir='ltr'>astronomos</span> <span class='ocrx_word' id='word_1_283' title='bbox 1324 2977 1355 3032; x_wconf 90' lang='lat' dir='ltr'>et</span> <span class='ocrx_word' id='word_1_284' title='bbox 1378 2969 1501 3048; x_wconf 89' lang='lat' dir='ltr'>neglec-</span> 
     </span>
     <span class='ocr_line' id='line_1_31' title="bbox 150 3058 1500 3140; baseline -0.003 -19"><span class='ocrx_word' id='word_1_285' title='bbox 150 3069 199 3122; x_wconf 86' lang='lat' dir='ltr'>tus</span> <span class='ocrx_word' id='word_1_286' title='bbox 222 3061 387 3135; x_wconf 89' lang='lat' dir='ltr'>habeatur,</span> <span class='ocrx_word' id='word_1_287' title='bbox 412 3060 465 3120; x_wconf 91' lang='lat' dir='ltr'>sed</span> <span class='ocrx_word' id='word_1_288' title='bbox 481 3059 671 3138; x_wconf 86' lang='lat' dir='ltr'>geometricis</span> <span class='ocrx_word' id='word_1_289' title='bbox 687 3059 992 3122; x_wconf 87' lang='lat' dir='ltr'>demonstrationibus</span> <span class='ocrx_word' id='word_1_290' title='bbox 1012 3067 1133 3122; x_wconf 89' lang='lat' dir='ltr'>ornetur</span> <span class='ocrx_word' id='word_1_291' title='bbox 1147 3059 1350 3140; x_wconf 83' lang='lat' dir='ltr'>exemplisque</span> <span class='ocrx_word' id='word_1_292' title='bbox 1364 3058 1500 3119; x_wconf 88' lang='lat' dir='ltr'>illustre-</span> 
     </span>
     <span class='ocr_line' id='line_1_32' title="bbox 149 3140 1502 3230; baseline -0.001 -20"><span class='ocrx_word' id='word_1_293' title='bbox 149 3159 207 3224; x_wconf 87' lang='lat' dir='ltr'>tur,</span> <span class='ocrx_word' id='word_1_294' title='bbox 234 3150 315 3230; x_wconf 89' lang='lat' dir='ltr'>quod</span> <span class='ocrx_word' id='word_1_295' title='bbox 341 3148 449 3210; x_wconf 91' lang='lat' dir='ltr'>abhinc</span> <span class='ocrx_word' id='word_1_296' title='bbox 472 3148 600 3210; x_wconf 91' lang='lat' dir='ltr'>triennio</span> <span class='ocrx_word' id='word_1_297' title='bbox 623 3169 641 3210; x_wconf 91' lang='lat' dir='ltr'>a</span> <span class='ocrx_word' id='word_1_298' title='bbox 662 3167 709 3208; x_wconf 87' lang='lat' dir='ltr'>rue</span> <span class='ocrx_word' id='word_1_299' title='bbox 734 3150 847 3210; x_wconf 86' lang='lat' dir='ltr'>iactum</span> <span class='ocrx_word' id='word_1_300' title='bbox 870 3149 1029 3211; x_wconf 89' lang='lat' dir='ltr'>occasione</span> <span class='ocrx_word' id='word_1_301' title='bbox 1046 3149 1194 3228; x_wconf 88' lang='lat' dir='ltr'>eclipseos</span> <span class='ocrx_word' id='word_1_302' title='bbox 1216 3146 1299 3211; x_wconf 90' lang='lat' dir='ltr'>Solis</span> <span class='ocrx_word' id='word_1_303' title='bbox 1317 3146 1389 3209; x_wconf 87' lang='lat' dir='ltr'>anui</span> <span class='ocrx_word' id='word_1_304' title='bbox 1408 3140 1502 3217; x_wconf 85' lang='grc'>1600,</span> 
     </span>
     <span class='ocr_line' id='line_1_33' title="bbox 149 3235 1502 3319; baseline -0.003 -19"><span class='ocrx_word' id='word_1_305' title='bbox 149 3240 177 3300; x_wconf 92' lang='lat' dir='ltr'>iu</span> <span class='ocrx_word' id='word_1_306' title='bbox 201 3257 269 3300; x_wconf 90' lang='lat' dir='ltr'>eum</span> <span class='ocrx_word' id='word_1_307' title='bbox 296 3238 346 3319; x_wconf 91' lang='lat' dir='ltr'>qui</span> <span class='ocrx_word' id='word_1_308' title='bbox 369 3237 460 3317; x_wconf 87' lang='lat' dir='ltr'>paulo</span> <span class='ocrx_word' id='word_1_309' title='bbox 483 3247 555 3317; x_wconf 92' lang='lat' dir='ltr'>post</span> <span class='ocrx_word' id='word_1_310' title='bbox 577 3237 712 3317; x_wconf 92' lang='lat' dir='ltr'>sequitur</span> <span class='ocrx_word' id='word_1_311' title='bbox 734 3238 870 3313; x_wconf 88' lang='lat' dir='ltr'>modum,</span> <span class='ocrx_word' id='word_1_312' title='bbox 902 3238 928 3298; x_wconf 93' lang='lat' dir='ltr'>si</span> <span class='ocrx_word' id='word_1_313' title='bbox 951 3237 1033 3318; x_wconf 90' lang='lat' dir='ltr'>prius</span> <span class='ocrx_word' id='word_1_314' title='bbox 1057 3237 1158 3318; x_wconf 89' lang='lat' dir='ltr'>aliqua</span> <span class='ocrx_word' id='word_1_315' title='bbox 1180 3237 1376 3317; x_wconf 89' lang='lat' dir='ltr'>praemisero.</span> <span class='ocrx_word' id='word_1_316' title='bbox 1422 3235 1502 3297; x_wconf 89' lang='lat' dir='ltr'>Nam</span> 
     </span>
     <span class='ocr_line' id='line_1_34' title="bbox 149 3324 1504 3407; baseline -0.003 -19"><span class='ocrx_word' id='word_1_317' title='bbox 149 3327 218 3407; x_wconf 87' lang='lat' dir='ltr'>quia</span> <span class='ocrx_word' id='word_1_318' title='bbox 241 3345 300 3389; x_wconf 90' lang='lat' dir='ltr'>nou</span> <span class='ocrx_word' id='word_1_319' title='bbox 326 3333 446 3388; x_wconf 88' lang='lat' dir='ltr'>tautum</span> <span class='ocrx_word' id='word_1_320' title='bbox 471 3326 508 3387; x_wconf 92' lang='lat' dir='ltr'>de</span> <span class='ocrx_word' id='word_1_321' title='bbox 532 3326 646 3388; x_wconf 90' lang='lat' dir='ltr'>directo</span> <span class='ocrx_word' id='word_1_322' title='bbox 667 3327 719 3387; x_wconf 89' lang='lat' dir='ltr'>sed</span> <span class='ocrx_word' id='word_1_323' title='bbox 743 3327 834 3388; x_wconf 89' lang='lat' dir='ltr'>etiam</span> <span class='ocrx_word' id='word_1_324' title='bbox 849 3328 886 3388; x_wconf 93' lang='lat' dir='ltr'>de</span> <span class='ocrx_word' id='word_1_325' title='bbox 900 3344 1077 3407; x_wconf 88' lang='lat' dir='ltr'>repercusso</span> <span class='ocrx_word' id='word_1_326' title='bbox 1093 3333 1124 3388; x_wconf 92' lang='lat' dir='ltr'>et</span> <span class='ocrx_word' id='word_1_327' title='bbox 1146 3326 1277 3388; x_wconf 86' lang='lat' dir='ltr'>refracto</span> <span class='ocrx_word' id='word_1_328' title='bbox 1300 3325 1385 3387; x_wconf 90' lang='lat' dir='ltr'>radio</span> <span class='ocrx_word' id='word_1_329' title='bbox 1407 3324 1504 3385; x_wconf 89' lang='lat' dir='ltr'>multa</span> 
     </span>
     <span class='ocr_line' id='line_1_35' title="bbox 149 3411 1503 3496; baseline -0.003 -20"><span class='ocrx_word' id='word_1_330' title='bbox 149 3417 359 3478; x_wconf 86' lang='lat' dir='ltr'>a-Vitellione</span> <span class='ocrx_word' id='word_1_331' title='bbox 382 3415 612 3495; x_wconf 90' lang='lat' dir='ltr'>praetermissa,</span> <span class='ocrx_word' id='word_1_332' title='bbox 643 3415 751 3488; x_wconf 90' lang='lat' dir='ltr'>multa,</span> <span class='ocrx_word' id='word_1_333' title='bbox 778 3433 901 3496; x_wconf 91' lang='lat' dir='ltr'>quorum</span> <span class='ocrx_word' id='word_1_334' title='bbox 924 3423 992 3478; x_wconf 90' lang='lat' dir='ltr'>erat</span> <span class='ocrx_word' id='word_1_335' title='bbox 1015 3436 1034 3475; x_wconf 89' lang='lat' dir='ltr'>a</span> <span class='ocrx_word' id='word_1_336' title='bbox 1056 3415 1147 3495; x_wconf 91' lang='lat' dir='ltr'>priori</span> <span class='ocrx_word' id='word_1_337' title='bbox 1171 3415 1249 3476; x_wconf 90' lang='lat' dir='ltr'>ratio</span> <span class='ocrx_word' id='word_1_338' title='bbox 1273 3413 1439 3484; x_wconf 88' lang='lat' dir='ltr'>reddenda,</span> <span class='ocrx_word' id='word_1_339' title='bbox 1465 3411 1503 3472; x_wconf 87' lang='lat' dir='ltr'>ab</span> 
     </span>
     <span class='ocr_line' id='line_1_36' title="bbox 150 3501 1502 3586; baseline -0.004 -20"><span class='ocrx_word' id='word_1_340' title='bbox 150 3505 337 3586; x_wconf 86' lang='lat' dir='ltr'>experientia</span> <span class='ocrx_word' id='word_1_341' title='bbox 360 3511 480 3565; x_wconf 87' lang='lat' dir='ltr'>tantum</span> <span class='ocrx_word' id='word_1_342' title='bbox 504 3503 654 3565; x_wconf 87' lang='lat' dir='ltr'>accersita</span> <span class='ocrx_word' id='word_1_343' title='bbox 678 3503 761 3566; x_wconf 91' lang='lat' dir='ltr'>etin</span> <span class='ocrx_word' id='word_1_344' title='bbox 785 3504 996 3583; x_wconf 88' lang='lat' dir='ltr'>principiorum</span> <span class='ocrx_word' id='word_1_345' title='bbox 1021 3505 1117 3567; x_wconf 89' lang='lat' dir='ltr'>locum</span> <span class='ocrx_word' id='word_1_346' title='bbox 1143 3504 1293 3566; x_wconf 87' lang='lat' dir='ltr'>collocata</span> <span class='ocrx_word' id='word_1_347' title='bbox 1316 3511 1400 3564; x_wconf 88' lang='lat' dir='ltr'>sunt:</span> <span class='ocrx_word' id='word_1_348' title='bbox 1432 3501 1502 3581; x_wconf 89' lang='lat' dir='ltr'>pla·</span> 
     </span>
     <span class='ocr_line' id='line_1_37' title="bbox 147 3592 1503 3675; baseline -0.005 -19"><span class='ocrx_word' id='word_1_349' title='bbox 147 3597 207 3656; x_wconf 89' lang='lat' dir='ltr'>cuit</span> <span class='ocrx_word' id='word_1_350' title='bbox 227 3595 302 3658; x_wconf 89' lang='lat' dir='ltr'>milri</span> <span class='ocrx_word' id='word_1_351' title='bbox 328 3600 428 3658; x_wconf 88' lang='lat' dir='ltr'>totam</span> <span class='ocrx_word' id='word_1_352' title='bbox 450 3593 527 3656; x_wconf 89' lang='lat' dir='ltr'>lucis</span> <span class='ocrx_word' id='word_1_353' title='bbox 551 3601 688 3653; x_wconf 89' lang='lat' dir='ltr'>naturam</span> <span class='ocrx_word' id='word_1_354' title='bbox 711 3592 802 3671; x_wconf 90' lang='lat' dir='ltr'>paulo</span> <span class='ocrx_word' id='word_1_355' title='bbox 829 3592 961 3671; x_wconf 88' lang='lat' dir='ltr'>penitius</span> <span class='ocrx_word' id='word_1_356' title='bbox 984 3593 1136 3675; x_wconf 90' lang='lat' dir='ltr'>inspicere·</span> <span class='ocrx_word' id='word_1_357' title='bbox 1157 3601 1188 3654; x_wconf 91' lang='lat' dir='ltr'>et</span> <span class='ocrx_word' id='word_1_358' title='bbox 1211 3611 1263 3661; x_wconf 88' lang='lat' dir='ltr'>ea,</span> <span class='ocrx_word' id='word_1_359' title='bbox 1298 3609 1373 3672; x_wconf 90' lang='lat' dir='ltr'>quae</span> <span class='ocrx_word' id='word_1_360' title='bbox 1405 3607 1503 3668; x_wconf 89' lang='lat' dir='ltr'>appa-</span> 
     </span>
     <span class='ocr_line' id='line_1_38' title="bbox 147 3677 1502 3766; baseline -0.007 -22"><span class='ocrx_word' id='word_1_361' title='bbox 147 3693 227 3755; x_wconf 88' lang='lat' dir='ltr'>rent,</span> <span class='ocrx_word' id='word_1_362' title='bbox 252 3689 404 3766; x_wconf 91' lang='lat' dir='ltr'>quantum</span> <span class='ocrx_word' id='word_1_363' title='bbox 428 3680 457 3743; x_wconf 94' lang='lat' dir='ltr'>iu</span> <span class='ocrx_word' id='word_1_364' title='bbox 481 3681 657 3762; x_wconf 86' lang='lat' dir='ltr'>praesentia</span> <span class='ocrx_word' id='word_1_365' title='bbox 679 3681 742 3742; x_wconf 89' lang='lat' dir='ltr'>fleri</span> <span class='ocrx_word' id='word_1_366' title='bbox 765 3682 865 3760; x_wconf 90' lang='lat' dir='ltr'>potuit</span> <span class='ocrx_word' id='word_1_367' title='bbox 888 3681 926 3742; x_wconf 91' lang='lat' dir='ltr'>ad</span> <span class='ocrx_word' id='word_1_368' title='bbox 950 3701 1006 3744; x_wconf 90' lang='lat' dir='ltr'>sua</span> <span class='ocrx_word' id='word_1_369' title='bbox 1027 3682 1174 3763; x_wconf 90' lang='lat' dir='ltr'>principia</span> <span class='ocrx_word' id='word_1_370' title='bbox 1196 3697 1355 3742; x_wconf 89' lang='lat' dir='ltr'>revocare:</span> <span class='ocrx_word' id='word_1_371' title='bbox 1390 3678 1415 3739; x_wconf 91' lang='lat' dir='ltr'>si</span> <span class='ocrx_word' id='word_1_372' title='bbox 1439 3677 1502 3736; x_wconf 84' lang='lat' dir='ltr'>ior·</span> 
     </span>
     <span class='ocr_line' id='line_1_39' title="bbox 147 3765 1503 3850; baseline -0.009 -14"><span class='ocrx_word' id='word_1_373' title='bbox 147 3783 225 3836; x_wconf 84' lang='lat' dir='ltr'>tasse</span> <span class='ocrx_word' id='word_1_374' title='bbox 250 3771 346 3835; x_wconf 80' lang='lat' dir='ltr'>futuri</span> <span class='ocrx_word' id='word_1_375' title='bbox 373 3771 436 3832; x_wconf 91' lang='lat' dir='ltr'>sint</span> <span class='ocrx_word' id='word_1_376' title='bbox 461 3770 604 3844; x_wconf 89' lang='lat' dir='ltr'>lectores,</span> <span class='ocrx_word' id='word_1_377' title='bbox 640 3788 763 3850; x_wconf 90' lang='lat' dir='ltr'>quorum</span> <span class='ocrx_word' id='word_1_378' title='bbox 795 3770 916 3850; x_wconf 89' lang='lat' dir='ltr'>ingenia</span> <span class='ocrx_word' id='word_1_379' title='bbox 946 3771 984 3831; x_wconf 90' lang='lat' dir='ltr'>ad</span> <span class='ocrx_word' id='word_1_380' title='bbox 1017 3770 1191 3850; x_wconf 91' lang='lat' dir='ltr'>indaganda</span> <span class='ocrx_word' id='word_1_381' title='bbox 1221 3767 1297 3830; x_wconf 87' lang='lat' dir='ltr'>lucis</span> <span class='ocrx_word' id='word_1_382' title='bbox 1321 3784 1433 3828; x_wconf 89' lang='lat' dir='ltr'>aroana</span> <span class='ocrx_word' id='word_1_383' title='bbox 1457 3765 1503 3824; x_wconf 87' lang='lat' dir='ltr'>bis</span> 
     </span>
     <span class='ocr_line' id='line_1_40' title="bbox 145 3853 1502 3944; baseline -0.008 -21"><span class='ocrx_word' id='word_1_384' title='bbox 145 3859 404 3944; x_wconf 84' lang='lat' dir='ltr'>disputationibus</span> <span class='ocrx_word' id='word_1_385' title='bbox 423 3857 520 3938; x_wconf 88' lang='lat' dir='ltr'>magis</span> <span class='ocrx_word' id='word_1_386' title='bbox 545 3860 593 3921; x_wconf 84' lang='lat' dir='ltr'>uel</span> <span class='ocrx_word' id='word_1_387' title='bbox 617 3858 743 3920; x_wconf 87' lang='lat' dir='ltr'>excitari</span> <span class='ocrx_word' id='word_1_388' title='bbox 767 3859 814 3920; x_wconf 91' lang='lat' dir='ltr'>vel</span> <span class='ocrx_word' id='word_1_389' title='bbox 839 3859 930 3921; x_wconf 86' lang='lat' dir='ltr'>etiam</span> <span class='ocrx_word' id='word_1_390' title='bbox 950 3858 1051 3938; x_wconf 85' lang='lat' dir='ltr'>juvari</span> <span class='ocrx_word' id='word_1_391' title='bbox 1074 3856 1202 3938; x_wconf 86' lang='lat' dir='ltr'>possint.</span> <span class='ocrx_word' id='word_1_392' title='bbox 1250 3853 1429 3936; x_wconf 86' lang='lat' dir='ltr'>Quanquam</span> <span class='ocrx_word' id='word_1_393' title='bbox 1444 3869 1502 3912; x_wconf 90' lang='lat' dir='ltr'>uon</span> 
     </span>
     <span class='ocr_line' id='line_1_41' title="bbox 144 3947 1501 4032; baseline -0.01 -18"><span class='ocrx_word' id='word_1_394' title='bbox 144 3953 300 4016; x_wconf 87' lang='lat' dir='ltr'>admodum</span> <span class='ocrx_word' id='word_1_395' title='bbox 325 3957 456 4032; x_wconf 87' lang='lat' dir='ltr'>praeter</span> <span class='ocrx_word' id='word_1_396' title='bbox 478 3947 650 4009; x_wconf 91' lang='lat' dir='ltr'>institutum</span> <span class='ocrx_word' id='word_1_397' title='bbox 675 3947 751 4008; x_wconf 85' lang='lat' dir='ltr'>ista:</span> <span class='ocrx_word' id='word_1_398' title='bbox 776 3967 832 4010; x_wconf 90' lang='lat' dir='ltr'>uec</span> <span class='ocrx_word' id='word_1_399' title='bbox 856 3947 933 4009; x_wconf 89' lang='lat' dir='ltr'>euim</span> <span class='ocrx_word' id='word_1_400' title='bbox 957 3966 1054 4032; x_wconf 82' lang='lat' dir='ltr'>pauca</span> <span class='ocrx_word' id='word_1_401' title='bbox 1069 3953 1140 4010; x_wconf 92' lang='lat' dir='ltr'>suut</span> <span class='ocrx_word' id='word_1_402' title='bbox 1163 3953 1335 4006; x_wconf 86' lang='lat' dir='ltr'>astronomo</span> <span class='ocrx_word' id='word_1_403' title='bbox 1358 3959 1413 4022; x_wconf 89' lang='lat' dir='ltr'>per</span> <span class='ocrx_word' id='word_1_404' title='bbox 1435 3959 1501 4001; x_wconf 86' lang='lat' dir='ltr'>om-</span> 
     </span>
     <span class='ocr_line' id='line_1_42' title="bbox 143 4036 743 4117; baseline -0.013 -13"><span class='ocrx_word' id='word_1_405' title='bbox 143 4063 191 4104; x_wconf 87' lang='lat' dir='ltr'>nes</span> <span class='ocrx_word' id='word_1_406' title='bbox 214 4043 375 4106; x_wconf 86' lang='lat' dir='ltr'>radiorum</span> <span class='ocrx_word' id='word_1_407' title='bbox 402 4036 522 4117; x_wconf 87' lang='lat' dir='ltr'>species</span> <span class='ocrx_word' id='word_1_408' title='bbox 546 4036 743 4116; x_wconf 85' lang='lat' dir='ltr'>expedienda.</span> 
     </span>
    </p>
   </div>
   <div class='ocr_carea' id='block_1_5' title="bbox 0 0 1842 5538">
    <p class='ocr_par' dir='ltr' id='par_1_9' title="bbox 0 0 1842 5538">
     <span class='ocr_line' id='line_1_43' title="bbox 0 0 1842 5538; baseline 0 0"><span class='ocrx_word' id='word_1_409' title='bbox 0 0 1842 5538; x_wconf 95' lang='lat' dir='ltr'> </span> 
     </span>
    </p>
   </div>
  </div>
 </body>
</html>
