3684 5518
301 265 363 332 188
771 267 962 331 Paralipomeua
980 268 1005 316 iu
1024 265 1190 318 Vitellionem.

339 441 393 506 rig.
415 436 456 491 ⁶⁸·
491 441 682 521 Propouatur
718 444 748 505 A
779 444 876 518 locus,
918 439 1092 516 Overtex,
1132 448 1166 502 ut
1201 438 1258 518 AO
1300 440 1342 503 sit
1382 441 1467 516 axis3
1510 441 1536 504 is
1579 459 1653 502 con·
1698 408 1703 418 Ι

359 536 469 610 ΜΟ
489 531 675 593 continuetur
698 531 727 591 in
757 539 861 610 partes
886 533 916 593 A
939 530 968 591 iu
999 531 1144 592 infinitum
1172 547 1265 609 usque
1295 537 1348 590 aut
1380 549 1530 610 quousque
1559 549 1653 610 para-

334 645 365 715 s
457 619 575 691 aboleri
604 619 751 697 placuerit
780 619 958 682 describere.
1005 621 1131 680 Placeat
1158 637 1251 697 usque
1279 617 1359 678 inE
1415 616 1498 680 Acus
1527 639 1599 698 ergo
1624 619 1653 678 in
1728 644 1738 652 ·

488 707 518 768 A
540 707 659 785 figatur,
683 708 722 769 ab
746 729 783 769 ea
805 709 847 769 sit
870 727 978 769 nexum
1007 709 1086 769 filum
1116 705 1300 786 longitudine
1329 704 1396 778 Ac,
1423 704 1487 767 OE.
1535 708 1654 768 Teneas

488 813 576 855 manu
609 795 706 856 altera
739 804 829 875 caput
861 796 990 857 alterum
1022 797 1063 858 fili
1090 796 1133 868 E,
1171 794 1269 856 altera
1306 795 1463 872 graphium
1485 811 1569 856 ‘cum
1604 796 1653 856 filo

488 883 614 944 extende
638 903 731 964 usque
755 886 785 946 in
810 883 844 947 0.
891 884 940 946 Sit
974 884 1129 946 etiamad
1154 882 1206 945 GE
1231 891 1333 944 erecta
1363 883 1653 961 perpendiculariter

486 969 539 1032 EF
546 989 555 1044 ;
582 972 672 1052 igitur
695 973 819 1052 graphio
838 971 862 1034 C
883 980 914 1034 et
929 993 1017 1034 ruauu
1041 972 1183 1034 alteraE
1208 971 1329 1032 discede
1354 971 1530 1050 aequalibus
1554 973 1650 1033 inter-

482 1059 570 1120 vallis
595 1061 708 1122 alinea
722 1062 788 1131 ΑΕ,
813 1061 856 1122 sic
876 1071 908 1124 ut
930 1082 1035 1124 manus
1060 1063 1158 1124 altera
1178 1069 1210 1122 et
1232 1060 1273 1120 fili
1297 1067 1389 1139 caput
1412 1079 1531 1139 semper
1556 1061 1584 1122 iu
1598 1060 1653 1121 EF

466 1142 612 1221 maneat,
635 1150 775 1230 filumque
799 1149 857 1211 DG
883 1169 1001 1230 semper
1025 1151 1085 1230 ipsi
1108 1149 1165 1210 ΑΕ
1188 1147 1372 1227 parallelum
1399 1147 1447 1208 via
1473 1147 1537 1218 OD,
1562 1168 1651 1229 quam

297 1231 422 1310 graphio
447 1232 623 1312 signaveris,
650 1238 706 1300 erit
730 1239 885 1317 parabole.

384 1319 455 1382 Dixi
480 1323 554 1384 haec
579 1325 615 1386 de
639 1326 822 1388 sectionibus
846 1325 959 1388 conicis
983 1332 1068 1388 tauto
1093 1323 1248 1398 libentius,
1275 1322 1352 1402 quod
1376 1343 1434 1386 non
1460 1331 1576 1386 tanturn
1602 1325 1650 1388 hic

298 1406 442 1469 dimensio
467 1412 678 1476 refractionum
701 1415 732 1476 id
756 1416 936 1495 requirebat,
961 1416 1014 1474 scd
1038 1413 1131 1475 etiam
1152 1411 1231 1474 infra
1254 1411 1283 1472 iu
1313 1418 1453 1474 anatome
1478 1415 1553 1476 oculi
1578 1435 1650 1477 usus

298 1513 400 1558 earum
425 1501 592 1578 apparebit.
639 1503 714 1564 Tum
738 1503 829 1564 etiam
854 1504 931 1565 inter
959 1503 1147 1582 problemata
1177 1501 1386 1562 observatoris
1413 1502 1523 1564 mentio
1548 1523 1649 1566 earum

206 1623 208 1630 ·
294 1583 353 1645 erit
384 1585 524 1650 facienda
554 1590 669 1653 duobus
700 1591 785 1654 locis.
832 1593 968 1671 Denique
993 1592 1031 1651 ad
1063 1588 1327 1672 praestantissima
1358 1590 1459 1670 optica
1491 1593 1647 1654 machina·
1744 1643 1752 1670 ,

294 1679 407 1746 menta,
433 1676 470 1736 ad
494 1679 642 1756 pensilem
661 1679 690 1741 in
707 1688 776 1742 abre
801 1680 994 1742 statuendam
1013 1680 1184 1758 imaginem,
1210 1676 1248 1738 ad
1268 1677 1414 1756 imagines
1437 1680 1647 1758 proportiona-

293 1759 362 1823 liter
386 1765 551 1842 augeodas,
577 1767 615 1828 ad
635 1768 720 1846 ignes
745 1758 957 1844 incendendos,
982 1769 1021 1829 ad
1040 1768 1154 1830 infinite
1178 1765 1421 1838 comburendum,
1445 1767 1647 1830 consideratio
1715 1779 1719 1787 “

294 1867 393 1912 earum
418 1853 506 1931 plane
531 1863 580 1917 est
602 1856 783 1920 necessaria.

389 1991 419 2054 5.
452 1991 638 2063 Quodnam
662 2015 776 2076 genus
805 1996 1055 2077 quantitatum
1085 1995 1338 2096 retractiones
1364 1995 1552 2058 metiatur.

380 2115 414 2176 ln
447 2115 567 2178 conicas
601 2119 753 2182 sectiones
784 2121 898 2200 optima
934 2120 1075 2182 methodo
1108 2121 1288 2185 incideram:
1322 2130 1356 2182 at
1388 2119 1517 2182 nondum
1551 2121 1647 2182 omnis

253 2203 257 2212 “
292 2202 461 2282 ambigendi
495 2225 587 2268 causa
617 2215 683 2269 erat
715 2211 848 2271 sublata.
900 2209 1019 2271 Etenim
1054 2229 1119 2272 curn
1151 2211 1213 2273 sint
1245 2209 1331 2271 nobis
1360 2210 1397 2270 ad
1432 2208 1647 2271 dimetiendum

291 2291 465 2370 propositae
496 2294 629 2357 infinitae
662 2298 826 2360 mediorum
858 2299 975 2378 species
1006 2298 1158 2360 densitate
1192 2299 1383 2373 differentes,
1419 2299 1457 2360 ab
1491 2316 1537 2372 ea,
1572 2316 1648 2376 quae

292 2379 425 2440 infinitae
456 2381 619 2446 densitatis
651 2387 798 2450 rationem
833 2387 944 2448 habere
973 2387 1106 2464 fingitur,
1141 2407 1232 2468 usque
1267 2389 1305 2448 ad
1338 2406 1420 2462 earn,
1454 2405 1529 2465 quae
1558 2385 1647 2464 plane

291 2468 402 2528 nullam
426 2469 519 2532 habet
543 2472 740 2536 densitatem:
766 2475 806 2537 sit
829 2495 900 2538 vero
924 2476 952 2536 iu
979 2476 1226 2538 antecedentibus
1251 2477 1501 2550 demonstratum,
1531 2473 1647 2536 dimen-

290 2555 404 2618 sionem
439 2559 613 2638 angulorum
648 2563 839 2626 retractionis
870 2583 924 2643 per
956 2563 1092 2626 diuersas
1123 2565 1196 2626 lucis
1230 2563 1410 2625 incidentias
1444 2563 1473 2624 iu
1507 2562 1648 2624 densiora

291 2645 391 2706 media
423 2649 586 2726 petendam
619 2669 686 2712 esse
720 2651 878 2732 (analogia
910 2652 1073 2730 ipvitante)
1105 2651 1144 2712 ab
1177 2653 1296 2731 angulis
1331 2669 1560 2730 repercussuum
1594 2671 1648 2731 per

290 2733 429 2796 diversas
453 2736 528 2799 lucis
553 2738 733 2802 incidentias
758 2741 786 2802 in
812 2761 946 2803 corrcava
969 2739 1110 2819 specula:
1137 2741 1263 2802 alterum
1283 2741 1401 2820 quidem
1427 2749 1593 2802 extremum
1618 2741 1646 2802 iu

289 2822 431 2902 analogia
466 2824 540 2886 bene
575 2829 757 2906 quadrabat,
791 2831 920 2892 medium
951 2847 1056 2908 nempe
1088 2829 1299 2906 densissimum
1329 2831 1367 2890 ad
1398 2830 1489 2891 situm
1519 2829 1594 2891 lucis
1618 2830 1646 2890 in

290 2913 357 2972 lbco
381 2913 563 2990 paraboles:
588 2926 750 2996 propterea
774 2920 865 2998 quod,
901 2927 934 2980 ut
956 2919 987 2980 in
1011 2917 1190 2979 densissimo
1220 2917 1297 2979 radii
1321 2927 1392 2996 post
1424 2917 1646 2990 refractionem,

290 2999 334 3058 sio
359 2999 408 3077 qui
434 3019 471 3061 ex
497 3003 562 3064 loco
586 3007 749 3082 paraboles
772 3016 843 3088 post
866 3026 1074 3086 repercussum
1096 3006 1233 3085 paralleli
1258 3007 1342 3067 fiunt.

380 3087 425 3148 At
448 3089 485 3148 de
515 3094 747 3156 succedentibus
781 3097 884 3159 ordine
917 3095 1023 3158 mediis
1052 3094 1148 3156 minus
1177 3095 1278 3156 densis
1311 3097 1439 3157 nondum
1473 3095 1644 3168 constabat,

292 3191 432 3252 quorsum
466 3191 569 3240 essent
601 3185 872 3258 accommodanda,
908 3195 1005 3247 utrum
1030 3184 1067 3244 ad
1102 3183 1238 3247 diuersos
1269 3184 1344 3246 lucis
1377 3185 1453 3246 situs
1477 3183 1505 3244 in
1540 3186 1645 3244 eadem

291 3241 439 3338 parabola
462 3265 541 3327 infra
564 3269 676 3342 focum,
708 3271 751 3332 sic
776 3280 809 3334 ut
831 3273 977 3342 medium.
1009 3273 1038 3334 in
1062 3290 1118 3352 quo
1143 3272 1226 3334 nulla
1248 3273 1282 3334 fit
1305 3273 1463 3346 refractio,
1495 3273 1646 3351 pertineat

292 3351 330 3410 ad
356 3350 447 3414 situm
472 3352 547 3415 lucis
571 3355 599 3417 in
616 3357 683 3436 ipsa
701 3378 777 3420 cava
801 3363 1029 3441 superficie'seu
1052 3362 1164 3424 vertice
1187 3362 1365 3442 parabolas:
1391 3381 1428 3422 an
1445 3380 1515 3436 vero
1533 3361 1644 3440 potius,

290 3437 362 3516 quia
384 3440 530 3518 parabole
550 3452 598 3504 est
622 3455 761 3508 extrema·
775 3467 840 3510 cum
865 3451 1094 3530 lryperbolarum
1114 3459 1177 3512 tum
1197 3443 1354 3530 ellipsium,
1379 3450 1478 3526 predia
1501 3449 1644 3528 gradibus

290 3526 512 3591 adensissimo
546 3531 728 3610 differentia,
762 3539 811 3598 vel
836 3539 873 3599 ad
905 3540 1007 3601 varias
1040 3539 1221 3620 hyperbolae
1249 3539 1298 3600 vel
1322 3538 1359 3600 ad
1388 3538 1488 3598 orarias
1521 3537 1644 3617 ellipses

289 3617 556 3694 accommodanda,
591 3622 635 3684 sic
660 3631 693 3683 ut
715 3643 834 3704 semper
864 3629 1086 3689 maneatsitus
1119 3628 1195 3691 lucis
1217 3627 1247 3690 in
1277 3628 1343 3688 ioco
1378 3627 1529 3688 sectionis.
1576 3625 1643 3696 Quo

287 3713 377 3784 pacto
410 3706 506 3767 medio
530 3707 574 3770 illi
604 3711 681 3790 quod
714 3712 895 3776 refractione
932 3725 1016 3777 caret
1044 3716 1106 3778 illic
1140 3707 1304 3778 recta'seu
1335 3717 1456 3795 planum
1491 3717 1645 3794 speculum

288 3792 455 3870 deberetur,
477 3796 524 3857 hic
539 3797 730 3876 sphaericum
750 3821 924 3865 concavum.
964 3803 1066 3874 Quare
1086 3824 1142 3866 non
1159 3805 1340 3867 intentatum
1360 3803 1466 3882 reliqui
1485 3803 1643 3882 inquirere,

287 3901 325 3942 au
350 3883 472 3944 cuilibet
496 3887 593 3948 medio
618 3908 673 3950 sua
696 3898 780 3952 esset
802 3891 975 3973 hyperbole.
1012 3894 1092 3955 Nam
1116 3891 1140 3953 si
1166 3894 1232 3954 loca
1255 3894 1417 3970 imaginum
1436 3891 1466 3952 in
1490 3911 1568 3973 aqua
1591 3911 1645 3971 per

286 3989 389 4032 ornnes
422 3973 631 4037 inclinationes
657 3980 775 4056 punctis
809 3980 927 4060 signes,
963 3981 1189 4044 adumbrabitur
1217 3982 1431 4059 propemodum
1465 3981 1640 4061 hyperbole,

287 4060 364 4137 quod
387 4060 474 4123 fidem
498 4074 597 4143 auget.
635 4065 775 4146 Exempli
799 4068 900 4148 itaque
925 4089 1018 4132 causa
1040 4089 1094 4149 pro
1119 4068 1350 4132 retractionibus
1380 4089 1475 4148 aquae
1508 4079 1644 4132 sumatur

286 4146 314 4206 iu
330 4147 533 4214 ¹inclinatione
553 4148 616 4214 800
630 4155 771 4217 retractio
793 4154 861 4232 30⁰,
882 4159 1029 4221 refractus
1051 4156 1111 4222 50⁰
1126 4178 1163 4219 ex
1179 4155 1356 4220 Vitellione.
1391 4155 1434 4217 Et
1452 4157 1494 4219 sit
1509 4165 1576 4232 (rig.
1596 4164 1642 4230 fit)

285 4235 311 4295 B
336 4237 430 4314 focus,
453 4240 483 4301 A
506 4241 683 4320 oppositus:
710 4245 748 4305 ad
771 4253 920 4325 punctum
933 4247 969 4321 B,
995 4247 1103 4308 lineam
1128 4247 1185 4308 BA
1210 4247 1337 4326 angulus
1357 4241 1419 4308 800
1442 4255 1641 4324 comparetur,

287 4325 335 4402 qui
360 4325 400 4386 sit
424 4325 518 4389 CBA.
566 4328 618 4390 Sic
642 4331 679 4390 ad
704 4345 847 4410 puuctum
872 4337 915 4408 A,
947 4335 1056 4396 lineam
1080 4336 1137 4397 AB
1168 4336 1296 4415 angulus
1326 4336 1473 4396 refractus
1498 4331 1567 4408 500,
1593 4337 1642 4415 qui

286 4413 327 4474 sit
351 4411 444 4489 CAB,
475 4425 507 4476 ct
530 4424 639 4478 cubant
661 4418 729 4493 Ac,
754 4420 808 4484 BC
833 4422 863 4483 in
888 4421 923 4484 0.
972 4421 1047 4485 Cum
1073 4443 1144 4502 ergo
1174 4424 1216 4486 sit
1239 4425 1265 4485 B
1289 4421 1352 4487 800
1381 4431 1412 4484 et
1435 4425 1464 4486 A
1489 4419 1558 4497 500,
1584 4425 1643 4486 erit

285 4509 316 4559 et
340 4503 477 4566 residuus
503 4503 527 4567 C
552 4504 613 4570 500
636 4515 667 4568 et
690 4508 761 4584 AB,
786 4507 839 4570 BC
873 4511 1024 4588 aequales.
1073 4511 1175 4582 Quare
1205 4514 1231 4574 si
1254 4513 1310 4574 AB
1340 4512 1383 4574 sit
1408 4509 1550 4585 100000,
1585 4513 1642 4574 erit

285 4587 341 4650 Ao
369 4589 507 4655 128558.
554 4595 613 4656 Est
637 4615 707 4656 vero
738 4606 769 4658 et
792 4597 846 4660 BC
875 4595 1019 4672 100000,
1050 4619 1193 4663 excessus
1223 4621 1293 4680 ergo
1317 4583 1493 4678 ac‘super
1516 4599 1569 4662 BC
1587 4595 1641 4662 ‘est

285 4672 404 4778 28558.
452 4681 510 4743 Est
533 4702 603 4762 ergo
629 4683 738 4750 28558
762 4705 816 4765 per
839 4687 893 4762 ΙΙΙ,
919 4685 971 4750 51.
997 4689 1151 4768 Apollonii
1181 4689 1261 4750 linea
1284 4690 1364 4752 inter
1391 4689 1520 4750 vertices
1544 4709 1640 4769 oppo-

285 4773 409 4828 sitarum
438 4769 604 4834 sectionum
626 4793 680 4836 seu
704 4776 770 4838 axis
790 4775 855 4840 DE.
904 4779 998 4840 Aufer
1020 4777 1077 4840 DE
1101 4776 1210 4842 28558
1234 4779 1272 4840 ab
1295 4779 1351 4840 AB
1379 4775 1517 4853 100000,
1543 4787 1641 4841 restet
