3694 5528
321 279 388 350 512
939 282 1056 336 duram

318 459 448 542 parvula
469 461 588 522 macula
610 460 702 548 vulgo
726 468 814 537 nota,
846 461 943 524 instar
969 459 1072 540 puncti
1100 459 1270 540 nigerrimi:
1302 477 1390 539 quam
1412 477 1564 540 uunquam
1593 459 1674 522 aliud

306 548 390 628 ¹quid
414 567 482 610 esse
507 549 619 625 cebsui,
645 570 734 630 quam
757 551 938 630 profundam
961 549 1143 623 cavitatem:
1171 567 1235 610 eam
1260 557 1416 610 crescente
1440 549 1527 610 Luna
1549 567 1605 628 par
1628 555 1675 610 est

318 637 416 700 miuus
440 656 508 698 esse
531 639 732 717 conspicuam,
758 639 827 719 quia
846 638 876 700 iu
896 641 1013 701 devexa
1032 639 1135 700 Lunae
1155 655 1283 717 vergens
1304 635 1368 698 Soli
1389 636 1501 698 rectius
1524 635 1672 716 objicitur,

320 744 409 804 quarn
432 726 459 787 si
482 726 569 787 Luna
591 728 683 806 plena
707 729 813 802 luerit,
838 735 909 789 tunc
932 727 1011 788 enim
1035 715 1189 791 declinari
1214 729 1313 788 lumen
1336 723 1418 787 Solis
1445 724 1544 806 magis
1568 724 1674 787 obum-

319 814 432 876 bratur.
479 813 563 875 Haec
586 816 704 894 vesperi
729 813 759 879 4.
782 815 979 896 Septembris,
1004 823 1038 876 ut
1061 823 1127 876 erat
1150 814 1349 876 instrumento
1373 812 1524 893 explicata
1546 813 1577 875 io
1601 829 1673 892 spe-

320 902 396 964 ciem
419 901 588 964 latissimae
613 905 749 964 maculae
781 905 944 984 ferruginei
967 903 1091 977 coloris,
1116 911 1183 964 erat
1207 903 1297 965 limbo
1327 899 1526 981 limpidissimi
1555 900 1674 963 luminis

321 989 514 1052 circumdata.
552 991 597 1052 At
618 1011 706 1053 mane
726 989 755 1055 5.
774 991 962 1072 Septembris
989 991 1097 1053 limbus
1118 991 1223 1052 hiabat
1246 1009 1352 1053 versus
1376 991 1535 1052 obscuram
1556 997 1674 1070 partem

319 1079 440 1152 Lunae;
465 1099 535 1141 uam
558 1080 685 1144 circulus
710 1100 762 1141 seu
786 1081 930 1142 terminus
953 1079 1178 1142 illuminflonis
1202 1079 1390 1159 superbene
1414 1079 1563 1140 maculam
1587 1086 1674 1140 tran·

320 1167 403 1229 aibat
425 1167 505 1228 linea
528 1168 644 1230 sincere
669 1187 771 1231 curva.
818 1169 942 1231 Limbus
965 1188 1037 1230 vero
1061 1167 1432 1248 fulgidissimus‘utroque
1456 1167 1579 1228 brachio
1602 1183 1674 1245 pro-

319 1256 459 1317 currebat
481 1255 562 1317 ultra
585 1258 743 1318 terminum
766 1258 885 1319 luminis
915 1258 944 1318 io
978 1257 1130 1336 regionem
1160 1255 1383 1328 obumbratam,
1411 1256 1537 1317 reducta
1559 1253 1674 1316 habens

319 1343 444 1404 brachia
467 1351 499 1405 et
521 1345 683 1407 introrsum
704 1347 801 1420 flexa,
828 1345 924 1407 instar
946 1347 1152 1425 probolarum,
1183 1345 1289 1426 quibus
1312 1344 1473 1418 Anconae,
1501 1343 1674 1416 Messanae,

320 1429 446 1493 Genuae
471 1439 503 1492 et
526 1433 596 1494 alibi
619 1441 725 1512 portus
750 1435 951 1508 efformantur,
976 1435 1006 1495 iu
1025 1435 1083 1496 line
1108 1439 1196 1494 acuto
1217 1435 1306 1494 flexu.
1343 1431 1422 1493 Erat
1444 1431 1676 1511 expressissima

318 1519 403 1581 lacus
433 1521 564 1600 efligies,
597 1522 833 1584 conformatione
864 1541 946 1584 mare
976 1520 1119 1602 Caspium
1151 1520 1281 1583 dixeris:
1312 1521 1366 1582 sed
1396 1519 1548 1582 contentis
1577 1517 1676 1598 magis

318 1607 416 1670 Ponto
431 1609 549 1671 Euxino
565 1617 617 1672 aut
634 1609 711 1672 mari
724 1609 815 1672 Jonio
839 1610 956 1674 similis.
994 1609 1071 1672 Erat
1094 1609 1171 1672 enim
1192 1610 1221 1670 in
1242 1609 1308 1688 ipso
1328 1610 1410 1684 lacu,
1432 1627 1491 1688 qua
1512 1607 1675 1670 introrsum

318 1714 424 1758 versus
454 1715 561 1776 corpus
592 1699 696 1760 Lunae
719 1700 879 1776 vergebat,
911 1699 1038 1761 lucidior
1068 1698 1170 1760 areola
1200 1697 1311 1759 isthmo
1346 1697 1508 1776 conjuncta
1537 1695 1675 1758 litoribus

320 1783 526 1846 lucidissimis.
572 1785 624 1848 Sic
648 1787 708 1848 tria
733 1787 878 1849 distincta
901 1795 988 1849 crant
1011 1787 1136 1860 lumina,
1167 1785 1365 1848 clarissimum
1388 1785 1509 1846 litorum
1532 1791 1565 1844 et
1588 1803 1675 1845 mun-

319 1873 403 1947 tium,
428 1874 628 1953 ferrugineum
653 1882 684 1936 et
706 1875 865 1938 obscurum
892 1875 1028 1938 maculae
1052 1893 1105 1936 seu
1129 1875 1213 1936 lacus
1242 1891 1335 1954 usque
1359 1874 1397 1934 ad
1421 1872 1581 1944 terminum
1604 1871 1675 1933 illo-

317 1961 509 2033 minationis,
532 1963 692 2033 mediocre,
716 1964 843 2025 vicinius
867 1971 966 2025 tamen
992 1965 1075 2025 lacus
1099 1961 1276 2025 obscuritati
1300 1963 1413 2024 candor
1436 1961 1517 2023 illios
1541 1962 1673 2022 areolae.

407 2049 537 2130 Vesperi
561 2051 635 2113 bora
658 2070 745 2126 nona,
771 2069 837 2114 cum
861 2059 943 2114 esset
974 2060 1041 2113 orta
1064 2052 1167 2126 Luna,
1197 2051 1296 2112 lomeu
1321 2051 1417 2113 lacum
1441 2067 1558 2111 omnem
1582 2049 1673 2110 dese-

318 2145 430 2210 ruerat,
455 2138 544 2198 litora
567 2139 828 2218 conspiciebantur
847 2141 926 2204 flexu
944 2140 1083 2202 circulari
1105 2140 1314 2218 pulcherrimo,
1340 2138 1426 2220 quasi
1446 2145 1571 2200 exsecta
1590 2143 1675 2199 esset

321 2223 410 2286 Luna
433 2233 486 2286 aut
508 2235 666 2288 excavata.
714 2226 789 2289 Sola
819 2229 976 2308 peninsula
1005 2228 1085 2290 intra
1115 2228 1199 2289 illam
1229 2228 1348 2290 litorum
1380 2226 1545 2289 cavitatem
1576 2226 1674 2288 adbuc

318 2310 552 2374 illuminabatur.
604 2315 739 2380 Isthmus
769 2317 910 2396 apparuit
945 2317 1127 2391 clarissime,
1161 2323 1228 2378 erat
1257 2316 1373 2396 species
1404 2315 1497 2378 veluti
1528 2315 1674 2376 Tauricae

320 2396 522 2462 Chersonnesi
552 2401 581 2462 in
611 2403 709 2467 Ponto
746 2414 799 2467 aut
835 2406 934 2486 potius
964 2404 1182 2485 Peloponnesi,
1221 2405 1337 2466 divisae
1374 2403 1511 2482 utrinque
1548 2403 1673 2464 sinubus

319 2487 475 2564 umbrosis,
501 2491 591 2570 longa
605 2499 705 2554 tamen
726 2493 824 2554 fronte
844 2502 875 2554 et
889 2495 968 2556 lacui
988 2502 1069 2555 recte
1093 2494 1224 2573 objecta,
1249 2511 1304 2554 neo
1318 2500 1352 2554 ut
1371 2492 1542 2554 nominatae
1560 2491 1673 2573 penin-

318 2576 403 2636 sulae
428 2578 537 2680 aemulo
568 2588 657 2642 acuto
687 2600 824 2660 prorsum
847 2582 876 2643 in
905 2583 1003 2644 lacum
1033 2590 1243 2662 procurrente,
1275 2582 1329 2642 sed
1353 2580 1443 2661 triplo
1468 2582 1530 2641 lere
1554 2579 1674 2657 longior

319 2683 406 2744 quam
429 2665 528 2728 latior.
575 2667 685 2730 Mirum
709 2678 809 2732 autem
833 2671 862 2733 in
886 2670 1059 2750 peninsula,
1091 2690 1150 2752 qua
1171 2670 1283 2733 isthmo
1314 2668 1504 2749 conjungitur
1534 2668 1672 2730 litoribus

318 2754 474 2830 montosis,
498 2762 638 2835 punctum
660 2767 726 2820 erat
750 2759 975 2832 lucidissimum,
1000 2759 1110 2821 montis
1124 2760 1238 2821 instar:
1263 2758 1417 2837 eregione
1435 2757 1464 2817 in
1488 2755 1673 2818 lucidissima

318 2841 438 2904 litorum
462 2845 633 2907 continente
656 2854 799 2925 punctum
823 2856 889 2909 erat
912 2848 1091 2922 umbrosum,
1115 2847 1256 2909 indicium
1280 2847 1358 2908 forte
1382 2845 1481 2920 vallis,
1505 2864 1560 2924 per
1584 2863 1672 2924 quam

319 2931 448 2991 materia
462 2932 491 2993 in
511 2933 607 2994 lacum
632 2943 737 3014 egesta
759 2929 948 3015 peninsulam
973 2937 1081 3011 effecit,
1106 2943 1140 2996 ut
1159 2937 1195 2997 de
1220 2935 1396 3015 aggestione
1411 2933 1547 3014 Aegypti
1569 2931 1672 3013 philo-

319 3017 463 3095 sophatur
484 3019 667 3085 Herodotus.
715 3025 764 3085 An
788 3025 863 3086 haec
887 3031 958 3086 sunt
980 3025 1113 3104 vestigia
1131 3024 1261 3085 Neronis
1285 3023 1412 3103 alicujus
1435 3022 1577 3085 isthmum
1601 3037 1672 3100 per-

320 3105 478 3181 fodientis,
509 3118 561 3171 aut
585 3109 770 3174 Cleombroti
799 3112 988 3194 peninsulam
1016 3114 1097 3175 vallo
1127 3111 1288 3174 munientis
1319 3119 1426 3173 contra
1455 3110 1557 3171 ueaoio
1586 3125 1674 3188 quem

319 3190 433 3254 Xerxis
458 3197 643 3260 exercitum?
1369 3259 1373 3267 ,

339 3281 545 3382 ⁸..Vespere
577 3288 681 3348 eodem
704 3286 868 3350 Saturnum
897 3289 1022 3368 aspexi:
1054 3289 1127 3350 nihil
1158 3288 1316 3351 stellarum
1347 3293 1413 3349 erat
1441 3285 1469 3348 io
1493 3293 1558 3348 tam
1588 3291 1674 3347 arcta

318 3384 439 3431 vrcuora.
1554 3411 1555 3416 η

407 3457 463 3518 Die
494 3453 525 3520 6.
557 3458 745 3541 Septembris
780 3481 866 3528 mane
900 3464 975 3527 hora
1009 3465 1142 3528 secunda
1170 3472 1243 3546 post
1269 3461 1401 3526 mediam
1435 3468 1554 3525 noctem
1593 3461 1673 3524 ciros

317 3543 425 3607 Jovem
455 3550 657 3626 spectavimus
688 3551 820 3614 Thomas
850 3552 1001 3632 Segethus
1032 3563 1064 3616 et
1091 3553 1176 3634 Ego:
1214 3552 1364 3614 satellites
1400 3552 1475 3613 duos
1509 3549 1672 3612 orientales
1745 3556 1753 3570 '

318 3633 445 3698 invicem
468 3636 630 3715 proximos,
645 3638 765 3718 Jupiter
788 3642 872 3720 quasi
896 3643 985 3722 duplo
1009 3643 1116 3704 aberat
1136 3641 1316 3722 apropiori:
1342 3641 1422 3703 linea
1436 3640 1560 3702 duorum
1583 3655 1673 3718 supra

317 3721 426 3785 Jovem
457 3727 617 3790 transibat.
666 3726 843 3791 Clarissima
872 3739 1015 3811 utraque,
1046 3731 1144 3810 magis
1173 3737 1274 3792 mmen
1305 3729 1496 3805 orientalior,
1525 3727 1673 3790 distantia

318 3809 475 3874 orientalis
499 3834 518 3874 a
540 3814 617 3876 Jove
642 3817 729 3896 quasi
753 3825 862 3897 quarta
884 3837 956 3898 pars
982 3819 1181 3881 instrumenti.

408 3897 482 3962 Cum
521 3905 754 3984 perpenderem,
800 3906 1031 3969 instrumentum
1067 3914 1227 3986 angustam
1257 3905 1333 3967 coeli
1369 3911 1489 3988 partem
1518 3902 1670 3983 amplecti,

317 3985 521 4070 incideretque
545 3993 572 4054 si
596 3994 674 4054 forte
698 3995 900 4073 superioribus
931 3995 1036 4057 diebus
1064 3995 1255 4058 remotiorem
1284 3993 1414 4075 aliquam
1444 3983 1672 4072 praeteriverim

317 4084 451 4137 autnon
475 4079 553 4139 eatis
584 4082 745 4160 diligenter
776 4084 992 4163 quaesiverim:
1024 4085 1170 4163 ampliata
1198 4083 1390 4145 instrumenti
1420 4082 1554 4143 fenestra
1581 4081 1672 4158 (quae

317 4169 417 4228 nmen
436 4167 526 4244 paulo
545 4169 702 4238 admodum
717 4170 785 4250 plus
800 4170 923 4234 dimidia
941 4172 1087 4236 diametro
1100 4171 1205 4233 Lunae
1220 4169 1375 4250 capiebat)
1391 4168 1517 4232 lustravi
1531 4167 1674 4230 occiden-

317 4252 411 4314 talem
441 4262 472 4316 et
501 4255 677 4319 orientalem
704 4259 791 4320 Jovis
821 4259 955 4338 plagam.
1001 4259 1083 4339 Ergo
1113 4279 1167 4339 per
1196 4279 1300 4322 suram
1330 4261 1419 4322 valde
1449 4257 1632 4320 albicantem
1656 4275 1675 4318 a

317 4343 493 4420 praesentia
513 4345 617 4406 Lunae
641 4346 722 4408 visus
746 4354 846 4409 tamen
867 4367 933 4408 sum
957 4365 1014 4426 ego
1033 4348 1135 4409 videre
1159 4349 1310 4410 minimam
1334 4347 1464 4428 aliquam
1489 4344 1673 4408 debilissimo

318 4429 428 4494 lumine
453 4433 482 4494 in
507 4434 662 4496 occidente
687 4435 847 4497 secundum
872 4436 993 4497 ductum
1016 4435 1190 4515 eclipticae,
1222 4430 1417 4517 amplitudine
1441 4454 1460 4494 a
1483 4433 1560 4496 Jove
1582 4433 1674 4514 paulo

318 4518 431 4582 minore
456 4539 544 4600 quam
568 4523 797 4584 instrumentum
821 4523 971 4602 capiebat.
1009 4524 1154 4585 Vicissim
1173 4525 1247 4587 hora
1269 4525 1363 4586 tertia
1386 4531 1417 4584 et
1435 4530 1506 4602 post
1521 4520 1674 4600 Segethus

317 4605 399 4668 visus
423 4617 472 4670 est
495 4610 550 4671 sub
574 4611 647 4689 ipsis
667 4610 753 4673 Jovis
777 4610 870 4674 radiis
893 4629 998 4672 versus
1022 4612 1206 4674 occidentem
1228 4613 1329 4675 videre
1352 4620 1496 4692 punctum
1519 4609 1674 4671 lucidissi-

318 4711 406 4770 mum,
432 4699 511 4778 quod
534 4698 609 4760 hora
632 4699 765 4760 secunda
787 4718 846 4760 uon
868 4699 998 4761 viderat.
1044 4699 1129 4762 Haec
1153 4709 1278 4781 uterque
1301 4719 1355 4780 pro
1380 4719 1422 4774 se,
1446 4699 1552 4778 ignaro
1576 4699 1675 4760 altero

318 4799 374 4842 neo
398 4786 438 4846 ad
461 4785 567 4848 eadem
590 4787 764 4867 quaerenda
787 4787 952 4850 admonito.
