3464 5524
610 301 641 352 de
658 301 730 352 mbae
747 299 848 367 Optlcia.
1367 297 1411 368 2¹1

104 482 237 564 linpiiiores
258 481 322 543 sint
346 480 498 562 usquein
523 479 617 561 ipsum
638 497 743 560 purum
759 481 929 555 aetherem,
955 479 1017 541 fore
1037 481 1163 544 eandem
1188 479 1279 543 etiam
1303 479 1410 544 condi-

104 576 180 636 tioren
202 569 430 633 illuminationis
454 571 572 644 Lunae,
606 587 701 650 neque
734 569 795 630 fore
829 569 1004 630 distinctum
1036 569 1157 633 limitem
1189 569 1267 632 inter
1296 569 1410 633 clarum

102 681 162 724 anu
180 667 207 720 et
224 668 342 739 partem
365 659 538 732 rubentem,
563 676 628 720 curn
652 665 753 720 tamen
770 658 862 720 talem
877 657 1002 719 viderim
1026 659 1055 720 in
1071 669 1176 722 nostra
1190 657 1303 740 eclipsi.
1333 659 1409 732 Hoc,

99 753 196 832 iuquam,
217 750 331 810 unicum
358 747 451 826 objici
474 755 586 826 potest.
632 747 710 810 Nam
735 748 811 828 quod
837 746 907 808 addi
929 757 1047 826 posset,
1073 749 1219 810 calculum
1234 748 1407 820 reclamare,

98 857 142 900 cun
158 856 204 898 nos
222 855 416 899 assumamus
440 836 617 898 diametrum
640 837 761 898 umbrae
784 834 831 911 νξ,
861 835 911 896 ille
926 853 997 895 vero
1012 837 1122 897 'Terrae
1142 834 1186 910 εζ,
1210 837 1240 897 id
1261 837 1326 898 leve
1350 843 1408 910 est,

97 925 178 988 afficit
203 927 275 988 euim
309 924 573 1007 quantulacunque
603 925 778 1004 magnitudo
810 943 954 1003 vaporum
979 920 1025 999 ζξ,
1058 925 1149 986 etiam
1182 926 1211 986 in
1245 931 1410 1004 apparente

96 1013 332 1078 marianeno
357 1013 552 1090 insensibilis.
599 1011 661 1076 Sed
686 1014 840 1076 mittamus
864 1014 957 1075 etiam
981 1013 1058 1076 huno
1082 1014 1201 1076 modurn
1225 1014 1262 1076 ob
1286 1031 1409 1076 causam

95 1105 183 1165 dictam
1189 1159 1191 1167 .

156 1193 254 1253 Restat
288 1190 394 1270 itaque
420 1190 529 1251 tertius
552 1191 672 1266 modus,
705 1198 739 1252 ut
769 1193 894 1254 eandem
925 1211 1046 1254 causam
1077 1197 1245 1253 statuamus
1269 1195 1300 1251 et
1322 1189 1409 1269 hujus

95 1281 209 1342 rubedine
231 1287 262 1342 et
286 1279 456 1358 crepusculi
481 1279 567 1340 modo
590 1281 805 1360 propemodum
829 1282 948 1358 eodem,
972 1289 1006 1342 ut
1028 1281 1138 1342 dictum
1163 1288 1226 1342 est:
1255 1297 1360 1360 nempe
1384 1279 1410 1339 si

95 1369 162 1430 Terra
177 1367 269 1448 jacint
294 1368 432 1429 umbram
455 1366 576 1445 calculi,
600 1385 658 1455 non
683 1369 844 1431 accersitis
860 1371 970 1432 Terrae
989 1369 1164 1449 vaporibus,
1187 1375 1316 1448 vapores
1339 1385 1410 1428 vero

93 1457 152 1518 Solis
169 1457 278 1518 radium
303 1463 337 1516 et
359 1456 572 1518 transmissum
604 1457 766 1518 secundum
789 1458 923 1520 umbram
947 1466 978 1519 et
1007 1458 1195 1537 undiquaque
1220 1453 1413 1518 combibitum

93 1565 180 1608 naun
200 1553 349 1624 spargant
372 1545 458 1624 quasi
477 1544 643 1625 proprium,
667 1545 854 1608 circulariter
876 1555 908 1609 ut
923 1547 1019 1619 Luna,
1043 1563 1102 1606 non
1125 1564 1180 1624 per
1201 1543 1414 1607 refractionem

92 1635 125 1694 vel
142 1635 332 1695 reflexionem.
380 1634 464 1695 Tunc
488 1633 566 1695 enirn
589 1634 766 1714 relinquitur
789 1635 903 1696 calculo
934 1634 1104 1696 crassitudo
1128 1634 1257 1714 genuina
1280 1632 1411 1706 umbrae,

92 1729 113 1784 ct
129 1740 239 1802 vapores
262 1723 349 1783 circa
371 1721 496 1783 Terram
518 1731 669 1784 extremos
693 1721 815 1784 umbrae
845 1725 996 1804 margines
1026 1723 1235 1795 illustrabunt,
1269 1720 1413 1801 prohibe-

91 1811 223 1891 buuturque
245 1810 371 1889 objectu
394 1811 489 1891 ipsius
512 1811 638 1887 Terrae,
664 1811 820 1892 quominus
844 1813 883 1873 ad
906 1812 1049 1874 interiora
1073 1813 1194 1873 umbrae
1219 1811 1316 1872 lurneu
1339 1827 1413 1888 pro-

91 1907 172 1979 rogent
194 1905 269 1966 ttlora
292 1909 459 1974 maurane:
493 1899 535 1961 Et
571 1907 673 1962 tamen
713 1918 770 1980 quo
800 1919 927 1980 vapores
967 1900 1055 1962 vicini
1087 1900 1213 1976 Terrae,
1257 1907 1346 1978 atque
1376 1913 1415 1958 ex

92 2005 117 2048 eo
134 1989 287 2052 crassiores
310 1989 439 2068 indeque
463 1987 631 2064 lucidiores,
656 1989 770 2050 vadium
785 1990 902 2068 objectu
918 1991 1028 2052 Terrae
1044 1989 1239 2068 prohibentur
1261 2003 1413 2066 spargere,

92 2093 117 2138 eo
134 2095 247 2156 vapores
271 2079 440 2140 exteriores
464 2077 615 2140 tenuiores
639 2077 794 2158 minusque
826 2079 915 2140 lucidi
948 2086 1090 2158 poterunt
1122 2078 1218 2139 adhuc
1241 2075 1359 2138 radiare
1383 2079 1415 2135 et

93 2165 218 2228 dedatur
239 2167 291 2240 id,
318 2167 397 2247 quod
419 2167 448 2228 in
474 2167 677 2247 experirneuto
702 2175 765 2236 est,
790 2187 832 2230 sc.
857 2168 1030 2230 continuum
1055 2166 1170 2228 ruboris
1195 2166 1416 2227 decrementum

93 2272 162 2332 usque
188 2255 225 2316 ad
258 2274 375 2316 meram
407 2255 542 2319 umbram
572 2255 637 2317 siue
662 2256 820 2336 interjecto
853 2256 979 2318 notabili
1012 2255 1133 2333 limite),
1168 2253 1416 2334 quemadmodum

92 2341 160 2404 etiam
179 2343 206 2404 in
228 2345 408 2424 crepusculo
432 2347 483 2421 lit,
517 2354 579 2407 tum
599 2345 738 2406 habetur
768 2346 845 2407 ratio
876 2345 1090 2425 qualiscunque
1121 2342 1229 2404 coloris
1251 2343 1355 2404 Lunae
1385 2340 1416 2401 in

93 2431 225 2510 eclipsibus
248 2443 283 2494 et
310 2439 382 2494 tunc
406 2433 497 2496 etiam
522 2435 560 2495 ad
584 2434 740 2496 chasmate
765 2435 866 2514 aliqua
889 2453 926 2495 ex
945 2434 1001 2496 hoc
1024 2433 1144 2512 negotio
1169 2430 1326 2494 transferri
1346 2429 1416 2510 quid

90 2527 176 2596 potest.
219 2519 353 2601 Oportet
387 2522 464 2584 enim
497 2523 672 2602 imaginari,
704 2522 730 2583 si
763 2524 828 2602 quis
867 2523 896 2584 iu
927 2523 1015 2584 Luna
1047 2521 1206 2594 existeret,
1244 2518 1316 2582 Sole
1345 2525 1417 2599 post

91 2607 189 2669 Terram
209 2610 314 2672 abdito
339 2611 471 2673 visurum
502 2614 584 2673 illurn
608 2613 731 2673 Terram
760 2611 857 2673 instar
880 2611 938 2673 atri
962 2619 993 2672 et
1017 2609 1170 2672 circularis
1206 2609 1321 2682 hiatus,
1355 2607 1417 2668 cir·

91 2697 211 2771 coniecta
232 2718 322 2760 coma
345 2699 454 2761 lucida.
501 2700 565 2763 Sed
588 2701 723 2761 oriuntur
754 2701 843 2762 etiam
868 2701 916 2761 hic
940 2700 1152 2772 difficultatem
1184 2717 1243 2760 uua
1266 2696 1417 2776 generalis

92 2785 161 2846 tutius
182 2788 309 2866 negotii,
341 2787 439 2849 altera
461 2790 583 2868 propria
606 2789 693 2868 hujus
717 2789 852 2851 rationis.
888 2787 1050 2850 Generalis
1074 2787 1147 2848 haec
1171 2793 1232 2860 est,
1258 2785 1336 2864 quod
1360 2803 1416 2844 ne-

90 2889 144 2949 gare
164 2893 217 2936 non
240 2895 415 2955 possumus,
441 2878 511 2956 quin
531 2877 607 2939 radii
632 2877 714 2940 Solis
738 2879 766 2939 in
791 2878 952 2957 vaporibus
977 2877 1087 2937 Terrae
1111 2875 1322 2953 refringantur.
1369 2871 1418 2932 Ex

91 2979 133 3040 quo
151 2963 292 3043 seqnitur,
330 2965 417 3045 longe
448 2967 612 3028 breviorem
638 2974 669 3028 et
692 2967 894 3047 augustiorem
922 2985 989 3027 esse
1013 2964 1147 3026 umbram
1170 2965 1297 3037 Terrae,
1328 2979 1418 3040 quam

91 3050 170 3111 lutura
191 3053 301 3114 luisset
323 3055 402 3115 citra
421 3055 641 3116 refractionem.
678 3053 810 3119 Duorum
826 3055 917 3135 igitur
940 3056 1067 3116 alterum
1091 3053 1238 3133 sequitur:
1265 3057 1317 3112 aut
1340 3050 1417 3110 eninr

90 3139 196 3201 calculus
218 3143 363 3223 majorem
382 3144 465 3222 justo
494 3145 569 3205 lecit
592 3143 740 3219 umbram,
767 3153 819 3206 aut
842 3145 868 3206 si
893 3143 1099 3223 experimenta
1121 3139 1364 3203 observationum
1386 3137 1417 3198 iu

90 3229 273 3308 insequitur,
297 3240 360 3294 tum
384 3251 423 3294 ex
445 3233 561 3295 calculo
586 3252 643 3294 non
667 3235 743 3295 satis
767 3253 878 3313 magna
900 3233 1012 3294 Terrae
1035 3231 1130 3293 moles
1155 3229 1316 3308 colligitur.
1349 3227 1417 3290 Re·

90 3317 229 3393 spondetur
251 3329 286 3381 ut
308 3339 415 3399 supra,
440 3321 469 3383 id
490 3322 567 3402 quod
592 3323 714 3383 umbrae
739 3341 792 3402 per
815 3323 1025 3383 refractionem
1050 3320 1183 3392 decedit,
1211 3319 1257 3380 hic
1272 3318 1302 3378 in
1317 3315 1418 3379 Terris

90 3401 239 3468 insensibile
264 3427 341 3470 esse.
388 3410 498 3472 Altera
522 3410 693 3478 difficultas,
707 3420 755 3472 est
777 3411 807 3470 in
832 3430 885 3485 eo,
911 3410 988 3490 quod
1009 3411 1139 3471 fortasse
1162 3427 1220 3468 non
1245 3407 1286 3468 sit
1308 3405 1418 3466 verisi-

89 3491 159 3568 mile,
180 3503 240 3556 tam
266 3498 373 3559 iontem
396 3500 491 3560 lucem
516 3499 645 3560 transire
658 3518 713 3578 per
736 3519 881 3579 vapores,
906 3507 940 3570 ut
954 3519 990 3560 ea
1008 3499 1179 3559 illustratus
1194 3495 1298 3558 Lunae
1312 3501 1418 3571 'nrargo

92 3581 168 3642 adbuc
188 3602 242 3662 pro
267 3587 363 3648 lucido
386 3588 503 3649 censeri
527 3595 644 3666 posset.
690 3587 918 3666 Respondetur,
944 3587 1012 3649 huic
1036 3587 1093 3665 ipsi
1116 3584 1336 3648 transeuntium
1360 3582 1417 3642 ob-

90 3670 205 3732 scuritati
227 3674 375 3736 radiorum
400 3677 568 3738 consentire
593 3678 809 3755 experimenta.
856 3677 935 3740 Nam
959 3676 1046 3736 Luna
1077 3674 1168 3738 etiarn
1200 3693 1266 3735 curu
1289 3671 1418 3734 nondum

91 3755 196 3820 deficere
217 3761 327 3842 incepit
350 3772 402 3826 aut
422 3765 488 3844 jam
502 3765 631 3845 penitus
655 3765 761 3841 desiit,
794 3771 896 3825 tameo
929 3763 1045 3825 axilla
1075 3772 1180 3843 purte,
1212 3781 1271 3840 qua
1294 3758 1420 3820 vicinior

90 3853 127 3906 est
144 3848 276 3922 umbrae,
306 3852 417 3932 pallide
441 3853 540 3914 lucere
563 3853 710 3928 cernitur3
741 3862 772 3915 et
795 3861 883 3927 nota,
915 3859 1042 3934 quatuor
1071 3852 1214 3932 gradibus
1245 3849 1419 3912 decrescere

91 3932 172 3995 lumen
192 3937 295 4000 Lunae
316 3941 346 4002 in
371 3941 491 4021 eclipsi:
521 3941 616 4021 primo
640 3943 719 4004 euim
739 3961 777 4004 ex
799 3961 834 4003 eo
859 3943 937 4016 loco,
972 3959 1030 4020 quo
1054 3949 1117 4002 toto
1143 3939 1214 4002 Sole
1239 3937 1360 4010 fruitur,
1389 3933 1419 3994 in

90 4039 141 4084 rum
161 4023 334 4104 ingreditur,
358 4029 410 4091 ubi
432 4029 516 4093 Solis
537 4049 610 4111 pars
634 4031 765 4110 tegitur,
794 4030 939 4110 paulatim
964 4029 1061 4108 major
1085 4036 1175 4108 atque
1198 4027 1311 4105 major,
1342 4021 1420 4104 quod

90 4109 176 4190 incipit
197 4115 272 4177 satis
289 4117 373 4196 justo
397 4127 532 4199 tempore
556 4129 627 4181 aute
651 4120 818 4193 delectum,
842 4137 936 4198 neque
961 4117 990 4178 in
1014 4119 1102 4180 Luna
1125 4116 1251 4178 multum
1274 4111 1419 4186 sentitur3

91 4197 154 4261 ulter
174 4204 296 4282 gradus,
319 4225 386 4268 cum
409 4216 497 4287 parte
521 4209 567 4269 sui
591 4227 657 4270 eum
681 4208 776 4270 locum
799 4207 978 4286 ingreditur,
1014 4205 1064 4266 ubi
1088 4204 1164 4267 radii
1187 4201 1267 4265 Solis
1292 4200 1420 4281 objectis

90 4285 181 4351 Terrae
203 4295 371 4372 vaporibus·
385 4297 604 4376 quodammodo
627 4297 809 4359 hebetantur
837 4304 869 4356 et
892 4303 955 4357 tum
979 4295 1111 4356 cernitur
1132 4291 1256 4372 pallere.
1305 4289 1367 4352 Sed
1389 4287 1420 4351 iu

24 4405 25 4420 r
91 4371 126 4435 tt·
145 4378 256 4442 duobus
278 4384 370 4446 modis
395 4386 492 4447 adhuc
516 4386 614 4446 lucere
629 4386 716 4463 ana
735 4393 882 4447 censetur.
917 4383 1019 4445 Tertio
1036 4383 1128 4462 igitur
1142 4379 1308 4459 ingreditur
1330 4379 1419 4440 umb-

91 4469 268 4546 fflffljactam
288 4491 307 4532 a
329 4472 418 4546 Sole,
441 4474 495 4536 sed
517 4481 621 4536 'manet
645 4474 742 4535 adhuc
766 4475 794 4534 in
819 4475 884 4535 luce
909 4489 1061 4553 vaporum.
1107 4469 1149 4530 Et
1172 4477 1243 4529 tunc
1273 4468 1361 4530 rubet
1390 4472 1422 4528 et

92 4560 174 4616 aneu
198 4557 287 4619 uibilo
314 4562 413 4624 secius
445 4563 569 4624 delicere
594 4561 702 4624 dicitur
725 4563 764 4624 ab
795 4560 972 4622 horninibus.
1020 4557 1135 4628 Quarto
1159 4557 1282 4618 tandem
1305 4555 1420 4618 uuius-

93 4643 270 4718 qveetSolis
291 4655 322 4708 et
344 4649 424 4711 atris
448 4651 547 4712 radios
573 4651 679 4730 effugit
703 4651 731 4711 in
755 4651 863 4712 intima
885 4649 1005 4716 umbra,
1030 4646 1078 4706 ubi
1103 4651 1188 4706 caret
1206 4645 1286 4707 omui
1308 4663 1420 4725 prope-

93 4731 192 4794 modum
214 4733 326 4810 colore,
350 4738 470 4800 cinerea
493 4757 651 4820 apparens.
690 4739 783 4801 Hisce
808 4739 851 4800 sic
875 4733 1048 4799 constitutis
1071 4732 1174 4812 procul
1199 4733 1289 4796 dubio
1313 4734 1421 4798 videa·

94 4833 157 4894 aas,
178 4841 216 4884 au
244 4823 332 4887 etiam
364 4829 403 4888 de
432 4827 580 4912 inaequali
609 4828 727 4891 ruboris
758 4829 839 4892 circa
868 4845 959 4889 comu
989 4821 1231 4900 circumjectione
1261 4823 1320 4886 dici
1351 4821 1422 4903 quid
1470 4856 1475 4866 ·
