3674 5538
639 207 734 342 ’a
751 291 824 342 accc
843 289 946 358 monn.
1049 251 1079 302 ⁰
1283 273 1290 283 “
1459 301 1501 367 pp

150 457 199 510 nco
211 458 295 521 promi
314 457 405 519 dubie.
428 463 463 514 id
483 477 632 530 repugnare
656 463 763 516 omnium
791 465 922 516 mcbomm
939 465 1129 525 traditionibusr
1156 469 1244 520 fateor.
1281 471 1330 523 Sed
1348 474 1446 524 interim
1464 483 1503 528 eet

152 528 276 589 cetimum
297 537 378 596 atque
399 534 476 584 adeo
499 535 664 585 demonstrari
682 541 773 599 petest.
799 535 832 586 So
850 535 921 586 seiud
940 537 980 588 die
998 540 1180 590 observationes
1198 539 1386 606 Chaldaeorum,
1406 560 1502 610 quaes

153 601 262 652 iubuneo
290 613 514 666 praesumuntur,
546 606 638 656 endere
655 604 785 656 Vrsaeheu
805 621 834 656 zu
862 607 1042 675 geschueigea
1071 610 1134 658 auch
1157 612 1243 661 darum
1269 614 1357 672 imeob,
1384 618 1440 666 weil
1458 618 1502 668 der

152 671 330 731 lcbonossnrua,
359 675 622 741 Manducempadus,
650 675 803 739 Cambyses,
821 675 914 726 Darius
935 677 989 738 dra,
1019 679 1168 738 damabieu,
1195 685 1242 731 vie
1265 699 1296 734 nu
1314 686 1500 745 demonstrireu‚

153 742 250 794 adeas
265 745 305 793 nit
323 746 399 796 mebr
417 748 448 796 iu
469 762 557 798 rerum
575 753 665 798 natura
683 755 783 813 peccent
809 747 892 797 Waun
910 763 969 798 man
981 765 1032 799 nun
1046 751 1090 799 aul
1100 751 1139 801 die
1157 753 1299 804 verschiene
1312 755 1501 809 Observationes

152 813 252 864 iciam
273 814 411 874 iundiren.
441 820 494 868 vrie
513 818 563 868 viil
588 812 646 868 mun
664 833 695 866 ex
721 819 860 882 praeteritis
879 826 905 869 et
931 821 1101 883 praesentibus
1129 823 1340 876 observationibus
1359 828 1391 878 ad
1417 829 1502 880 lutura

153 885 304 950 contingentia
322 889 513 939 concludenter
531 887 683 939 interiereu'l

222 957 267 1007 leb
282 959 335 1007 vriil
354 960 415 1009 dem
428 961 525 1017 Herru,
544 974 616 1010 vrenu
629 974 654 1009 ee
673 959 748 1010 dehiu
767 961 861 1010 lommt
878 961 929 1010 und
942 976 969 1010 er
988 961 1077 1012 denseu
1095 963 1227 1030 heiming,
1247 979 1309 1030 geru
1327 983 1357 1018 ex
1375 971 1501 1022 autoribus

152 1043 193 1078 rac
207 1028 245 1079 ich
261 1029 313 1078 hab
332 1031 386 1079 und
407 1031 559 1081 belcommen
578 1029 654 1090 kann,
674 1033 872 1081 commuuiciren.
911 1030 961 1082 Sed
980 1033 1052 1082 erede
1070 1033 1136 1094 mihi,
1167 1049 1193 1083 es
1211 1037 1271 1086 wird
1290 1038 1371 1088 zulezt
1393 1040 1500 1100 baiesen.

153 1103 260 1151 inem
283 1100 476 1151 laboraverunt
513 1099 591 1150 Danu
618 1101 685 1151 diese
711 1104 834 1152 restitutio
853 1100 891 1150 vel
909 1104 989 1166 potius
1008 1105 1116 1154 inventio
1135 1109 1276 1169 apparentis
1294 1114 1375 1159 motus
1393 1113 1500 1176 quinque

154 1173 294 1240 planetam
312 1187 365 1222 nou
384 1174 461 1222 unius
481 1173 583 1226 aetatis.
602 1172 692 1220 nedum
710 1175 783 1222 unius
801 1174 913 1222 hominis.
949 1172 994 1223 Ich
1011 1174 1066 1223 halt
1083 1189 1128 1225 aus
1151 1175 1279 1229 allechaud
1298 1180 1423 1239 Grtiudeu,
1443 1184 1501 1232 dece

154 1243 190 1292 der
205 1243 305 1292 otcirste
322 1243 392 1308 weg
412 1241 495 1294 dieser
513 1258 574 1306 seyu
592 1243 684 1301 vitrde,
713 1258 787 1294 venun
808 1245 876 1294 einer
901 1249 994 1293 motum
1013 1245 1176 1304 luminarium,
1196 1247 1259 1298 Solis
1278 1256 1304 1299 et
1322 1250 1409 1302 Lunae
1428 1253 1500 1302 aller·

156 1328 243 1363 massan
259 1313 312 1362 und
332 1313 434 1364 Gectelt
452 1316 499 1364 vvie
519 1329 546 1363 er
560 1315 613 1375 jert
634 1314 681 1364 hoc
697 1321 780 1363 nostro
799 1321 909 1378 tempere
928 1320 954 1364 et
970 1316 1019 1366 hac
1046 1323 1131 1367 aetate
1150 1318 1189 1376 ist,
1210 1323 1347 1378 assumirte,
1367 1323 1500 1374 demeiben
1604 1329 1608 1342 “

157 1384 219 1441 autb
238 1385 270 1433 da
287 1385 339 1434 ihm
358 1385 397 1435 nit
418 1400 448 1433 zu
467 1391 565 1440 trauan,
585 1398 611 1432 so
624 1383 671 1434 viel
689 1385 796 1451 meglich
808 1387 833 1434 iu
845 1385 956 1435 mehrere
975 1387 1146 1437 certitudinem
1160 1404 1189 1438 zu
1208 1389 1310 1456 bringeri
1323 1393 1375 1441 sich
1393 1394 1499 1454 beflisse,

155 1456 198 1504 cod
213 1455 264 1504 seii
282 1456 332 1505 deu
352 1455 573 1506 obsecrationibus
600 1456 787 1518 praeteritorum
814 1461 951 1519 temporum
970 1459 1007 1506 nit
1025 1473 1056 1508 au
1082 1464 1180 1516 tranen,
1210 1460 1267 1510 dass
1286 1463 1353 1512 einer
1377 1464 1499 1516 demuach

156 1527 189 1576 dic
204 1526 304 1590 eclipses
322 1542 354 1576 ex
373 1527 517 1577 authoribus
535 1529 575 1574 fiir
591 1525 667 1576 Haud
693 1527 781 1576 uehme
808 1528 859 1577 und
882 1527 922 1577 die
949 1529 1043 1578 medios
1067 1536 1147 1578 motus
1175 1531 1295 1582 allerseits
1324 1533 1400 1584 dahiu
1427 1536 1499 1586 covil-

156 1597 250 1662 ubqbcb
267 1597 397 1663 dirigierc,
425 1597 503 1648 demit
521 1597 645 1646 dieselbeu
664 1597 749 1647 salvirt
766 1597 864 1646 werden
882 1599 1006 1649 michten.
1044 1599 1104 1648 Wec
1123 1601 1183 1650 aber
1201 1602 1240 1651 die
1262 1618 1331 1654 veros
1350 1613 1376 1656 et
1394 1608 1499 1658 risibiles

158 1677 227 1718 motus
243 1667 345 1724 betulia
364 1670 390 1716 iu
410 1669 544 1718 deucelben
562 1682 589 1716 so
607 1666 667 1734 lang
685 1668 737 1718 und
755 1668 810 1726 viel.
830 1670 865 1718 bis
885 1683 911 1717 ee
930 1669 970 1718 die
988 1669 1124 1720 Nothdurit
1141 1672 1274 1729 erfordert‚
1294 1676 1358 1725 auch
1375 1678 1499 1728 mehrerec

157 1739 250 1788 dsdauu
266 1741 312 1796 nit,
341 1738 378 1788 als
396 1737 465 1788 Noth
483 1740 525 1796 ist,
551 1739 686 1788 immutiret
713 1741 772 1788 oder
798 1740 927 1788 innoviret.
966 1739 1041 1789 Daun
1061 1755 1086 1789 es
1115 1742 1206 1790 elumal
1231 1747 1331 1808 genias,
1360 1748 1418 1796 dass
1443 1751 1499 1799 eine

157 1811 242 1873 eclipsis
259 1809 322 1859 Solis
334 1809 373 1858 vel
387 1809 476 1859 Lunae
493 1823 541 1875 ger
558 1808 633 1858 leicht
651 1808 717 1858 anch
735 1811 816 1860 elueru
827 1809 915 1872 Luyen
928 1810 1107 1860 unleblbarlicb
1119 1827 1150 1862 ru
1163 1813 1297 1873 erleuuen‚
1310 1817 1361 1866 und
1374 1819 1404 1867 ob
1417 1819 1499 1883 gieich

157 1880 212 1928 subl
228 1880 290 1932 sucb
307 1882 333 1929 iu
354 1880 497 1930 demsalben
517 1880 590 1932 leiue
608 1881 812 1930 circumscribitis
831 1881 1014 1932 observationes
1030 1882 1181 1944 verbanden,
1200 1899 1227 1934 co
1244 1885 1312 1935 kann
1325 1887 1388 1938 doeh
1400 1889 1499 1940 deseelb

157 1949 226 2000 dnrcb
250 1951 290 2001 die
307 1950 386 2018 treug
414 1950 458 2002 der
485 1950 600 2015 Enlipseu
627 1952 733 2001 bacereb
752 1949 834 2009 Solia,
862 1953 900 2001 nit
917 1951 955 2002 als
973 1952 1013 2003 die
1040 1952 1108 2004 mehr
1126 1955 1157 2003 ob
1179 1955 1232 2006 sich
1256 1957 1346 2018 haben,
1374 1959 1498 2012 leiohtliclr

157 2029 228 2072 enea
242 2022 347 2072 verdeu.

234 2111 418 2191 Keplerus
455 2123 566 2168 veterum
600 2120 626 2166 iu
663 2116 815 2167 observando
859 2117 1013 2183 diligentiam
1056 2132 1175 2186 suumque
1218 2125 1368 2187 propositum
1411 2125 1496 2178 delen·

159 2205 213 2256 tenc
235 2207 318 2256 stuc:
355 2199 416 2260 etsi
447 2217 520 2260 vero
553 2199 616 2278 ipse
646 2216 761 2278 quoqne
793 2198 883 2260 velim
923 2198 1059 2260 revidere
1092 2199 1182 2264 Solis»
1207 2210 1239 2264 et
1275 2199 1375 2268 Lunae
1406 2207 1496 2270 theo.-

159 2287 226 2360 rias,
259 2305 317 2347 non
350 2286 467 2367 possim
502 2295 604 2349 tamen
640 2285 705 2349 sine
741 2306 858 2349 summa
889 2286 1020 2347 omnium
1060 2289 1340 2354 mathematicorum
1374 2293 1496 2372 invidia,

162 2373 319 2456 priusquam
342 2375 437 2438 ceteri
462 2383 591 2456 quatuor
613 2376 651 2436 ad
675 2376 763 2436 finem
787 2375 898 2436 fuerint
928 2374 1077 2456 perducti.
1124 2378 1289 2442 Praeterea
1311 2402 1358 2443 me
1382 2403 1495 2448 summo

161 2461 274 2526 ludibrio
296 2464 535 2544 mponerem,·si
553 2463 625 2525 nihil
649 2464 798 2527 efficerem
817 2463 956 2544 amplius,
981 2484 1070 2545 quam
1085 2466 1187 2548 Tycho
1207 2469 1317 2532 eflecit.
1342 2471 1495 2537 Tollamus

159 2551 230 2630 prius
255 2551 284 2614 iu
310 2553 411 2615 Marte
441 2570 559 2614 errores
588 2549 626 2617 3⁰
653 2553 701 2626 (ut
729 2571 816 2631 spero
847 2552 990 2628 iactum),
1024 2555 1054 2616 in
1085 2555 1205 2618 Venere
1229 2553 1264 2626 5,
1292 2557 1322 2618 in
1345 2560 1494 2624 Mercurio

159 2639 248 2701 forsan
268 2642 334 2720 pius
354 2641 472 2716 adhuc;
495 2647 604 2721 postea
626 2640 663 2701 de
687 2640 815 2702 residuis
838 2641 867 2703 iu
884 2639 1004 2704 Luna5
1025 2639 1107 2706 velli
1132 2644 1277 2724 scrupulis
1301 2653 1493 2728 satagamus;

159 2735 253 2806 postea
281 2749 300 2789 a
326 2730 468 2812 Tychone
501 2727 667 2791 constituta
700 2727 840 2791 subtilius
875 2730 1134 2794 transformemus.
1187 2733 1352 2797 Praeterea
1379 2746 1491 2814 tamen,

159 2815 218 2878 duur
236 2815 264 2877 in
286 2818 417 2896 planetis
450 2817 631 2889 laboramus,
665 2836 723 2879 non
748 2817 899 2890 desinam,
931 2837 987 2880 nec
1011 2819 1114 2881 desino
1148 2820 1276 2902 nudique
1309 2825 1491 2904 conquirere,

160 2921 223 2983 quae
244 2905 279 2966 ad
302 2907 454 2986 negotium
477 2905 633 2986 eclipsinm
655 2906 785 2986 amplius
808 2907 998 2988 tractandum
1021 2907 1219 2989 requirantur.

234 2991 273 3054 Et
294 2994 361 3056 huic
384 2993 507 3076 negotio
531 2993 561 3056 in
584 3003 671 3074 parte
693 2993 808 3066 ¹serviet
829 2995 1022 3075 peculiariter
1044 2997 1259 3060 Astrouomiae
1283 3016 1355 3078 pars
1378 3000 1490 3082 optica,

160 3098 235 3158 quam
255 3083 397 3145 adornare
431 3083 532 3163 cogito
563 3083 719 3164 usquead
753 3081 844 3145 ferias
876 3083 1043 3148 natalitias.
1096 3083 1251 3166 Siquidem
1288 3087 1386 3150 aulica
1415 3089 1491 3152 haec

159 3167 306 3248 ἀσφαλησις
327 3180 445 3234 tantum
470 3171 543 3234 mihi
565 3171 721 3252 reliquerit
742 3171 796 3233 otii
819 3178 852 3233 et
874 3171 957 3234 Deus
980 3174 1061 3235 vires
1084 3175 1332 3253 suppeditaverit.

234 3257 300 3310 Haec
318 3261 386 3310 circa
401 3261 500 3310 initium
520 3259 575 3310 Oct.
598 3255 666 3308 1602
690 3261 783 3324 scripta
800 3259 873 3324 paulo
891 3267 947 3324 poet
959 3257 1014 3322 (12.
1031 3259 1107 3324 Noc.)
1126 3262 1191 3312 aliae
1208 3269 1311 3315 secutae
1329 3272 1387 3314 sunt
1404 3265 1490 3318 literne

160 3335 253 3402 Kipluu
270 3340 295 3388 in
311 3341 398 3406 quinus
415 3341 479 3390 haec
498 3333 620 3406 ligimus:
650 3331 718 3394 Non
744 3331 855 3394 desinis
879 3332 1010 3405 hortari,
1043 3341 1076 3395 ut
1107 3334 1136 3394 iu
1170 3343 1269 3396 motus
1302 3336 1491 3400 luminarium

159 3415 293 3498 inquiram.
339 3418 442 3492 Quare
467 3420 624 3482 certiorem
646 3419 691 3481 M.
716 3420 750 3483 T.
775 3420 867 3490 facin,
891 3439 957 3482 oum
988 3421 1269 3484 animadvertissem
1296 3443 1393 3487 meam
1417 3426 1488 3487 dili-

160 3509 273 3582 gentiam
296 3509 324 3570 in
349 3508 471 3572 dubium
503 3508 618 3582 vocari,
652 3508 753 3570 inme
785 3507 937 3588 recepisse
961 3509 1018 3572 duo
1042 3529 1148 3590 opera,
1181 3511 1310 3574 alterum
1333 3533 1426 3595 usque
1450 3515 1490 3576 ad

159 3592 260 3658 Pascha
280 3599 410 3660 futurum
432 3604 505 3659 sunt
527 3595 754 3660 commentaria
782 3599 851 3670 (seu
879 3598 958 3676 quod
981 3599 1062 3661 aliud
1086 3601 1216 3662 futurum
1240 3609 1288 3663 est
1311 3606 1434 3677 nomen)
1458 3603 1487 3664 in

160 3681 296 3747 Tironem
327 3686 439 3748 Martis
471 3705 525 3748 acu
553 3685 647 3748 clavis
674 3685 713 3746 ad
740 3685 911 3747 universam
949 3688 1164 3749 astronomiam
1192 3708 1257 3752 eum
1291 3689 1488 3769 problematis

159 3775 332 3838 secundorum
354 3775 507 3836 mobilium
530 3773 667 3856 piurimis
691 3783 722 3836 et
741 3773 969 3854 jucundissimis
993 3795 1031 3837 ex
1054 3776 1316 3839 observationibus
1337 3777 1487 3860 Tychonis

157 3857 251 3924 Bmhe.
301 3861 444 3926 Alterum
475 3863 556 3925 in'tra
591 3861 613 3926 8
644 3860 831 3942 septimanas
869 3862 1085 3926 absolvendum
1122 3873 1188 3927 est:
1222 3866 1487 3927 Astrouomiae

156 3945 231 4012 Parc
259 3950 407 4032 Optica,
432 3953 511 4032 quod
533 3951 572 4013 ad
595 3950 627 4013 id
650 3951 690 4013 ad
713 3951 791 4032 qnod
819 3971 866 4012 me
890 3953 1021 4014 hortaris
1044 3971 1103 4014 non
1135 3953 1273 4034 exiguum
1305 3961 1486 4015 momentum

155 4037 253 4101 ederet.
294 4041 329 4102 lu
353 4059 389 4101 en
414 4039 493 4102 enim
516 4039 755 4113 observationes,
780 4047 949 4121 quaesunt
977 4041 1173 4103 fundamenta
1202 4041 1309 4103 calculi
1333 4051 1364 4103 et
1388 4042 1485 4124 hypo-

67 4134 71 4155 ·
155 4123 273 4202 thesium,
297 4147 370 4209 quae
395 4129 533 4205 informo,
558 4136 641 4190 etex
659 4128 762 4190 multis
781 4128 1013 4208 particularibus
1037 4129 1206 4192 universale
1229 4129 1341 4210 aliquid
1365 4130 1485 4210 colligo,

153 4215 379 4282 considerandum
404 4217 445 4291 ei,
469 4217 519 4297 qni
541 4216 687 4279 theoriam
713 4217 854 4278 luminum
872 4217 937 4280 vuit
960 4219 1093 4298 aggredi.
1130 4217 1333 4298 Disputautur
1356 4226 1388 4280 et
1410 4237 1484 4280 cuu-

152 4301 295 4368 stituuntur
307 4307 405 4367 multa
430 4305 667 4368 fundamentalia
681 4305 717 4367 de
742 4305 896 4368 diametris
915 4306 1102 4369 luminarium
1118 4315 1150 4368 et
1168 4305 1289 4368 umbrae
1305 4307 1483 4383 visibilibus,

150 4389 180 4450 de
198 4401 271 4456 motu
303 4394 426 4456 horario
451 4392 507 4456 sub
528 4395 625 4477 ipsam
658 4393 896 4474 oppositionem,
921 4393 959 4455 de
983 4396 1092 4475 angulo
1117 4395 1303 4471 latitudinis,
1329 4393 1366 4456 de
1392 4395 1484 4459 variis
1509 4389 1518 4406 '

147 4479 216 4544 rbus
238 4483 479 4566 deceptionibus,
504 4483 540 4544 de
563 4483 661 4545 modis
684 4481 864 4570 observandi
887 4483 941 4544 dic.

218 4589 308 4652 Quibus
326 4589 479 4640 Hervarms
503 4590 626 4651 respondit
637 4599 653 4638 ε·
672 4587 721 4638 Die
749 4588 837 4639 beiden
855 4587 963 4645 Btioher,
991 4602 1018 4637 so
1037 4588 1080 4638 der
1097 4588 1162 4638 Herc
1180 4588 1307 4654 ausgehen
1325 4587 1407 4640 lescen
1426 4590 1484 4650 nili,

46 4709 47 4720 2
137 4669 222 4724 gesem
236 4661 276 4713 ich
294 4661 342 4710 mit
361 4659 497 4710 bucinatore
514 4657 657 4725 Verlengen
675 4675 706 4708 au
723 4659 808 4719 seben,
828 4661 873 4709 vie
891 4657 931 4708 ich
950 4658 998 4708 den
1015 4659 1086 4716 bitte,
1105 4659 1192 4708 enbald
1210 4659 1278 4708 eines
1297 4660 1420 4726 gedrum,
1439 4664 1485 4712 mir

46 4723 48 4766 ἶ
184 4729 314 4798 Exemplar
333 4729 471 4782 allershisn
486 4727 647 4780 uideriabreu
664 4745 695 4780 cu
712 4730 802 4780 lancem
834 4729 892 4780 Und
910 4730 966 4779 dont
984 4727 1027 4778 der
1038 4728 1102 4778 Herr
1118 4729 1205 4778 hieran
1223 4743 1289 4794 gena
1307 4732 1415 4783 veisiich
1433 4732 1485 4783 und

46 4767 48 4828 4
132 4803 193 4864 veti.
211 4804 268 4856 dans
285 4803 323 4854 Er
351 4797 461 4852 utnicb
476 4799 527 4849 und
551 4800 691 4867 allgemaclc
707 4800 773 4852 nach
790 4800 842 4852 und
859 4800 925 4853 uach
942 4813 994 4850 vec
1022 4800 1148 4864 ausgeben
1170 4800 1255 4851 lucet
1292 4800 1369 4854 Danu
1387 4817 1414 4854 er
1430 4802 1483 4856 neh
