3684 5518
304 311 370 381 260
772 313 962 380 Paralipomtna
979 315 1005 364 ir:
1022 311 1191 366 Vitelliorum.

306 498 355 556 est
378 491 601 555 simulacrorum
633 508 688 571 per
715 495 809 550 totam
843 490 1005 552 retiformis
1035 489 1233 569 superficiem,
1260 491 1292 551 id
1317 509 1336 552 a
1358 491 1533 571 crystallino
1555 489 1658 570 majus

304 671 382 733 cillis
407 669 537 730 externis
562 668 600 728 ad
624 667 750 730 retinam
772 666 952 728 traductam.
1000 663 1127 729 Oculum
1153 668 1229 728 enirn
1262 668 1306 729 sic
1330 668 1358 728 in
1382 668 1477 730 latum
1503 667 1659 730 illustrant

305 777 353 820 res
376 757 511 819 visibiles
535 756 652 834 plures,
677 761 710 816 ut
733 761 834 816 tamen
859 763 891 816 et
913 755 942 816 in
967 756 1044 816 idem
1069 761 1201 817 centrum
1224 757 1312 836 qnasi
1336 763 1446 818 coeant
1468 763 1502 818 et
1523 755 1658 816 sectione

304 845 368 921 (vel
400 844 500 926 quasi)
534 845 632 915 facta,
665 842 704 903 ab
729 843 833 904 eodem
856 843 943 906 unico
969 852 1080 922 puncto
1113 845 1302 923 excipiantur
1335 844 1363 904 in
1388 843 1526 906 retinam.
1574 843 1659 905 Tunc

303 936 405 1014 itaque
427 931 601 1013 perspicilla
623 947 758 992 convexa
780 939 937 1010 praestare
958 939 1096 1010 possunt,
1120 939 1154 992 ut
1177 953 1196 991 a
1219 950 1250 992 re
1274 932 1414 1012 quapiam
1437 933 1534 1011 major
1548 949 1657 1010 euper-

303 1022 385 1084 licies
409 1021 524 1082 retinas
548 1027 719 1098 occupetur.
757 1021 802 1081 At
825 1021 904 1080 inter
926 1019 1132 1100 crystallinum
1157 1028 1189 1080 et
1212 1020 1339 1081 retinam
1362 1021 1475 1082 nullum
1499 1027 1657 1100 estpunc-

303 1120 365 1173 tnm
389 1127 552 1172 concursus
576 1109 726 1169 radiorum
750 1125 787 1167 ex
811 1107 939 1168 diversis
963 1107 1090 1168 visibilis
1114 1108 1157 1168 rei
1180 1108 1300 1186 punctis
1319 1108 1511 1182 venientium,
1534 1126 1589 1188 per
1606 1105 1656 1170 tt.

301 1197 518 1280 praemissam:
553 1215 644 1276 qnare
670 1195 772 1274 potius
796 1195 892 1257 minor
914 1195 948 1257 fit
970 1197 1070 1274 portio
1101 1195 1271 1257 illustratae
1301 1195 1417 1257 retinas
1440 1205 1565 1276 propter
1587 1215 1657 1278 cry·

302 1287 470 1358 stallinum,
503 1303 591 1366 quarn
620 1283 727 1362 major.
776 1283 855 1344 Vide
880 1281 932 1346 23.
962 1284 1158 1364 praemissam
1192 1293 1223 1346 et
1252 1303 1328 1364 qnae
1351 1283 1426 1348 Nro.
1450 1281 1483 1347 2.
1508 1286 1545 1346 de
1569 1285 1660 1346 modo

301 1375 426 1438 visionis
450 1373 532 1434 dicta
556 1383 636 1435 suut.
683 1371 818 1452 Denique
847 1391 941 1452 neque
970 1373 1018 1434 hic
1047 1379 1096 1434 est
1121 1391 1193 1433 usus
1227 1373 1419 1452 specillorom
1447 1389 1657 1448 convexomm,

303 1473 337 1527 nt
358 1481 408 1526 res
432 1463 569 1541 augendo
593 1462 754 1534 illustrent,
778 1468 813 1522 ut
835 1459 938 1522 vidisti
961 1462 1129 1542 praemissa
1150 1477 1236 1540 prop.
1260 1459 1331 1535 28.;
1363 1462 1423 1523 imo
1445 1461 1558 1524 vitiosa
1582 1461 1659 1523 visio

302 1559 394 1628 asset,
418 1552 446 1613 si
469 1569 517 1613 res
537 1551 621 1630 justo
640 1549 782 1628 majorem
805 1539 1006 1629 quantitatem
1029 1551 1179 1630 pingendo
1204 1550 1232 1612 in
1257 1551 1354 1612 retina
1373 1559 1543 1632 occuparet.
1577 1551 1657 1612 fiam

302 1650 335 1704 ut
357 1641 485 1721 pictura,
510 1641 555 1700 ita
577 1638 665 1700 visio.

392 1729 522 1790 Videtur
544 1727 696 1788 Platemm
720 1727 749 1786 iu
773 1725 851 1786 lranc
874 1726 1055 1788 sententiam
1085 1726 1240 1788 induxisse
1264 1726 1293 1788 id
1317 1727 1555 1806 experimentum
1579 1742 1657 1789 ana-

302 1817 455 1888 tomicam,
479 1815 619 1898 qnodex
642 1814 710 1876 aliis
734 1814 987 1888 medicinedici,
1012 1815 1129 1876 scillcet
1152 1815 1384 1896 sicrystallinns
1399 1817 1513 1892 humor,
1531 1817 1658 1879 seorsim

303 1907 478 1970 enucleatus
502 1906 541 1965 ab
565 1902 734 1966 humoribus
758 1903 887 1976 ceteris,
920 1903 1071 1964 minutulis
1105 1903 1199 1966 literis
1228 1905 1505 1984 superimponatur,
1531 1923 1657 1985 reprae-

304 2003 425 2058 sentare
448 1993 518 2056 illas
542 1992 680 2072 majores.
727 1991 840 2053 Vemm
865 1991 895 2051 id
918 2001 967 2052 est
990 1991 1115 2053 alienius
1139 1994 1177 2053 ab
1200 1991 1257 2053 hoc
1290 1993 1420 2072 negotio.
1468 1993 1555 2056 Visio
1578 1995 1658 2056 enirn

303 2085 337 2146 lit
359 2081 511 2146 mediante
535 2081 653 2161 pictura
674 2083 705 2142 in
730 2079 884 2142 retifurrui.
932 2081 975 2140 At
1005 2081 1079 2142 haec
1108 2080 1232 2142 fallacia
1260 2081 1408 2162 contingit
1431 2101 1489 2144 non
1512 2101 1567 2163 per
1588 2083 1657 2162 pic-

302 2181 401 2234 turam
423 2170 478 2232 ssd
501 2187 554 2248 per
577 2169 711 2230 rationes
730 2167 878 2248 imaginis.
916 2169 998 2247 Ergo
1022 2169 1097 2230 haec
1121 2169 1313 2248 amplificatio
1338 2170 1494 2233 literarum
1515 2188 1571 2252 per
1587 2191 1657 2254 cry·

303 2261 457 2322 stallinum
481 2257 545 2330 (vel
568 2257 595 2318 ei
619 2259 766 2338 analogon
792 2257 943 2337 quippiam
967 2258 995 2318 iu
1021 2258 1122 2330 oculo)
1146 2277 1204 2318 uon
1228 2258 1371 2320 informat
1393 2259 1548 2322 visionem.

392 2363 505 2428 ¹Confer
524 2363 589 2443 jam
612 2364 732 2425 modum
755 2383 856 2427 vcmm
880 2362 1004 2425 visionis
1028 2385 1047 2424 a
1071 2381 1117 2424 rue
1145 2365 1331 2443 propositum
1358 2383 1425 2427 cnm
1457 2365 1510 2428 illo
1533 2364 1658 2440 Platani,

303 2451 421 2516 videbis
445 2451 643 2514 clarissimum
667 2453 760 2514 virum
785 2472 843 2515 non
869 2451 986 2531 longius
1010 2470 1122 2513 avere
1147 2452 1271 2526 abesse,
1306 2471 1394 2533 quam
1419 2463 1560 2536 quantum
1584 2474 1658 2536 pro-

304 2543 434 2604 fessione
464 2540 628 2614 medicum,
658 2541 708 2622 qui
741 2541 956 2604 mathematica
978 2560 1035 2603 non
1060 2541 1164 2602 dedita
1182 2559 1274 2620 opera
1295 2549 1424 2621 tractat,
1449 2544 1558 2606 abesse
1583 2562 1657 2606 cou-

304 2639 480 2694 sentaneum
503 2637 560 2690 est.

392 2717 550 2782 Cornelius
576 2715 703 2779 Gemma
726 2715 859 2779 medicus
884 2725 915 2778 et
937 2715 1132 2798 philosophus
1156 2717 1321 2797 profundae
1340 2719 1502 2800 indaginis,
1528 2715 1657 2784 Cosmu-

303 2808 423 2873 oritices
446 2805 524 2869 libro
539 2807 578 2868 lI.
605 2806 654 2870 fol.
677 2803 747 2868 120.
759 2800 804 2878 “)
833 2807 952 2868 modum
976 2804 1100 2867 visionis
1124 2805 1275 2885 componit
1299 2816 1331 2869 ct
1344 2809 1500 2871 confundit
1522 2825 1598 2888 pene
1622 2829 1659 2871 ex

303 2898 439 2960 omnibus
463 2896 512 2977 qui
536 2895 744 2957 celebrantur:
769 2895 798 2956 in
823 2913 880 2975 qno
904 2893 1007 2956 videas
1031 2905 1147 2957 certare
1167 2895 1324 2958 verborum
1340 2897 1568 2978 ambiguitatem
1591 2917 1658 2961 oum

302 2985 486 3048 obscuritate
511 3002 628 3058 rernm,
653 3001 719 3046 curn
743 2983 792 3043 hic
817 2991 878 3045 tum
901 2983 933 3044 in
956 2989 1021 3044 toto
1046 2983 1107 3044 fere
1132 2983 1225 3056 libro,
1252 2985 1321 3046 dum
1346 2985 1383 3047 de
1406 2987 1536 3048 materia
1558 2989 1657 3067 maje-

303 3073 395 3135 statie
420 3071 595 3151 plenissima
617 3071 703 3150 gravi
731 3073 812 3151 stylo
843 3071 1019 3133 rhetoricari
1052 3082 1084 3133 et
1113 3072 1203 3151 plane
1237 3072 1394 3136 vaticinari
1425 3075 1541 3138 mavult
1569 3091 1659 3156 qnam

303 3162 473 3240 disputare,
513 3179 566 3220 uec
596 3160 652 3220 nisi
684 3179 806 3239 gravem
843 3161 985 3222 lectorem
1019 3169 1050 3221 et
1085 3159 1320 3224 attentissimum
1358 3163 1474 3226 erudire
1509 3163 1659 3244 dignatur.

302 3249 436 3312 Primum
457 3247 514 3308 hoc
539 3267 576 3308 ex
599 3247 765 3309 Vitellione
789 3257 820 3308 et
845 3267 882 3309 ex
904 3247 1028 3326 opticis:
1053 3265 1128 3309 cono
1152 3249 1297 3312 visionem
1322 3250 1442 3327 confici,
1466 3253 1549 3334 cnjus
1574 3254 1657 3316 basis

303 3339 333 3400 in
357 3357 389 3398 re
412 3333 531 3410 visibili,
556 3343 662 3397 vertex
685 3336 715 3396 iu
739 3345 841 3398 centro
865 3334 1041 3416 crystallini.
1074 3335 1190 3398 Deinde
1213 3338 1270 3400 huc
1294 3356 1332 3401 ex
1354 3340 1545 3420 philosophia
1569 3351 1656 3404 vete-

305 3445 379 3500 rum,
405 3423 520 3504 legibus
544 3442 602 3484 non
627 3422 734 3504 opticis
759 3433 792 3485 at
814 3423 914 3485 verbis
938 3423 1060 3502 opticis:
1086 3443 1192 3487 conum
1216 3427 1307 3489 aliurn
1330 3430 1442 3491 vertice
1468 3430 1506 3491 ad
1521 3439 1658 3494 centrum

303 3511 485 3597 crystallini,
519 3510 585 3574 basi
618 3511 696 3573 intro
724 3520 864 3592 porrecta
892 3530 966 3574 cono
992 3513 1034 3574 illi
1058 3513 1200 3576 exteriori
1225 3515 1343 3578 obviam
1367 3515 1424 3592 ire;
1462 3519 1547 3580 illum
1571 3519 1657 3590 lucis,

302 3605 381 3665 hunc
405 3600 526 3682 spiritus
551 3620 604 3662 seu
629 3601 782 3663 facultatis
806 3600 935 3662 visorise
966 3619 1049 3677 esse;
1080 3601 1131 3663 illo
1160 3604 1277 3682 species
1308 3605 1446 3683 intinere,
1475 3607 1531 3670 hoc
1554 3607 1656 3688 recipi,

305 3708 413 3772 magno
442 3689 559 3770 quidem
588 3699 619 3751 et
647 3689 709 3750 lato
739 3689 867 3764 debiles,
892 3689 962 3750 exili
986 3689 1088 3752 fortes.
1128 3699 1258 3770 (spiritus
1279 3721 1316 3758 an
1340 3706 1453 3761 schema
1479 3707 1593 3762 induat?
1622 3723 1659 3761 an

304 3807 387 3846 conns
416 3806 477 3844 esse
505 3789 613 3859 possiet
649 3795 678 3842 et
704 3789 748 3842 cui
775 3785 884 3854 bonet)
932 3777 994 3840 Sed
1022 3779 1195 3859 aenigmata
1224 3781 1311 3861 hujus
1346 3785 1478 3847 auctoris
1511 3795 1658 3867 qnatenus

304 3887 459 3932 commune
484 3867 554 3948 qnid
578 3867 691 3929 babent
714 3887 780 3929 cum
804 3867 994 3946 opinionibus
1018 3867 1085 3930 aliis
1110 3887 1184 3948 quae
1207 3872 1316 3943 refuto,
1340 3872 1379 3933 ad
1402 3874 1457 3936 bas
1475 3875 1596 3956 relego:
1621 3873 1657 3936 de

303 3967 404 4020 cetero
427 3974 493 4018 curn
516 3975 550 4017 se
573 3955 742 4019 lubricitate
765 3956 932 4031 verborum,
958 3963 1106 4036 utcunque
1128 3973 1263 4036 premas,
1291 3961 1447 4040 evolvant,
1470 3964 1565 4026 missa
1588 3970 1658 4025 sunt

303 4045 451 4121 facienda,
474 4045 653 4125 praesertim
678 4045 748 4125 quia
770 4045 890 4106 modum
914 4061 1016 4106 verum
1040 4051 1123 4105 certo
1146 4045 1323 4110 invenimus.

391 4141 535 4222 Sequitur
571 4151 756 4221 postremus,
792 4161 878 4224 quem
915 4141 972 4204 hac
1004 4142 1068 4204 vice
1112 4141 1361 4208 considerandum
1398 4147 1469 4210 mihi
1505 4149 1656 4230 proposui,

300 4229 435 4294 Joannes
459 4229 602 4309 Baptista
625 4231 735 4301 Porta,
759 4231 808 4312 qni
832 4231 908 4294 libro
935 4227 983 4294 17.
1008 4231 1130 4310 Magiae
1153 4231 1311 4296 Naturalis
1343 4231 1442 4315 ca'pite
1466 4231 1496 4300 6.
1530 4239 1656 4318 primum

303 4321 367 4400 ejus
390 4318 433 4381 rei
457 4318 613 4380 artificium
641 4319 748 4393 tradit,
778 4319 864 4400 cnjus
887 4338 978 4400 supra
1000 4320 1099 4400 capite
1124 4322 1253 4384 secundo
1277 4323 1439 4386 solemnem
1464 4326 1654 4388 demonstra-

301 4409 414 4470 tionem
438 4405 597 4486 expedivi:
631 4425 691 4486 qna
713 4407 829 4470 ratione
854 4427 959 4487 nempe
983 4409 1084 4470 omnia
1111 4407 1140 4469 in
1165 4412 1297 4474 tenebris
1321 4411 1480 4477 videantur
1502 4432 1567 4478 cum
1593 4414 1656 4476 suis

301 4497 460 4570 coloribus,
486 4513 562 4574 quae
587 4495 659 4556 foris
684 4516 702 4556 a
725 4494 796 4557 Sole
821 4497 1030 4558 illustrantur:
1054 4503 1173 4576 postea,
1197 4499 1361 4580 propositis
1383 4503 1500 4584 aliquot
1516 4501 1656 4582 jucundis

301 4583 450 4658 artificiis„
478 4583 542 4662 jam
575 4584 768 4646 conclusurus
801 4583 899 4644 locum
932 4584 1007 4644 haec
1038 4583 1195 4664 paneade
1232 4589 1355 4651 visionis
1392 4592 1480 4652 modo
1517 4589 1655 4652 addidit:

301 4671 374 4727 Hinc
393 4673 565 4744 philosophis
586 4679 617 4727 et
636 4673 734 4744 upticis
754 4676 843 4743 patet,
867 4689 984 4742 quonam
1003 4675 1055 4728 flat
1075 4675 1144 4728 risio
1165 4675 1234 4742 loco,
1256 4695 1289 4733 ac
1310 4679 1508 4736 intromittendi
1522 4679 1657 4734 dirimitur

301 4753 428 4824 quaestio
459 4752 497 4805 sie
523 4753 676 4824 antiquitus
705 4753 866 4824 exaffl'tata,
897 4769 947 4806 nec
975 4753 1030 4806 alio
1051 4769 1171 4824 unquam
1193 4759 1308 4813 artificio
1340 4761 1521 4834 demonstrari
1541 4760 1654 4831 poterit.

300 4831 495 4886 intromittitur
510 4831 609 4885 idolum
620 4848 670 4903 per
684 4833 827 4902 pupillam,
844 4833 984 4885 fenestrae
995 4833 1134 4887 foraminis
1147 4834 1244 4902 inem,
1259 4839 1402 4912 vicumque
1412 4839 1520 4896 obtinet
1530 4841 1654 4904 tabulae,
