3648 5530
347 225 412 292 536
957 229 1085 296 Dispersa

344 401 464 486 papyro'
488 403 623 466 omuibus
656 405 747 466 radiis
781 405 887 484 quibus
919 406 950 467 iu
983 407 1094 468 lentem
1123 408 1242 481 radiat,
1275 425 1391 468 rursum
1422 408 1452 468 lu
1483 407 1603 470 unicum
1636 409 1696 470 iere

345 501 487 573 punctum
511 492 670 571 colligitur.
711 491 862 555 Constant
885 511 957 554 vero
980 495 1112 556 visibilia
1134 495 1254 576 punctis
1283 493 1415 557 infinitis.
1453 496 1576 576 Infinita
1606 497 1698 576 igitur

346 582 421 644 talia
443 590 555 660 puncta
577 581 737 660 pingantur
761 599 850 659 super
873 601 997 663 papyro,
1023 584 1052 644 id
1077 592 1126 644 est
1149 593 1216 645 tota
1239 585 1282 647 rei
1305 582 1432 645 visibilis
1455 587 1639 666 superficies.

433 670 547 732 XLIV.
594 669 828 748 Propositio.
874 671 998 733 Pictura
1020 673 1111 734 lentis
1134 674 1255 734 inversa
1278 681 1336 735 est.

432 757 512 820 Nam
535 758 600 818 lens
624 765 673 818 est
697 757 781 819 basis
800 759 833 820 iu
859 778 946 838 quam
961 759 1104 836 insistunt
1127 761 1188 824 biui
1211 763 1358 841 utrimque
1382 760 1458 834 coui,
1483 761 1610 823 alterins
1624 779 1695 823 ver-

345 855 397 908 tex
420 855 468 907 est
490 846 521 908 in
545 853 655 925 puncto
679 846 799 916 visibili,
825 847 949 909 alterius
974 855 1078 910 vertex
1100 850 1130 911 iu
1153 857 1264 928 puncto
1287 851 1425 929 picturae
1458 868 1549 927 super
1571 868 1695 931 papyro.

431 934 531 996 XLV.
569 935 766 996 Definitio.
813 936 955 998 Dicamus
980 939 1073 999 talem
1093 938 1193 1018 bigam
1217 939 1372 1000 doctrinae
1395 956 1489 998 causa
1512 939 1693 1017 penicillmu.

431 1021 501 1084 Jam
525 1042 594 1084 vero
618 1022 750 1103 penicilli
774 1042 875 1086 omues
899 1025 1029 1088 omnium
1056 1035 1233 1105 punctorum
1264 1027 1294 1086 in
1329 1028 1410 1088 lente
1443 1027 1527 1088 velut
1556 1028 1585 1088 in
1609 1047 1694 1088 com-

343 1111 423 1172 muni
447 1112 513 1173 basi
537 1129 678 1173 concrum
702 1121 882 1174 concurrunt
905 1122 936 1174 et
959 1115 1089 1176 transita
1112 1115 1193 1178 lente
1217 1134 1333 1176 rursum
1357 1115 1534 1194 diverguut:
1560 1115 1695 1176 sortiun-

344 1207 450 1280 turque
483 1201 591 1279 plagas
624 1201 800 1263 contrarias.
847 1201 882 1262 In
912 1203 1066 1264 schemate
1090 1200 1143 1265 27.
1168 1203 1300 1283 pauleilli
1332 1211 1394 1265 tres
1424 1210 1496 1265 sunt
1526 1204 1604 1278 AB,
1639 1203 1694 1265 OD

342 1295 373 1350 et
397 1287 450 1350 EF
473 1308 633 1351 concurren
637 1296 683 1350 tes
637 1290 736 1350 tiu
760 1291 841 1351 lente
865 1309 999 1352 convexa
1024 1289 1093 1366 GH,
1117 1293 1212 1354 veluti
1235 1292 1265 1352 in
1289 1292 1355 1353 b'asi
1379 1291 1535 1354 communi.

429 1377 546 1440 XLVI.
592 1377 820 1458 Propositio.
876 1378 963 1440 Sicut
999 1398 1031 1440 se
1070 1379 1165 1442 habet
1200 1379 1346 1442 diameter
1381 1380 1516 1484 picturae
1554 1381 1596 1443 ad
1629 1380 1694 1460 ejus

342 1465 519 1527 distantiam
543 1485 562 1526 a
585 1466 681 1541 lente,
713 1466 756 1527 sic
779 1485 812 1528 se
835 1466 930 1529 habet
952 1467 1099 1530 diameter
1128 1469 1171 1530 rei
1196 1470 1279 1531 visae
1304 1469 1342 1530 ad
1366 1469 1431 1549 ejus
1456 1469 1548 1532 etiarn
1571 1471 1693 1532 dsun-

340 1554 416 1616 tiam
440 1575 458 1614 a
481 1555 561 1617 lente
585 1555 658 1616 fere.
705 1553 785 1616 Nam
809 1574 882 1618 axes
905 1541 1110 1637 penicillorum
1134 1559 1251 1629 (rectae
1285 1559 1393 1620 ductam
1422 1579 1442 1618 a
1473 1565 1585 1636 puncto
1617 1559 1692 1618 visi·

341 1642 396 1705 bili
423 1643 461 1703 ad
494 1650 635 1722 puuctum
661 1642 796 1722 picturae
821 1645 1020 1724 respondens)
1053 1655 1159 1707 secant
1186 1647 1254 1709 sese
1287 1655 1388 1708 mutuo
1421 1665 1524 1707 omues
1553 1665 1632 1727 pene
1664 1649 1692 1707 in

343 1751 400 1794 uuo
423 1739 544 1812 puncto,
569 1730 648 1812 quod
672 1739 720 1792 est
741 1733 876 1813 proxime
906 1743 1040 1796 centrum
1064 1735 1163 1798 lentis.
1209 1736 1292 1814 Ergo
1322 1735 1423 1814 auguli
1456 1757 1531 1798 rara
1562 1757 1692 1815 aopopqr

341 1821 483 1901 aequales
521 1819 620 1893 (Eucl.
644 1819 669 1894 I,
697 1817 767 1895 15),
802 1821 914 1884 habent
947 1824 1038 1884 etiam
1071 1823 1160 1885 bases
1184 1825 1317 1886 cruribus
1342 1824 1488 1904 utrimque
1519 1825 1692 1905 proportio-
1799 1893 1800 1906 χ

341 1908 426 1971 nales
450 1907 550 1982 (Eucl.
576 1905 703 1983 VI,·l).
1799 1907 1800 1934 ³

427 1997 561 2059 XLVII.
607 1997 811 2061 Problema.
858 1995 1123 2062 Semidiametrum
1142 2000 1343 2063 convexitatis
1367 2001 1578 2083 compendiose
1602 2002 1690 2063 iuda·

339 2103 422 2165 gare,
447 2085 474 2146 s'i
497 2085 538 2147 sit
561 2087 626 2147 lens
650 2086 797 2166 utrimque
826 2105 961 2148 convexa
984 2087 1102 2168 aequali
1127 2089 1328 2152 convexitate.

428 2174 579 2254 Papyrum
604 2174 732 2254 applica,
758 2176 808 2237 ubi
831 2195 879 2237 res
903 2175 1083 2257 longinquae
1107 2176 1270 2257 pinguntur
1299 2176 1527 2240 distinctissime
1550 2179 1690 2240 omnium.

338 2261 418 2324 Nam
442 2262 511 2341 (per
528 2261 663 2337 XLIII.)
687 2282 818 2344 papyms
843 2263 900 2325 erit
922 2264 953 2326 in
975 2275 1087 2346 puncto
1110 2283 1280 2328 concursus.
1326 2267 1407 2346 Ergo
1433 2268 1503 2346 (per
1523 2265 1690 2342 XXXIX.)

340 2349 440 2412 aberit
462 2350 686 2413 semidiametro
710 2353 910 2414 convexitatis
933 2373 952 2412 a
975 2354 1066 2416 lente.

425 2439 574 2502 XLVIII.
598 2439 803 2503 Problema.
827 2443 911 2504 Idem
924 2441 1078 2521 indagare,
1094 2443 1121 2503 si
1136 2443 1199 2503 lens
1210 2443 1252 2505 sit
1265 2442 1334 2505 hinc
1349 2461 1493 2518 convexa,
1509 2443 1578 2504 iude
1589 2444 1687 2523 plana

426 2527 578 2592 Converte
600 2529 725 2608 planum
747 2529 838 2592 lentis
862 2548 968 2592 versus
997 2530 1116 2593 visibile
1145 2532 1335 2612 longinquum
1367 2531 1455 2611 idque
1488 2532 1688 2612 perpendicu-

335 2615 442 2679 lexiter
449 2637 459 2692 ;
484 2624 517 2678 ut
540 2617 584 2678 sic
608 2617 686 2680 radii
710 2618 739 2680 iu
763 2618 901 2698 ingressu
925 2620 1100 2698 rectangulo
1127 2618 1202 2682 nihil
1234 2621 1423 2699 frangantur.
1469 2621 1513 2682 Et
1542 2638 1688 2702 papyrum

333 2705 376 2768 ibi
399 2706 530 2786 applica,
554 2706 603 2767 ubi
626 2705 760 2786 pingitur
783 2707 900 2769 visibile
925 2707 1076 2770 distincte.
1123 2708 1204 2788 Ergo
1229 2710 1297 2788 (per
1319 2709 1452 2782 XLIH.)
1475 2727 1611 2791 papyrus
1634 2709 1690 2770 erit

333 2795 364 2855 iu
387 2803 499 2874 puncto
524 2813 703 2869 concursus,
737 2802 769 2858 et
792 2791 862 2878 (per
884 2795 1037 2870 XXXV.)
1071 2795 1216 2859 diametro
1244 2799 1310 2860 fere
1343 2798 1463 2876 integra
1485 2797 1688 2860 convexitatis

335 2883 433 2946 aberit
455 2891 527 2963 post
549 2884 670 2946 lentem.

422 2972 539 3035 XLIX.
587 2972 788 3035 Problema.
836 2971 964 3033 Lentem
996 2973 1132 3052 aequalis
1162 2973 1310 3054 utrimque
1343 2975 1545 3036 convexitatis
1578 2972 1687 3037 visibili

333 3060 499 3140 propinquo
522 3059 632 3135 metiri,
658 3069 800 3141 quantam
823 3058 938 3123 habeat
962 3060 1074 3122 diamet
1061 3069 1140 3123 trum
1163 3061 1349 3125 convexitas.

424 3149 504 3210 Tenc
529 3149 639 3210 lentem
663 3147 761 3210 medio
786 3148 851 3209 loco
875 3148 953 3211 inter
980 3168 1125 3231 papymm
1154 3159 1185 3212 et
1211 3149 1339 3226 visibile,
1368 3151 1457 3230 idque
1485 3153 1686 3231 perpendicu-

335 3237 440 3298 lariter
464 3244 507 3297 et
516 3237 668 3316 praecise:
694 3235 870 3298 distantiam
894 3256 965 3299 vero
989 3238 1143 3319 utriusque
1167 3259 1186 3300 a
1208 3239 1289 3300 lente
1304 3239 1502 3320 aequalibus'
1494 3242 1687 3332 incrementis

334 3343 410 3405 auge
435 3324 483 3385 vel
507 3325 603 3386 minue
628 3325 725 3405 quoad
749 3325 898 3407 pictura
890 3345 920 3386 m
944 3344 1058 3408 papyro
1082 3328 1137 3389 liat
1159 3327 1400 3390 distinctissime.

422 3413 502 3474 Nam
525 3413 595 3492 qula
619 3413 735 3475 visibile
760 3433 848 3494 super
871 3431 985 3496 papyro
1011 3415 1158 3494 pingitur,
1181 3435 1313 3496 papyrus
1336 3416 1428 3496 igitur
1452 3417 1530 3478 est'
1523 3436 1552 3478 ru
1576 3425 1686 3496 puncto

334 3519 497 3565 concursus
520 3501 671 3563 radiorum
695 3521 713 3562 a
735 3509 845 3581 puncto
869 3503 913 3565 rei
938 3503 1065 3566 visibilis
1088 3504 1158 3585 (per
1180 3504 1324 3580 XLIIl..)
1372 3504 1453 3575 Quia
1476 3523 1547 3567 vero
1571 3527 1686 3588 aequa-

333 3591 404 3654 liter
427 3592 538 3653 absunt
560 3589 678 3651 visibile
703 3597 734 3671 et
755 3608 887 3672 papyrus
911 3611 931 3652 a
954 3592 1050 3666 lente;
1076 3586 1226 3655 radiorum
1249 3593 1342 3672 igitur
1355 3601 1460 3674 partes
1476 3595 1557 3656 iutra
1579 3613 1688 3675 corpus

331 3680 422 3742 lentis
438 3687 524 3744 erunt
537 3679 712 3758 parallelae.
751 3676 786 3740 Si
805 3698 834 3740 n.
854 3699 912 3740 nou
932 3689 1035 3742 esseut
1048 3682 1223 3762 parallelae,
1249 3683 1359 3745 nullius
1373 3681 1450 3744 radii
1464 3702 1535 3762 pars
1551 3683 1688 3762 (praeter

330 3768 428 3831 intimi
445 3787 505 3848 per
528 3767 600 3829 lant
579 3775 618 3829 trs
643 3767 814 3829 umbilicum
837 3769 1125 3848 perpendiculariter
1148 3770 1281 3844 ducti)'
1273 3792 1302 3832 ιιι
1335 3778 1491 3852 utramque
1516 3773 1685 3853 aequalium

331 3858 554 3938 superficiemm
580 3855 698 3936 aequali
722 3856 914 3918 inclinatione
937 3857 1116 3933 incurreret,
1146 3878 1241 3940 neque
1269 3859 1362 3940 igitur
1385 3859 1552 3940 aequaliter
1575 3861 1686 3923 refrin-

330 3953 451 4026 gerctur
470 3945 621 4018 (XVIII.)
628 3962 638 4018 ;
663 3963 754 4024 quare
769 3963 865 4026 neque
889 3947 1008 4025 aequali
1032 3947 1178 4029 utrimque
1203 3947 1362 4010 intervallo
1386 3968 1404 4008 a
1427 3947 1508 4010 lente
1532 3967 1598 4010 cum
1612 3967 1684 4029 per-

329 4033 514 4113 pendiculari
547 4040 747 4094 concurreret.
795 4031 872 4096 (lum
904 4032 995 4111 igitur
1028 4036 1091 4098 sint
1112 4035 1252 4116 paralleli
1276 4035 1356 4100 iutra
1374 4053 1498 4116 corpus,
1522 4055 1685 4100 concursus

305 4122 477 4186 -diametro
502 4121 591 4184 lentis
615 4121 714 4184 aberit
737 4120 915 4195 (XXXV.).

419 4211 456 4273 L.
502 4209 710 4272 Problema.
757 4210 854 4271 Lente
879 4209 1025 4290 utrimque
1049 4211 1216 4292 aequaliter
1238 4229 1373 4274 convexa
1396 4211 1565 4276 incendere.

421 4297 485 4360 Soli
510 4297 798 4378 perpendiculariter
821 4297 918 4377 objice
942 4298 1063 4370 lentem,
1087 4301 1178 4361 ustile
1202 4300 1322 4379 applica
1340 4301 1369 4361 in
1383 4308 1494 4380 puncto
1510 4321 1682 4378 concursus,

331 4386 409 4464 quod
432 4387 531 4448 aberit
544 4385 768 4448 semidiametro
792 4385 1005 4460 convexitatis,
1030 4387 1101 4468 quia
1123 4389 1200 4450 radii
1223 4389 1318 4450 centri
1332 4388 1414 4451 Solis
1437 4391 1577 4468 paralleli
1601 4399 1682 4454 suut.

415 4475 469 4536 LI.
515 4473 718 4535 Problema.
765 4474 849 4536 Idem
873 4483 1030 4553 praestare
1053 4494 1107 4555 per
1131 4477 1242 4538 lentem
1267 4476 1435 4557 altrobique
1463 4480 1595 4558 planem.

416 4562 468 4622 Fit
490 4562 635 4626 diametro
659 4561 722 4622 fere
746 4563 948 4624 convexitatis
971 4571 1042 4642 post
1064 4564 1176 4626 lentem
1200 4568 1268 4644 (per
1289 4563 1453 4640 XXXV.).

252 4711 258 4722 ,
417 4649 485 4710 LlI.
531 4649 737 4711 Problema.
783 4651 879 4712 Lente
908 4669 1043 4712 convexa
1065 4651 1101 4712 de
1126 4663 1214 4714 nocte
1238 4654 1343 4717 literas
1362 4653 1517 4716 illustrare
1536 4654 1683 4733 adprae-

332 4733 459 4798 seutiam
481 4737 567 4798 unius
591 4735 692 4798 clarae
715 4737 834 4810 stellae,
857 4747 892 4800 ut
914 4738 974 4817 legi
996 4737 1125 4818 possint.
