3672 5528
335 256 402 334 260
813 259 1046 326 resumpseris
1064 259 1230 320 mesa.

333 433 432 510 madi,
448 453 514 500 'uon
538 437 619 504 alba
665 437 711 503 At
733 457 791 502 nnn
816 445 918 503 nmen
942 437 1010 502 hinc
1033 435 1185 518 sequitur,
1209 436 1289 503 benc
1311 455 1379 502 esse
1403 435 1479 500 lucis
1502 444 1536 500 et
1557 436 1692 501 alborum

333 530 485 588 naturam.
533 525 721 606 Impossibile
744 527 826 590 enim
848 537 905 601 est,
930 528 1021 590 ullam
1044 527 1230 606 superficiem
1248 528 1347 592 colore
1371 545 1425 588 sno
1448 525 1566 588 efficere
1589 545 1691 607 posse,

332 620 368 674 ut
390 611 494 678 radius
517 613 665 694 quispiam
697 614 758 681 alia
786 616 866 680 linea
898 618 926 678 in
953 635 989 684 ,se
1017 616 1145 690 incidat,
1175 633 1263 694 quam
1295 617 1391 696 ipsum
1420 614 1551 679 incidere
1578 622 1692 694 coguut

332 721 407 767 suae
436 702 521 784 leges
551 703 680 782 optione.
730 705 812 768 Nam
838 706 917 786 quod
947 704 1037 768 latior
1069 703 1188 772 videtur
1220 705 1355 770 alborum
1387 703 1565 781 illustratio,
1598 721 1693 770 causa

333 810 402 854 esse
425 798 528 871 potest
552 791 678 855 eximius
703 793 809 872 fulgor,
835 801 868 855 ut
886 794 951 873 jam
976 793 1184 872 explicabitur,
1207 803 1240 856 et
1261 794 1341 873 quod
1363 793 1556 874 circumjecta
1578 801 1691 874 puncto

332 878 514 942 incensionis
538 880 608 943 alba
632 881 680 943 vel
703 881 763 944 levi
786 881 871 945 radin
889 881 1091 944 inclarescunt
1112 890 1145 943 et
1167 880 1331 946 fortissime
1353 882 1525 946 illustratae
1547 882 1630 960 parti
1652 881 1691 949 ob

331 967 552 1030 conniventiam
576 969 729 1037 oculorum
750 980 956 1035 accensentur.
1005 969 1066 1034 Gur
1089 989 1159 1033 vern
1182 973 1269 1051 nigra
1292 970 1482 1051 potissimum
1498 971 1690 1034 inflammen-

332 1063 390 1132 tur,
413 1064 535 1136 praeter
558 1075 603 1132 ea,
629 1077 705 1138 quae
729 1077 794 1138 cap.
819 1059 844 1122 1.
868 1078 953 1140 prop.
979 1056 1031 1123 38.
1057 1059 1202 1136 diximus,
1227 1081 1320 1124 causa
1342 1060 1460 1122 videtur
1490 1060 1582 1122 etiam
1612 1058 1688 1124 baec

332 1164 416 1220 esse,
451 1145 530 1226 qnod
563 1165 755 1229 quaecunque
787 1148 843 1211 hoc
866 1149 966 1212 colore
991 1149 1087 1210 tincta
1118 1157 1203 1220 eunt,
1237 1148 1412 1213 ariditatem
1443 1158 1475 1210 et
1502 1148 1692 1210 adustionem

333 1235 469 1313 sapiunt;
493 1233 596 1300 borum
621 1235 712 1314 igitur
735 1237 863 1303 materia
886 1239 985 1316 magis
1007 1237 1113 1298 existit
1135 1237 1368 1300 inflammabitis.
1407 1236 1504 1318 Igitur
1528 1237 1607 1316 quod
1621 1237 1693 1298 alba

330 1322 362 1386 in
385 1329 495 1403 puncto
519 1323 700 1387 incensionis
724 1325 833 1388 latiora
856 1327 1044 1405 apparentia,
1068 1327 1148 1388 idem
1172 1334 1204 1388 et
1225 1326 1370 1407 pleraque
1388 1326 1455 1406 J'am
1478 1327 1575 1388 allata
1593 1325 1690 1405 phae-

332 1430 460 1474 nomena
483 1412 592 1475 testari
615 1411 764 1488 videntur,
789 1413 927 1494 ampliari
950 1433 1007 1476 non
1033 1415 1148 1476 radium
1171 1415 1330 1478 collectum
1352 1413 1383 1476 in
1406 1433 1439 1478 re
1462 1414 1542 1488 elba,
1568 1414 1623 1476 sed
1647 1413 1692 1474 rei

331 1499 420 1563 albae
444 1500 566 1581 ejusque
588 1501 723 1581 picturae
752 1503 780 1566 in
813 1503 913 1567 retina
943 1503 1170 1580 impressionem
1194 1503 1224 1564 in
1247 1502 1386 1582 spiritum
1409 1502 1561 1564 visorium.
1609 1501 1690 1562 Nam

330 1604 385 1667 per
407 1589 431 1664 Ι,
457 1583 509 1654 30.
534 1589 602 1669 plus
625 1589 726 1652 radiat
749 1592 785 1654 de
810 1593 881 1655 albe
904 1611 991 1670 quam
1015 1593 1051 1652 de
1075 1591 1161 1672 nigra
1183 1591 1348 1670 superficie.
1391 1591 1503 1670 Fulgor
1526 1589 1618 1672 igitur
1643 1596 1692 1650 est

332 1676 474 1752 eximius,
499 1677 602 1742 antei
625 1675 679 1741 Sol
703 1687 750 1742 est
774 1679 804 1742 in
827 1680 1084 1753 consideratione,
1104 1688 1180 1755 ,tunc
1203 1679 1260 1740 hoc
1282 1697 1336 1758 per
1358 1698 1392 1740 se
1416 1687 1514 1758 patet.
1560 1677 1633 1740 Jam
1658 1685 1692 1738 ut

332 1783 425 1846 supra
439 1764 647 1846 comperimus,
670 1766 876 1830 inhaerescere
900 1769 1017 1849 species
1041 1769 1070 1830 in
1085 1767 1203 1848 spiritu,
1227 1769 1306 1847 quod
1330 1767 1359 1828 in
1375 1767 1497 1833 humore
1522 1773 1576 1828 eut
1589 1763 1693 1828 tunica

332 1853 451 1935 legibus
465 1855 575 1935 optiois
599 1855 663 1918 lieri
687 1875 744 1918 nnn
759 1858 871 1936 potuit,
895 1857 941 1920 ita
962 1857 1011 1918 hic
1036 1874 1151 1938 quoque
1166 1856 1285 1919 videtur
1307 1855 1424 1940 species
1448 1854 1509 1919 albi
1528 1853 1692 1919 fortissime

334 1941 492 2020 illustrati,
522 1963 575 2008 seu
599 1943 717 2024 species
740 1943 820 2008 Solis
852 1954 976 2026 recepta
1008 1946 1036 2007 in
1060 1944 1196 2025 spiritum
1229 1963 1297 2006 sese
1325 1953 1449 2026 propter
1481 1942 1693 2026 cognationem

332 2039 458 2096 naturae
474 2031 649 2108 diffundere,
673 2053 731 2096 nnn
756 2033 846 2096 aliter
868 2053 956 2114 quam
979 2042 1067 2114 gutta
1089 2034 1183 2096 ruben
1205 2034 1236 2094 in
1250 2053 1347 2114 aquae
1362 2031 1547 2116 superficiem
1572 2031 1694 2105 (humor

331 2121 361 2182 in
385 2121 554 2194 humorem)
577 2121 689 2202 illapsa
712 2142 779 2187 sese
803 2122 929 2196 dilatat;
959 2121 1078 2202 species
1101 2141 1171 2184 vero
1195 2123 1299 2201 nigrae
1323 2121 1354 2182 in
1377 2119 1516 2200 spiritum
1547 2128 1693 2201 receptas

332 2207 432 2288 colligi
456 2208 486 2270 in
509 2227 589 2279 sese,
613 2209 694 2272 utri
718 2219 807 2290 gutta
830 2211 858 2274 in
873 2211 1027 2291 pulverem
1042 2209 1174 2272 incidat:
1199 2209 1287 2290 idque
1307 2208 1424 2290 legibus
1447 2229 1515 2286 non,
1540 2216 1574 2272 ut
1596 2207 1691 2290 prius,

333 2289 499 2375 opticis.*)
536 2297 657 2360 Etenim
680 2298 706 2362 si
731 2299 805 2362 bene
828 2298 1012 2368 consideres,
1035 2299 1125 2379 plane
1149 2299 1203 2362 sub
1227 2299 1332 2362 eodem
1354 2316 1464 2378 genere
1487 2306 1560 2360 sunt
1582 2295 1692 2360 inbae-

335 2385 435 2448 rentia
467 2392 499 2446 et
527 2404 612 2448 mora
639 2386 751 2464 speciei
785 2388 902 2452 lucidae
930 2407 997 2453 cum
1024 2388 1082 2450 hac
1112 2388 1299 2450 dilatatione.
1347 2387 1425 2450 Nam
1450 2405 1487 2448 ex
1510 2387 1578 2466 ipsa
1606 2403 1692 2447 mora

334 2472 455 2538 videtur
478 2473 563 2554 sequi
578 2475 727 2548 dilatatio,
754 2476 886 2557 fugiente
909 2477 975 2539 vien
999 2484 1120 2541 etanta
1133 2476 1273 2540 claritate
1281 2494 1291 2550 ;
1315 2475 1369 2536 sed
1392 2485 1494 2538 tamen
1519 2494 1586 2536 eam
1607 2492 1692 2536 com·

333 2560 460 2626 bibitam
483 2561 711 2627 cucumierente
735 2572 768 2628 et
788 2565 857 2628 aliis
880 2565 927 2628 sui
950 2565 1087 2646 partibus
1109 2565 1139 2626 in
1164 2585 1231 2628 earn
1254 2563 1414 2626 incidente.

422 2648 625 2733 Quaecunque
653 2651 759 2718 harum
789 2673 948 2718 causarum
981 2654 1022 2718 sit
1053 2653 1274 2716 consideranda
1304 2653 1333 2715 in
1365 2652 1500 2733 quolibet
1532 2647 1690 2729 singulari,

333 2747 449 2803 certum
472 2748 521 2804 est
544 2742 591 2804 vel
614 2739 643 2802 in
667 2741 782 2816 retine,
814 2762 906 2806 causa
929 2742 1082 2822 picturae,
1110 2743 1158 2808 vel
1181 2742 1210 2804 in
1240 2741 1410 2820 spiritibus,
1444 2759 1535 2802 causa
1560 2737 1692 2817 impres-

334 2828 443 2906 sionis,
476 2829 607 2894 existere
631 2830 841 2896 dilatationem
864 2830 1045 2894 lucidnrum:
1075 2831 1160 2912 cujus
1184 2831 1303 2912 quidem
1327 2829 1370 2890 rei
1394 2847 1515 2895 causam
1540 2825 1616 2888 mihi
1637 2845 1693 2906 per

332 2924 431 2980 toturn
458 2919 515 2980 hoc
547 2926 639 2999 caput
664 2919 780 2998 placuit
810 2919 967 3000 inquirere.
1013 2920 1079 2984 lico
1112 2919 1215 2999 itaque
1246 2939 1284 2982 ex
1312 2918 1369 2980 hoc
1397 2919 1496 2998 capite
1527 2915 1694 2978 astronomi

334 3005 582 3082 considerabunt,
615 3025 673 3068 nnn
703 3025 821 3088 semper
852 3008 1003 3072 fidendum
1025 3027 1093 3071 esee
1117 3008 1237 3071 intuitui
1259 3006 1372 3070 oculari
1396 3014 1449 3068 aut
1473 3002 1692 3074 aestimationi,

333 3094 522 3174 quantumvis
546 3094 757 3161 consideratae
785 3096 816 3160 in
839 3097 1011 3178 quantitate
1039 3095 1178 3160 diametri
1205 3098 1313 3177 plenae
1335 3096 1441 3159 Lunae
1469 3103 1522 3157 aut
1551 3091 1690 3156 deiectus

331 3181 362 3246 in
386 3183 509 3264 eclipsi:
536 3203 627 3264 quare
651 3203 709 3251 non
734 3193 852 3252 tantum
874 3185 905 3250 in
929 3183 1085 3250 consilium
1099 3184 1286 3250 adhibendos
1310 3184 1455 3246 certiores
1478 3181 1586 3246 modos
1602 3181 1690 3252 alios,
1777 3235 1788 3247 ,

331 3270 386 3335 sed
417 3290 513 3352 neque
541 3282 654 3336 temam
682 3273 722 3334 ab
751 3273 788 3336 iis
818 3273 1069 3350 dissentiendum,
1097 3273 1180 3337 visus
1209 3273 1333 3348 fiducia,
1362 3272 1530 3353 siquando
1555 3268 1626 3342 liat,
1659 3276 1695 3332 ut

331 3359 514 3424 dissentient
537 3360 580 3424 illi
603 3382 622 3425 a
645 3361 721 3422 visu.
759 3362 1007 3429 Demonstratum
1031 3362 1110 3429 enim
1133 3370 1182 3426 est
1204 3361 1429 3426 evidentissime
1453 3380 1492 3423 ex
1514 3359 1583 3440 ipsa
1605 3357 1690 3422 visus

331 3448 583 3526 conformatione,
613 3449 677 3515 lieri
700 3451 805 3514 crebro
829 3459 863 3514 ut
885 3449 962 3516 visui
986 3470 1069 3516 error
1092 3450 1227 3520 accidat,
1252 3451 1321 3515 dnm
1345 3449 1445 3516 lucida
1466 3447 1555 3511 nimis
1579 3465 1692 3528 magna

334 3535 500 3600 existimet.

422 3627 493 3684 Illud
514 3628 598 3684 etiam
619 3628 703 3698 hujus
724 3647 785 3683 esse
807 3628 860 3684 loci
881 3629 998 3694 videtur,
1020 3636 1052 3687 ut
1065 3645 1152 3689 causa
1172 3627 1280 3684 dicatur
1301 3645 1386 3698 quare
1408 3629 1499 3682 sidera
1519 3625 1647 3683 lusciosis
1666 3625 1696 3682 in

333 3709 471 3780 profunda
491 3716 572 3764 noete
593 3707 759 3772 confusiora,
782 3725 884 3764 eurora
897 3727 962 3764 vero
979 3709 1040 3778 jam
1054 3708 1170 3778 primum
1184 3717 1317 3780 surgente
1336 3707 1509 3762 distinctiora
1528 3705 1694 3760 videantur?

333 3787 418 3861 Atqui
447 3787 470 3842 si
489 3787 606 3842 multum
626 3787 719 3842 lumen
735 3789 800 3860 ipsis
816 3787 908 3850 officit,
931 3789 1027 3843 debuit
1040 3788 1102 3858 plus
1125 3789 1234 3842 officere
1256 3787 1424 3841 cumulatum
1445 3801 1564 3840 aurorae
1579 3785 1693 3840 lumine.

420 3869 514 3923 Causa
534 3867 622 3940 igitur
641 3866 712 3922 haec
733 3876 790 3932 est,
813 3871 884 3940 qnod
905 3869 933 3922 in
954 3868 1076 3923 tenebris
1102 3867 1242 3923 nocturnis
1270 3867 1395 3937 pupillae
1417 3867 1540 3921 foramen
1570 3865 1695 3920 natmali

330 3955 405 4004 motu
427 3948 579 4010 dilatatum
607 3947 635 4000 in
656 3947 758 4004 lumine
780 3964 898 4002 aurorae
920 3949 1059 4003 clauditur
1080 3947 1193 4003 arctius.
1235 3947 1325 4001 Gonus
1345 3963 1412 4000 vere
1435 3945 1531 4016 puncti
1558 3945 1695 4000 radiantis

329 4029 495 4099 perlutus
518 4029 642 4081 toramen
662 4029 780 4084 validior
799 4027 967 4099 ingreditur,
994 4029 1148 4098 fortemque
1173 4028 1379 4097 impressionem
1399 4027 1485 4096 lacit,
1512 4025 1584 4080 idern
1606 4043 1695 4098 angn-

332 4109 410 4162 stiori
431 4107 565 4162 foramine
586 4109 751 4164 constrictus
772 4108 890 4163 debilius
910 4114 1004 4164 movet
1024 4102 1194 4175 oculumfl)
1233 4107 1376 4161 Hactenus
1396 4123 1464 4161 vero
1485 4121 1595 4176 semper
1616 4123 1696 4162 usur·

419 4317 444 4388 ¹')
469 4319 582 4391 Optime,
605 4321 658 4373 hoc
671 4327 715 4374 est
734 4319 903 4374 retractoriis
926 4324 1073 4376 contrecta
1091 4317 1166 4372 vocis
1188 4318 1308 4372 notione.
1337 4317 1408 4371 Nam
1423 4316 1446 4370 si
1462 4317 1537 4370 vocis
1559 4317 1697 4395 originem

332 4405 451 4473 spectes,
474 4399 594 4472 optinum
615 4407 666 4464 est,
690 4397 815 4470 quicquid
837 4401 871 4452 ad
893 4397 1026 4454 visionem
1046 4397 1178 4468 pertinet.

419 4477 462 4547 aa)
483 4481 587 4534 Sensus
608 4487 669 4534 est:
693 4477 746 4532 etsi
769 4477 867 4547 spatiis
889 4478 958 4532 coeli
979 4479 1052 4532 inter
1072 4493 1177 4550 magna
1197 4475 1297 4540 sidera,
1318 4483 1351 4530 ut
1364 4483 1395 4530 et
1413 4473 1602 4531 minutissimis
1624 4478 1696 4531 side-

331 4561 407 4614 ribus
431 4577 483 4614 sun
502 4559 587 4614 etiem
608 4559 646 4614 sit
665 4557 803 4613 rediet-io:
825 4565 930 4626 puncta
950 4565 1043 4612 menen
1063 4557 1181 4622 retinas,
1203 4557 1231 4611 in
1252 4572 1323 4626 quae
1345 4555 1397 4610 illa
1416 4553 1540 4620 radiant,
1564 4558 1697 4628 occupari

331 4639 479 4698 rartmuae
509 4639 673 4696 radiationis
704 4636 823 4694 feruoris
852 4654 1018 4709 magnarum
1047 4638 1204 4702 stellarum,
1235 4652 1321 4708 quere
1345 4635 1412 4699 illes
1442 4636 1544 4697 stellas
1571 4639 1697 4710 grandes

333 4733 470 4788 apparere
491 4726 522 4775 et
542 4718 626 4774 radin
647 4718 837 4777 damnatae:
869 4718 946 4774 coelo
966 4735 1032 4773 vero
1057 4716 1119 4786 ium
1143 4717 1259 4788 primum
1289 4717 1450 4776 meamne
1478 4715 1619 4782 &cinnes
1642 4717 1698 4775 hos

335 4796 470 4864 majerum
490 4797 638 4852 stellnrmn
660 4797 811 4862 obliterari,
834 4797 901 4868 quia
913 4797 998 4854 vincit
1016 4796 1087 4854 coeli
1108 4795 1276 4853 albescentis
1297 4793 1417 4859 radiatio
1437 4795 1467 4852 in
1485 4811 1566 4861 suurn
1587 4796 1698 4861 melnae
