3476 5532
355 293 422 362 82ss
765 292 1298 357 hnnrmtsStenmeepentxni

355 483 464 530 1001000
484 475 526 530 ait
545 473 589 528 hic
609 473 823 543 intelligentiam
844 473 919 527 intra
939 476 1079 529 assistere.
1120 475 1231 536 Quaero
1251 489 1321 544 ergo
1341 471 1416 526 illud
1438 473 1609 538 11110111.
1634 463 1656 514 '³
1679 481 1701 530 {l

356 558 393 610 sit
413 565 494 626 parte
514 555 611 609 orbis?
631 555 660 608 Si
675 562 759 607 extra
774 555 893 617 stellam,
915 555 1070 618 absurdmn,
1093 555 1306 626 intelligentiam
1325 569 1382 606 non
1405 567 1478 602 esse
1500 548 1533 600 in
1550 559 1640 614 pane
1660 563 1701 594 trl

355 638 540 696 nobilissima:
563 636 584 688 si
607 635 635 689 in
656 635 750 696 stella,
771 635 846 687 orbis
867 635 954 706 igitur
973 652 992 688 a
1012 637 1097 690 stella
1117 643 1248 698 moretur,
1271 651 1322 686 sen
1342 641 1498 692 rectatur,
1523 643 1582 680 sen
1605 626 1701 677 πίω

355 726 389 770 nt
409 719 529 770 membra
547 732 567 769 a
580 718 675 768 corde:
697 716 774 784 atqui
795 715 874 784 primi
895 716 1000 770 orbium
1014 718 1171 770 inventores
1192 717 1340 768 voluerunt
1359 714 1484 767 stetim
1499 710 1543 762 ab
1560 708 1634 760 orbe
1655 721 1701 755 ἐυ

359 799 457 869 quibus
479 798 559 850 orbes
581 797 764 849 instrumenta
782 804 855 858 sunt,
877 796 928 848 tibi
949 813 1041 851 onera
1061 827 1102 838 —

431 873 477 938 29)
495 891 519 938 p.
541 871 601 922 371.
638 873 730 922 l'ersus
747 872 796 932 hie,
817 874 943 922 demotos
961 889 991 924 ex
1009 876 1085 924 Persii
1103 881 1189 938 satyra
1206 874 1236 934 1.,
1256 872 1367 936 Keplern
1383 885 1433 936 pro
1451 877 1566 917 tum
1585 877 1642 914 Β·
1660 877 1701 926 52²

357 949 456 1012 pluries.
475 955 527 996 tam
545 947 655 996 inlibris
674 947 738 1008 typis
757 947 876 1008 expressis
894 953 947 994 tum
965 949 1108 1009 praesertim
1133 947 1242 996 versibus
1263 943 1453 994 mcrishhu
1478 939 1629 1002 ιφαὶιιιιι
1648 936 1701 995 teri

357 1019 495 1068 hendimus.
527 1016 568 1067 Sic
587 1019 611 1066 in
630 1018 784 1079 praefatione
803 1017 835 1064 ad
853 1019 952 1064 Astron.
971 1017 1068 1068 Noram
1084 1036 1109 1083 p.
1122 1018 1198 1076 nnn,
1216 1019 1242 1067 in
1260 1017 1322 1065 libro
1342 1015 1489 1064 murenae
1509 1011 1656 1060 anm
1674 1021 1701 1054 2]

358 1099 456 1140 secrato
475 1089 603 1152 enjusdam
622 1089 723 1136 studiosi
742 1087 906 1152 Tobingensis
926 1088 1070 1140 Wemheri:

450 1163 549 1232 „Hand
570 1161 656 1215 sentit
677 1163 755 1225 bene,
778 1162 823 1230 qui
843 1161 954 1214 disserit
974 1163 1048 1217 haud
1068 1167 1149 1218 bene.
1191 1163 1309 1216 Ocuras
1329 1160 1479 1215 hominnm
1496 1155 1553 1211 tlte.
1579 1159 1701 1222 (subscrgl

359 1241 495 1306 Keplerus:
515 1241 644 1304 Tnhingse
664 1253 729 1288 anuo
750 1236 827 1287 1621.
846 1240 963 1303 postridie
982 1241 1085 1292 Calend.
1103 1239 1175 1303 Jau.)

446 1314 474 1362 ln
494 1312 542 1361 alio
562 1309 663 1372 (Felicis
683 1311 852 1359 Linsenmann
871 1311 1074 1377 Boblingensisl:

675 1385 859 1454 Frugalitatis
880 1386 959 1438 nulla
979 1388 1110 1456 praeconi
1130 1389 1214 1448 lides;

674 1465 704 1518 si
725 1467 800 1518 dives
821 1465 890 1534 ipse,
912 1466 1039 1530 simulat3
1061 1469 1173 1530 inridet,
1195 1466 1217 1519 si
1238 1465 1328 1534 inops.

679 1547 702 1599 0
724 1548 808 1599 corda
827 1546 904 1609 dure,
927 1565 943 1599 c
964 1555 1096 1616 quantum
1116 1549 1197 1602 inane
1217 1545 1318 1599 mentis
1339 1547 1403 1596 est!

931 1629 957 1680 J.
979 1631 1017 1684 K
1039 1635 1135 1700 (scripsi
1154 1635 1285 1699 Tubingae
1297 1631 1354 1682 ΧΠ.
1376 1631 1434 1680 ent.
1454 1627 1547 1678 sotios
1572 1621 1663 1682 1025.)

450 1715 479 1765 ln
497 1715 586 1764 tertio:
610 1705 736 1778 Prodigit
757 1723 803 1759 ars
824 1723 954 1771 nummos,
975 1717 1179 1783 penetrantque
1200 1709 1227 1762 in
1247 1708 1355 1778 gaudia
1377 1719 1475 1760 curae.

784 1788 807 1840 0
828 1803 907 1840 curas
928 1789 1064 1844 hominum
1085 1789 1132 1844 dcc.

770 1863 779 1888 1

586 1937 630 2146 p
671 1881 715 2074 l:
756 1863 801 2002 l
821 1901 829 1984 2
847 1864 880 1985 ³1

603 2077 634 2143 'lc
687 2079 702 2126 7
965 2050 1042 2102 Haec
1063 2056 1128 2102 sunt
1148 2047 1256 2100 animae
1276 2045 1440 2099 mundanae
1467 2042 1638 2102 elementa,
1663 2055 1693 2088 c:

454 2151 463 2178 2
604 2169 634 2235 'lo
685 2167 702 2216 7
1024 2129 1144 2194 hlusica,
1165 2126 1358 2190 Astrcnomia,
1381 2123 1564 2193 Astrologia
1585 2122 1691 2173 fluxerr

365 2241 416 2310 Τ
435 2291 464 2356 ι.
520 2219 548 2285 1
588 2151 633 2360 11·
676 2235 720 2376 ll:
741 2277 749 2361 ἱ
769 2240 801 2360 11

362 2386 475 2450 Nobili,
498 2386 639 2440 Genercso
666 2391 696 2438 et
723 2383 911 2439 literatissimo
937 2387 1053 2451 Juveni,
1083 2387 1163 2441 Dauo
1185 2385 1287 2439 Othoni
1312 2384 1431 2450 Erebe,
1454 2381 1563 2454 Equiti
1585 2380 1661 2434 Dauo
1676 2386 1691 2425 t*

363 2467 487 2539 obsequii
507 2465 593 2520 debiti
614 2482 699 2520 causa
719 2466 816 2536 scripsi
837 2467 906 2520 haec
926 2465 1037 2538 Pragae
1057 2468 1238 2522 Bchemcrum

1222 2547 1263 2600 M
1287 2547 1418 2602 Joussnee
1440 2546 1592 2618 Kepdmsr

1287 2627 1520 2681 Mathematicus

1158 2707 1241 2762 Nonis
1262 2707 1440 2772 Februariis,
1464 2725 1545 2761 anno
1573 2701 1652 2759 1602.

453 2802 499 2866 30)
518 2821 542 2870 p.
563 2801 622 2856 stt.
661 2801 816 2870 Quamquam
835 2803 956 2870 Keplerus
979 2806 1019 2855 hic
1037 2805 1068 2856 de
1087 2804 1225 2856 comment.
1251 2805 1283 2855 dc
1307 2813 1372 2856 mot.
1393 2803 1490 2856 Martis
1515 2804 1640 2867 loquitur.
1660 2807 1691 2858 1ἶε

365 2873 396 2926 de
414 2891 488 2940 opere
507 2877 633 2937 absoluto,
652 2883 749 2926 tantum
769 2878 859 2936 abluit,
878 2885 906 2926 nt
925 2885 1003 2926 totum
1022 2885 1074 2926 tum
1093 2876 1251 2934 absolvisset,
1270 2885 1299 2926 ut
1319 2880 1393 2927 circa
1411 2877 1463 2926 hoc
1483 2883 1591 2938 tempus
1610 2871 1687 2921 Hm

365 2950 506 3012 scripserit:
528 2951 569 3007 „in
588 2949 684 2998 theoria
702 2947 790 2997 Martis
810 2956 894 2998 cetera
912 2957 970 2997 sunt
989 2949 1111 3011 expedita,
1131 2949 1205 2997 verba
1223 2949 1305 2998 adhoc
1326 2947 1453 2999 desunt.u
1494 2947 1597 2996 Prodiit
1614 2945 1652 2991 hot
1667 2949 1689 2982 ·,·:

367 3033 433 3069 anno
455 3017 532 3068 teos.
571 3019 685 3088 Ceterum
712 3019 849 3068 notandum
869 3027 919 3076 est,
947 3021 1049 3082 Kepleri
1077 3021 1214 3083 opinionem
1232 3020 1263 3068 de
1286 3027 1361 3070 motu
1382 3019 1451 3071 Solis
1472 3019 1547 3068 cirea
1577 3025 1677 3088 aresut's

367 3091 421 3140 aliis
440 3098 493 3140 tum
511 3099 621 3156 tempore
639 3091 773 3140 stabilitam
787 3106 841 3141 esse
854 3093 1029 3147 fundamentis,
1049 3106 1130 3155 qnam,
1144 3091 1270 3153 sicutipse
1283 3091 1410 3148 affirmat,
1430 3089 1565 3154 „physicis
1578 3084 1701 3150 000100ῖῆ

366 3161 484 3212 Maeuiae
503 3165 568 3210 enim
587 3163 686 3212 Solares
705 3171 731 3212 et
748 3177 813 3226 quae
830 3164 888 3212 inde
907 3163 1015 3212 deducta
1033 3169 1071 3210 est
1088 3164 1178 3210 rotatio
1197 3165 1305 3225 corporis
1326 3162 1428 3211 Solaria
1454 3163 1580 3211 detectae
1599 3165 1682 3228 sont?

367 3233 464 3280 domum
486 3230 561 3282 1310.
598 3234 628 3284 10
647 3235 783 3284 Commeut.
803 3236 833 3284 de
860 3234 944 3284 motib.
964 3233 1066 3290 Martis,
1097 3233 1158 3297 Cap.
1178 3229 1226 3294 31,
1254 3234 1370 3296 pluribus
1400 3233 1515 3302 haedo
1533 3248 1563 3282 re
1590 3233 1681 3295 agit=

369 3303 544 3366 hypotheticae
562 3307 685 3368 gyrationi
703 3307 812 3354 tribuens
830 3307 945 3356 triduum.

457 3369 502 3432 31)
520 3388 544 3436 p.
565 3373 624 3423 192.
662 3375 758 3438 Tycho‚
784 3379 811 3426 in
828 3377 958 3442 Progymu.
987 3383 1057 3441 parte
1075 3375 1095 3425 L
1115 3392 1139 3441 p.
1159 3373 1209 3422 ⁷09
1229 3373 1281 3435 (ed
1302 3378 1367 3425 anni
1390 3374 1481 3438 11102)
1512 3388 1643 3427 recensus
1658 3370 1701 3428 [5¹

368 3443 473 3494 Leoritii
501 3445 643 3510 opusculum
662 3447 692 3494 de
711 3448 784 3497 stella
812 3450 870 3496 anni
892 3447 958 3497 1572
977 3449 1062 3498 addit:
1090 3449 1116 3498 id
1133 3448 1248 3511 quidem,
1275 3447 1344 3512 quod
1371 3451 1431 3507 ait,
1452 3450 1493 3498 his
1514 3457 1596 3498 antea
1621 3449 1684 3506 eja-n·

368 3517 453 3566 stellas
473 3515 547 3564 fnisse
567 3523 721 3580 conspectas,
739 3521 883 3580 praesertim
902 3521 999 3583 quando
1017 3520 1075 3568 talis
1094 3520 1183 3582 absque
1202 3517 1284 3566 canda
1300 3523 1381 3580 juxta
1400 3521 1475 3570 hunc
1492 3522 1580 3584 ipsum
1592 3519 1685 3575 Cassite-

369 3589 524 3638 esterismum
543 3589 609 3637 circa
627 3585 806 3637 000001231.
826 3591 925 3646 effulsit,
945 3590 1138 3640 consideratione
1157 3591 1255 3653 dignum
1276 3590 1352 3648 leret,
1374 3593 1397 3640 si
1420 3592 1509 3650 modo,
1531 3607 1565 3643 an
1584 3592 1608 3640 id
1625 3593 1652 3636 iss
1665 3600 1687 3631 :v

368 3661 472 3724 tigisset,
492 3661 518 3708 in
536 3661 571 3708 rei
589 3661 693 3709 rerimte
712 3667 843 3708 constaret.
873 3661 909 3709 Ex
927 3662 1032 3710 historiis
1051 3669 1117 3710 certe
1136 3659 1183 3708 fide
1201 3659 1282 3724 dignis
1301 3661 1370 3711 nihil
1391 3664 1557 3725 ejuscemodi
1574 3662 1688 3727 probaro·

368 3731 409 3780 De
428 3733 515 3782 eadem
542 3733 617 3781 relert
635 3730 719 3794 Tycbc
737 3747 760 3795 p.
783 3727 849 3788 331,
875 3747 922 3781 000
940 3748 990 3782 000
1009 3734 1071 3782 alias
1097 3733 1197 3782 obscure
1225 3739 1348 3794 annotat,
1383 3737 1490 3786 omissis
1508 3751 1569 3785 vero
1595 3732 1689 3782 001101

367 3805 422 3866 lpse
441 3803 536 3852 dubins.
1310 3804 1318 3818 ⁸

458 3871 504 3936 32)
522 3889 547 3938 p.
567 3870 626 3923 695.
662 3876 735 3925 Anno
756 3871 832 3922 1175.
851 3875 932 3924 nullus
955 3876 1070 3938 apparuit
1088 3881 1190 3925 cometa
1227 3873 1462 3938 Rogicmontsnns
1493 3885 1581 3928 antem
1605 3871 1689 3926 cuent

370 3953 480 3996 0000100
499 3947 570 3995 annis
590 3943 657 3993 1157
677 3953 703 3996 et
724 3944 803 4002 1172,
831 3961 932 4010 quorum
949 3948 1035 4010 prioris
1059 3947 1155 3996 000300
1178 3946 1363 4010 longitudinem
1395 3950 1526 4000 exhibent
1549 3949 1688 4014 quimus

370 4017 403 4067 ad
422 4013 478 4074 60⁰,
498 4019 597 4081 ejusque
620 4019 668 4066 iter
694 4019 845 4080 computavit
869 4017 965 4066 celeber
982 4017 1086 4080 Halley,
1114 4017 1179 4067 unde
1198 4031 1340 4081 cognomen
1371 4023 1482 4086 aceepit
1501 4029 1614 4072 cometae
1628 4015 1688 4068 unc

370 4089 435 4153 Ergo
454 4103 497 4153 pro
516 4101 581 4136 anno
602 4085 668 4135 1175
692 4087 759 4137 haud
784 4089 874 4137 scimus
894 4104 927 4138 an
945 4090 1072 4150 ponendus
1090 4091 1123 4136 sit
1141 4103 1218 4138 annus
1239 4083 1318 4148 1157,
1340 4105 1425 4156 quem
1450 4107 1615 4158 poneremus,
1632 4091 1689 4149 orat

369 4163 421 4224 jam
440 4166 574 4223 sequnntur
592 4173 641 4208 non
660 4159 827 4225 significarent
846 4174 937 4208 annum
960 4157 1033 4206 1172.
1058 4159 1179 4222 Keplerus
1198 4159 1261 4208 enirn
1283 4158 1444 4227 Criigero
1466 4163 1561 4226 (math.
1579 4157 1689 4228 pictum

371 4236 460 4300 scano)
475 4253 540 4289 anno
552 4235 701 4289 1623.th
712 4240 820 4302 scripsit:
836 4239 969 4286 cometam
988 4231 1206 4302 Regiomontani‚
1228 4231 1279 4294 ais,
1303 4235 1343 4286 ad
1359 4252 1474 4292 anuum
1493 4239 1580 4293 1475.
1592 4236 1684 4308 pertine

372 4331 427 4368 non
448 4315 483 4366 ad
507 4311 598 4376 1472,
628 4313 705 4381 cnjus
726 4313 790 4366 anni
820 4319 953 4366 cometam
974 4311 1040 4363 dicis
1061 4312 1179 4366 Pontani
1199 4318 1228 4365 et
1248 4312 1413 4371 Waltheri.
1460 4319 1544 4384 Fuit,
1575 4337 1626 4372 curn
1644 4321 1689 4367 elib·

371 4393 437 4448 mini
458 4394 610 4462 imponeret
623 4393 757 4446 historiae
778 4393 951 4460 perplexitas
966 4398 996 4444 et
1010 4391 1157 4447 oscitantia
1171 4392 1347 4460 scriptorum.
1381 4402 1425 4451 At
1445 4401 1557 4472 collegi
1570 4417 1607 4454 me
1619 4396 1689 4452 mlo

350 4480 494 4529 -010000
521 4472 603 4526 1475.
625 4474 730 4526 nullum
751 4472 859 4525 omnino
879 4474 966 4525 visum
987 4487 1047 4524 esse
1068 4483 1200 4527 cometam
1221 4487 1426 4542 agnoscerem.

462 4549 508 4610 33)
525 4565 550 4614 p.
570 4547 629 4599 391.
667 4551 706 4600 De
732 4551 770 4598 his
798 4550 1004 4599 observationibus
1032 4548 1095 4599 haec
1121 4551 1241 4615 Keplerus
1268 4549 1286 4598 J
1292 4565 1315 4598 0.
1337 4553 1458 4605 Reinh
1490 4559 1512 4607 Ζ
1521 4560 1551 4608 ie
1560 4559 1630 4625 glerc
1649 4553 1689 4614 (tl

372 4645 397 4695 p.
432 4628 496 4692 427)
534 4630 647 4692 scripsit:
696 4623 817 4676 Clericus
847 4624 956 4692 quidam
979 4619 1088 4690 (Herm)
1113 4625 1140 4680 S.
1163 4627 1191 4679 c.
1213 4624 1249 4677 M.
1272 4627 1455 4683 sacellarius
1479 4632 1598 4704 Neapoli
1620 4630 1689 4685 elion.

374 4703 431 4757 illic
444 4704 559 4772 eclipsin
570 4703 685 4756 totalem
698 4703 781 4763 ridit;
797 4717 911 4772 eamque
922 4704 956 4755 ad
966 4717 1085 4772 unguem
1100 4703 1237 4775 expressit
1249 4701 1434 4763 Plutarchus
1452 4727 1535 4766 meus
1549 4707 1680 4784 (optlllld

374 4783 476 4837 Eodem
497 4783 540 4835 dio
562 4783 656 4850 accepi
677 4782 822 4850 epistolam
836 4789 913 4836 tuam
935 4786 1058 4849 (liensch.
1077 4809 1101 4856 p.
1116 4789 1178 4853 351)
1197 4800 1255 4836 cum
1270 4784 1418 4853 adjuncta
1443 4793 1545 4847 altera
1558 4789 1688 4848 Palenses

378 4861 571 4924 Creistancvic,
593 4861 671 4928 cujus
693 4861 815 4915 narratio
838 4855 961 4931 (eclipsis
982 4863 1010 4914 in
1024 4861 1152 4920 Flandrie
1172 4861 1360 4937 observatae)
1377 4887 1427 4924 me
1450 4873 1601 4943 plurimum
1617 4871 1689 4926 elce
