3684 5518
294 255 360 326 230
765 253 956 322 Paralipomena
974 257 999 306 in
1017 251 1186 305 Vitellionem.

384 440 454 502 Janr
478 439 555 500 oculi
579 436 699 516 globum
723 433 942 514 distinguamus
968 433 996 494 in
1020 429 1271 510 hemisphaerium
1301 449 1450 510 apparens
1481 440 1513 496 et
1542 434 1652 510 latens,

297 539 328 592 et
351 529 381 592 id
405 528 523 608 quidem
547 525 625 607 qnod
649 532 774 603 apparet
800 522 1025 585 subdividarnus
1050 522 1077 582 in
1103 520 1203 581 album
1228 528 1259 580 et
1283 520 1375 582 solem
1402 539 1454 581 seu
1478 521 1594 598 iridem,
1620 533 1654 586 ut

297 617 476 699 explicatius
497 617 658 694 loquamur.
705 611 802 690 Ajunt
830 611 922 692 igitur
952 609 1127 680 anatomici,
1158 629 1176 669 a
1204 627 1309 670 crassa
1342 609 1478 690 meninge
1512 614 1652 692 pronasci

298 707 474 770 exteriorem
499 702 579 782 globi
604 701 733 762 ocularis
757 701 899 772 tunicam,
925 719 1000 780 quae
1026 699 1091 759 sola
1114 705 1210 760 totum
1229 698 1345 760 oculum
1361 699 1572 780 amplectatur,
1598 702 1653 764 sed

298 795 458 858 secundum
482 792 618 852 diversas
643 791 705 869 ejus
730 796 833 869 partes
858 791 979 851 diversa
1002 789 1147 848 sortiatur
1163 787 1283 848 nomina
1306 795 1338 848 et
1353 788 1538 851 affectiones.
1569 790 1653 876 llam

298 882 422 946 anervi
451 879 542 962 optici
571 880 628 940 line
661 897 716 957 per
744 887 841 939 tutum
874 877 1127 957 hemisphaerium
1162 877 1260 936 latens
1292 885 1325 937 et
1354 895 1408 955 per
1442 877 1543 940 album
1576 879 1653 940 oculi

297 990 403 1034 nomen
429 970 520 1032 habet
544 971 780 1046 σκληρωὸης
810 968 951 1041 tunica,
986 974 1017 1026 et
1040 966 1122 1038 derra,
1148 983 1262 1038 crassa,
1291 983 1396 1044 opaca,
1422 965 1493 1027 alba
1517 987 1552 1028 ac
1575 985 1653 1047 pene

297 1059 494 1138 cartilaginea
517 1065 584 1118 est:
609 1075 681 1136 pare
704 1075 774 1116 vero
800 1075 850 1130 ea,
881 1075 957 1136 quae
981 1055 1075 1115 solem
1108 1053 1184 1114 oculi
1214 1053 1344 1132 obtegit,
1373 1054 1527 1134 pellucida
1549 1065 1598 1118 est
1622 1063 1654 1118 et
1742 1095 1750 1108 ·

298 1147 476 1228 protuberat
499 1146 595 1207 indice
619 1142 768 1218 Jessenio‚
795 1153 827 1204 et
849 1145 1034 1222 suffragante
1060 1141 1245 1223 experientia
1269 1142 1465 1222 diligentique
1489 1144 1567 1205 oculi
1591 1145 1653 1206 vivi

295 1237 497 1318 inspectione:
523 1235 567 1295 sic
591 1241 625 1295 ut
649 1251 784 1294 cornea
807 1233 930 1294 minoris
955 1233 1101 1310 sphaerae
1122 1231 1220 1311 portio
1244 1231 1294 1299 sit,
1319 1231 1529 1294 sclerodes
1553 1235 1652 1314 majo-

298 1325 356 1387 ris:
390 1325 468 1405 qnod
493 1324 651 1403 diligenter
676 1321 819 1383 memoria
842 1322 1031 1383 retinendum
1056 1329 1111 1382 est.
1160 1317 1307 1390 Quamvis
1339 1321 1366 1380 in
1400 1328 1488 1383 tanta
1517 1322 1653 1384 exilitate

297 1423 429 1495 nequeat
452 1411 595 1492 distingui
619 1411 804 1492 sphaeraene
837 1429 874 1470 au
908 1409 1098 1489 sphaeroidis
1132 1409 1232 1487 potius
1256 1408 1353 1487 portio
1378 1409 1427 1471 sit.
1475 1410 1653 1492 Priusquam

297 1513 398 1564 aretem
423 1502 461 1563 ad
486 1501 617 1580 reliquas
642 1500 718 1560 duas
741 1499 860 1560 tunicae
886 1499 1039 1572 accedam,
1064 1498 1151 1576 plura
1174 1497 1211 1558 de
1233 1497 1289 1559 hac
1309 1497 1452 1559 exteriori
1467 1500 1569 1561 tunica
1583 1509 1655 1562 sunt

298 1592 435 1653 dicenda.
475 1591 554 1652 Nam
579 1589 638 1650 etsi
663 1589 736 1650 haec
761 1595 900 1667 respectu
924 1595 1093 1648 ceterarum
1117 1585 1327 1665 principalium
1351 1588 1482 1648 exterior
1506 1596 1570 1650 est:
1595 1608 1654 1651 non

298 1689 398 1742 tamen
423 1688 472 1740 est
494 1677 589 1740 totius
613 1677 692 1738 oculi
716 1677 869 1737 extimum.
917 1675 1038 1736 Etenim
1063 1675 1092 1735 in
1117 1674 1336 1754 hemisphaerio
1370 1675 1483 1737 latente
1512 1677 1655 1740 musculis

299 1769 413 1847 tegitur
436 1775 503 1829 tuta
526 1765 661 1827 omnibus
686 1765 820 1844 partibus
844 1772 876 1825 et
899 1783 974 1844 quae
998 1764 1027 1824 iu
1053 1763 1141 1844 globo
1166 1772 1237 1824 sunt
1260 1779 1291 1825 et
1314 1783 1391 1844 quae
1415 1765 1444 1826 in
1460 1766 1560 1845 optico
1580 1784 1653 1845 pro-

299 1877 402 1919 cessu:
429 1857 506 1936 iique
530 1855 655 1916 musculi
679 1872 823 1914 nervosas
848 1853 1056 1915 extremitates
1081 1872 1134 1914 seu
1159 1853 1324 1914 tenuitates
1349 1853 1491 1916 emittunt
1508 1856 1599 1917 etiam
1623 1855 1654 1916 in

299 1947 381 2009 illam
411 1945 530 2006 tunicae
559 1941 704 2004 sclercdis
732 1951 868 2022 partem,
899 1962 975 2021 quae
999 1957 1048 2002 esc
1071 1940 1099 2001 iu
1129 1941 1198 2002 albo
1232 1940 1322 2014 oculi,
1349 1961 1425 2020 quae
1450 1962 1516 2006 eam
1539 1944 1655 2023 passim

299 2034 529 2114 amplectuntur.
575 2033 681 2111 Neque
706 2030 761 2092 hoc
786 2031 891 2105 solum,
926 2031 981 2092 sed
1012 2029 1105 2091 etiam
1140 2051 1158 2090 a
1189 2030 1356 2110 perierauio
1386 2031 1518 2095 nascitur
1555 2032 1657 2112 aliqua

297 2123 478 2196 membrana,
506 2122 645 2182 adnata
668 2138 720 2180 seu
745 2119 911 2181 adhaerens
931 2139 983 2180 seu
1003 2115 1194 2192 incurcurum
1214 2119 1305 2191 dicta,
1331 2121 1383 2180 cui
1398 2119 1505 2198 globus
1525 2122 1603 2184 oculi
1619 2139 1655 2182 eo

299 2213 328 2274 in
352 2210 462 2274 circulo
487 2211 594 2271 affixus
619 2215 675 2281 est,
702 2227 759 2288 quo
784 2209 882 2270 latens
906 2207 1158 2287 hemisphaerium
1188 2207 1227 2268 ab
1257 2208 1415 2287 apparenti
1448 2209 1652 2290 distinguitur.

298 2300 385 2372 Quae
411 2297 584 2360 membrana
608 2297 668 2359 illic
692 2297 812 2376 gemina
835 2298 943 2358 effecta
966 2295 1035 2358 hinc
1064 2295 1225 2377 palpebras
1250 2297 1411 2376 succingit,
1440 2297 1508 2359 inde
1538 2299 1654 2360 sclero-

299 2391 365 2451 dem
390 2389 522 2450 tunicam
546 2387 669 2467 ejusque
694 2393 899 2464 superstratas
923 2385 1123 2447 musculorum
1148 2403 1293 2447 nervosas
1309 2386 1520 2448 extremitates
1536 2387 1653 2467 integit,

296 2477 457 2558 perspicua
480 2477 556 2556 ipsa,
582 2483 616 2536 ut
638 2475 709 2536 alba
732 2473 886 2536 sclerodes
911 2474 1011 2536 tunica
1035 2472 1227 2537 nihilominus
1252 2483 1337 2536 trans
1361 2475 1438 2536 hanc
1453 2476 1593 2538 videatur
1616 2476 1655 2537 ab

297 2565 533 2646 inspicientibus.
568 2561 656 2634 Quod
681 2563 706 2623 si
730 2562 805 2624 bene
821 2561 993 2624 Jessenium
1017 2562 1162 2641 intelligo,
1187 2563 1252 2625 vult
1275 2563 1325 2625 ille
1349 2583 1406 2626 non
1423 2565 1523 2626 album
1539 2570 1654 2626 tantum

298 2654 375 2716 oculi
404 2655 458 2716 sed
487 2663 518 2714 et
549 2653 643 2714 sulem
672 2653 769 2732 ipsum
801 2652 857 2713 hac
890 2651 1040 2731 pellucida
1070 2660 1100 2712 et
1134 2649 1312 2713 tenuissima
1341 2654 1515 2715 membrana
1544 2653 1654 2732 integi:

298 2744 375 2822 quod
401 2741 519 2824 quidem
543 2741 692 2820 requirere
727 2739 844 2802 videtur
877 2741 1026 2802 affixionis
1059 2742 1123 2802 lex:
1153 2758 1218 2802 cum
1249 2740 1351 2802 oculus
1380 2741 1436 2802 hoc
1465 2742 1655 2821 potissimum

298 2831 415 2894 viuculo
440 2832 469 2892 in
495 2849 547 2892 suo
572 2848 647 2890 cavo
671 2829 846 2892 retineatur.
895 2828 1035 2891 Ceterum
1061 2830 1201 2891 Platcrus
1226 2835 1330 2909 aperte
1355 2845 1495 2892 corneam
1510 2829 1652 2903 tunicam,

298 2939 374 3001 quae
398 2927 533 3000 pareest
556 2918 702 2980 sclerodis
722 2917 777 2979 suli
794 2919 870 2980 oculi
886 2919 1020 2992 obtenta,
1046 2919 1156 2978 nudam
1172 2919 1297 2980 asserit:
1323 2918 1400 2979 forte
1416 2921 1494 2999 quod
1510 2919 1652 2981 rubentes

299 3010 369 3070 illae
393 3007 529 3082 venulae,
555 3025 630 3087 quae
655 3006 798 3068 beneficio
822 3006 910 3084 hujus
936 3007 1129 3068 adhaerentis
1154 3008 1345 3068 membranae
1376 3026 1429 3086 per
1452 3009 1552 3069 album
1576 3007 1654 3070 oculi

299 3097 438 3159 videntur
462 3096 642 3169 discurrere,
669 3113 759 3174 super
782 3095 876 3157 solem
900 3095 978 3157 oculi
1003 3115 1056 3157 seu
1080 3113 1170 3174 super
1193 3114 1333 3157 corneam
1357 3114 1414 3158 nou
1440 3096 1655 3176 ingrediantur.

388 3185 472 3244 Haec
497 3183 687 3246 discretionis
711 3203 804 3244 causa
827 3195 897 3244 sunt
921 3183 1035 3257 addita,
1062 3177 1198 3264 quamvis
1223 3203 1280 3246 non
1307 3185 1420 3246 faciant
1444 3187 1483 3247 ad
1499 3185 1656 3247 formanda

300 3282 353 3335 aut
375 3271 568 3352 percipienda
602 3290 697 3333 rerum
731 3271 913 3334 simulachra
941 3281 972 3333 et
1004 3280 1120 3336 tanturn
1151 3273 1189 3334 ad
1223 3283 1335 3335 motum
1369 3283 1400 3336 et
1433 3273 1652 3355 religationem,

302 3364 403 3423 forsan
429 3369 460 3420 et
484 3359 675 3421 nutritionem
696 3360 771 3422 oculi
796 3361 976 3438 pertineant.
1025 3361 1233 3441 Suspicionem
1262 3359 1381 3442 quidem
1405 3363 1513 3424 albedo
1538 3363 1653 3424 sclero-

301 3450 348 3510 dis
373 3458 404 3512 et
427 3448 538 3510 diversi
562 3447 678 3509 colores
702 3449 787 3510 iridis
811 3449 910 3509 dictae
939 3449 1083 3529 praebere
1117 3450 1244 3531 possint,
1279 3451 1364 3529 quasi
1388 3459 1419 3513 et
1443 3451 1593 3513 exteriora
1617 3451 1655 3512 ad

267 3549 271 3556 “
300 3539 444 3600 visionem
469 3537 591 3610 faciant,
618 3557 684 3598 cum
708 3537 769 3598 sint
793 3537 936 3600 interiora
958 3538 1128 3617 nigerrima,
1154 3539 1306 3600 exteriora
1330 3540 1405 3601 adeo
1430 3540 1510 3602 alba.
1558 3539 1654 3602 Cete-

300 3647 364 3690 rum
389 3627 438 3708 qui
462 3627 540 3688 intro
565 3625 677 3706 aliquid
701 3628 859 3688 conferant
883 3646 940 3687 non
966 3627 1114 3706 intelligo,
1141 3647 1207 3690 cum
1232 3648 1284 3702 ea,
1311 3627 1417 3708 quibus
1442 3629 1654 3702 subducuntur,

300 3727 331 3778 et
355 3717 453 3778 colore
478 3715 639 3794 nigerrimo
664 3724 694 3777 et
710 3715 874 3794 opacitate,
897 3716 1058 3779 transitum
1082 3716 1155 3796 ipsis
1174 3737 1231 3778 non
1247 3717 1414 3796 praebeant
1428 3719 1518 3778 intro.
1549 3718 1655 3798 Itaque

299 3807 326 3867 si
350 3825 444 3867 causa
467 3803 572 3865 horum
597 3805 673 3866 oculi
698 3805 829 3866 colorum
853 3804 944 3867 altior
967 3813 1024 3880 est,
1050 3824 1139 3884 quam
1163 3807 1308 3868 materiae
1338 3825 1413 3886 pene
1439 3806 1655 3885 cartilagineae

299 3894 477 3968 necessitas,
503 3893 542 3955 ad
566 3893 744 3956 firmandam
768 3893 846 3955 oculi
870 3893 1030 3955 rotundam
1054 3913 1223 3957 cameram:
1250 3913 1307 3955 non
1332 3895 1478 3957 dissimile
1503 3904 1655 3968 veronese,
1707 3913 1709 3916 ’

300 3984 366 4045 ideo
391 3983 485 4045 solem
509 3982 631 4054 dictum,
656 3983 724 4044 albo
749 3982 964 4044 circumdatum
988 3991 1020 4044 et
1044 3983 1159 4062 nigrum
1180 3983 1208 4046 in
1225 3991 1327 4046 centro
1343 4004 1420 4060 esse,
1445 3985 1543 4064 ipsum
1557 3984 1657 4046 colore

299 4073 358 4133 alio
384 4090 477 4152 eoque
502 4072 578 4133 alias
603 4073 676 4145 alio,
703 4079 736 4134 ut
758 4072 803 4133 sol
827 4072 876 4132 vel
900 4071 952 4133 iris
977 4071 1006 4132 in
1031 4071 1113 4146 albu,
1146 4073 1260 4151 nigrum
1288 4073 1318 4134 in
1353 4073 1427 4136 iride
1449 4081 1536 4135 tanto
1560 4073 1657 4152 magis

299 4162 337 4220 ab
362 4168 449 4222 extra
472 4161 725 4239 conspicerentur,
749 4168 912 4241 possetque
937 4159 1002 4240 quis
1028 4170 1152 4240 aspectu
1169 4161 1316 4241 judicare,
1342 4181 1380 4224 an
1399 4161 1428 4224 in
1445 4181 1477 4222 se
1494 4162 1658 4241 conjiceret

300 4249 377 4310 alter
400 4248 511 4309 oculos.
551 4247 719 4311 Considera
743 4267 813 4310 urere
838 4259 869 4310 et
896 4267 940 4329 pr.
959 4245 1010 4311 38.
1037 4248 1112 4330 Cap.
1140 4251 1175 4324 l.,
1201 4269 1238 4310 an
1264 4250 1330 4312 ideo
1355 4252 1461 4330 globus
1486 4252 1564 4312 oculi
1587 4251 1658 4312 alba

299 4337 401 4398 tunica
424 4336 637 4411 circumdetur,
662 4345 737 4399 uta
763 4339 826 4399 luce
843 4335 925 4401 Solis
949 4337 1050 4400 mitius
1076 4339 1209 4414 feriatur,
1235 4359 1292 4400 neu
1316 4340 1499 4408 destruatur,
1523 4340 1549 4400 si
1570 4339 1658 4418 nigra

299 4425 382 4486 lacta
406 4425 525 4487 fuisset.

389 4512 529 4577 Secunda
553 4513 643 4594 igitur
666 4515 742 4577 oculi
767 4515 877 4588 tunica,
903 4533 978 4594 quae
1003 4515 1133 4578 sclerodi
1156 4514 1339 4582 subducitur,
1371 4515 1496 4586 atenui
1519 4516 1657 4596 meninge

298 4602 413 4663 cerebri
437 4609 514 4678 orta,
539 4603 699 4683 posteriori
723 4611 809 4687 perte
834 4603 1047 4679 choroides,
1078 4603 1222 4666 anteriori
1247 4623 1341 4665 urea
1365 4605 1545 4685 appellatur.
1593 4608 1658 4668 Nec

299 4697 417 4752 tantum
441 4691 499 4754 situ
523 4693 662 4756 differunt
684 4693 763 4754 istae
787 4699 906 4772 partes,
938 4693 990 4755 sed
1016 4699 1047 4753 et
1070 4689 1278 4755 crassitudine.
1317 4693 1395 4755 Naur
1420 4712 1495 4758 uvea
1518 4695 1658 4757 chornide

298 4776 471 4858 perhibetur
494 4781 584 4861 duplo
608 4781 755 4844 crassior:
789 4781 916 4861 denique
940 4791 972 4844 et
996 4782 1199 4862 applicatione
1223 4782 1262 4844 ad
1286 4782 1466 4845 exteriorem
1490 4785 1659 4848 sclerodem
