3718 5528
770 299 853 368 (lapat
869 301 927 356 Vll
947 301 974 353 t.
1487 305 1553 376 303

192 489 268 545 cara,
294 473 426 536 muebris
450 475 631 550 assimilari;
656 483 761 539 tantm
785 487 852 540 erat
875 477 974 557 hilgor
997 480 1097 556 exiuni
1121 499 1213 543 cornu
1230 500 1248 542 a
1263 479 1335 543 Sole
1385 484 1442 550 rig.
1463 481 1505 534 tt

192 561 369 624 collustrati.
426 563 531 644 Neque
564 566 798 628 circumsidehat
828 567 918 628 rubor
950 571 1118 648 aequaliter
1150 571 1207 631 hoc
1238 587 1339 644 corun,
1519 629 1529 655 ,ἵ

193 667 283 728 supra
305 652 384 712 enim
408 652 446 713 ad
470 652 623 722 sinistram
654 654 802 716 latissime
831 655 921 716 rubor
944 658 1167 736 explicabatur,
1198 657 1279 720 iulia
1303 660 1342 720 ad
1395 648 1504 742 ,
1530 658 1539 739 ,2

193 739 329 802 dextram
359 748 507 820 angustus
538 752 623 816 erat,
657 744 735 804 iuter
759 763 850 806 corno
884 744 1012 807 lucidum
1037 756 1069 808 et
1101 753 1221 827 partem
1251 748 1341 825 plane

190 827 387 890 tenebrosam.
432 829 480 896 Eo
510 841 658 892 momento
692 833 784 894 talem
817 834 920 894 lionae
954 834 1060 912 phasin
1093 837 1206 913 excepi.
1253 836 1338 898 Hora

190 935 269 978 nona
292 916 439 996 horologii
463 919 556 980 urbici
578 922 669 1000 plane
692 922 838 983 restituta
861 924 1011 1000 apparuit,
1037 926 1202 986 consumtis
1221 925 1249 985 in
1276 943 1400 1004 egressu
1424 928 1552 1005 amplius

191 1023 278 1086 quam
302 1005 322 1069 5
347 1007 583 1086 quadrantibus,
617 1011 695 1089 quod
728 1010 931 1072 observationi
964 1013 1143 1074 Braheauac
1175 1013 1396 1094 Wandesborgi
1428 1015 1552 1076 habitae

189 1095 310 1172 egregie
334 1097 494 1158 consentit
532 1096 611 1167 Quid
631 1100 678 1159 hic
698 1118 809 1178 quaeso
830 1100 911 1160 aliud
927 1101 984 1162 dici
1005 1110 1116 1180 potest,
1143 1121 1231 1181 quam
1252 1104 1392 1164 extitisse
1415 1105 1552 1166 ruborem

188 1182 280 1244 istum
304 1203 342 1244 ex
365 1185 505 1246 retractis
528 1185 610 1248 Solis
633 1187 663 1248 iu
688 1188 819 1250 Terreno
843 1194 913 1250 abre
942 1190 1050 1263 radiis,
1081 1191 1166 1268 cujus
1189 1192 1380 1252 retractionis
1414 1194 1552 1254 modulus

188 1271 257 1334 aliis
281 1272 310 1334 in
336 1274 409 1334 locis
433 1273 591 1338 Terrarum
616 1278 693 1338 alius
717 1295 752 1339 eo
776 1285 929 1339 momento
954 1280 1054 1341 inerit.
1091 1279 1170 1341 Nam
1194 1281 1220 1342 si
1245 1280 1345 1342 sidera
1363 1279 1465 1347 Solem
1489 1283 1549 1343 cir-

187 1361 371 1422 cumstantia
385 1363 503 1424 Lunam
518 1364 562 1425 ita
584 1363 761 1444 pinxissent,
787 1376 885 1427 totum
908 1368 972 1446 ejus
996 1369 1111 1430 discum
1135 1369 1303 1449 aequaliter
1318 1371 1375 1430 sibi
1400 1370 1550 1449 objectum

187 1449 359 1528 pinxissent
382 1453 560 1531 aequaliter.

278 1539 355 1600 Pars
379 1540 470 1620 igitur
493 1542 582 1620 plane
616 1542 780 1604 tenebrosa
801 1542 850 1604 hic
876 1543 958 1604 etin
993 1545 1245 1622 praecedentibus
1269 1545 1298 1606 in
1323 1546 1429 1606 umbra
1458 1545 1551 1625 ipsios

189 1626 301 1688 Terrae
334 1629 472 1707 plenaria
506 1629 615 1704 fuerit,
649 1649 719 1710 pars
752 1633 863 1693 mbeus
887 1633 915 1692 iu
941 1633 1045 1694 umbra
1069 1633 1165 1706 atris,
1190 1653 1266 1714 qnae
1296 1635 1444 1698 retractos
1468 1634 1550 1698 Solis

189 1716 290 1777 radios
314 1719 563 1794 transmittebat;
587 1739 658 1798 pars
683 1720 810 1801 denique
834 1721 933 1782 lucida
961 1721 1099 1784 immunis
1129 1723 1284 1803 utriusque
1308 1724 1445 1798 umbrae,
1475 1743 1549 1804 puro

189 1799 262 1866 Sole
286 1807 336 1867 vel
360 1807 427 1887 ejus
450 1807 552 1888 aliqua
574 1809 724 1888 particula
747 1811 839 1872 fuerit
860 1809 971 1888 potita.

513 1971 545 2038 4.
591 1977 643 2039 De
667 1978 810 2056 pallore
834 1978 957 2040 Lunae
987 1978 1222 2042 deficientis.

277 2115 347 2177 Jam
372 2117 449 2196 quod
475 2116 511 2178 de
530 2117 635 2182 Lunae
659 2138 782 2200 corpore
807 2121 884 2182 latet
902 2120 930 2180 in
952 2119 1019 2199 ipsa
1038 2119 1149 2182 Terrae
1173 2119 1287 2194 umbra,
1314 2128 1549 2182 consentaneum

188 2211 237 2266 est
259 2205 389 2284 maligne
414 2206 573 2270 admodum
598 2209 688 2271 cerni.
727 2209 775 2270 Ita
799 2228 854 2288 ego
880 2228 956 2270 atino
987 2206 1077 2271 1588.
1103 2209 1150 2270 die
1175 2205 1206 2272 3.
1223 2207 1326 2270 Martii
1349 2209 1548 2288 Mulproonae

188 2293 217 2354 in
240 2293 486 2374 Whrtemhergia
510 2297 626 2358 Lunam
656 2317 721 2358 curu
745 2299 773 2359 in
805 2297 901 2360 medio
933 2299 1055 2359 umbrae
1087 2309 1258 2359 versaretur
1289 2297 1340 2358 vix
1373 2299 1466 2359 oculis
1495 2317 1549 2378 per

189 2383 354 2446 cineritimn
379 2385 508 2446 colorem
533 2387 756 2465 deprehendere
780 2389 881 2468 potui:
906 2387 1091 2466 miratusque
1107 2407 1182 2458 sum,
1206 2406 1272 2448 cum
1294 2387 1468 2449 recordarer
1482 2388 1547 2466 ejus

188 2490 276 2552 quam
300 2491 378 2532 anno
406 2469 500 2536 1580.
530 2475 673 2539 videram.
721 2477 755 2538 ln
780 2475 889 2543 Dacia,
915 2495 980 2538 cum
1006 2475 1213 2538 instrumentis
1237 2475 1417 2556 'l'ychouicls
1442 2476 1504 2556 ejus
1529 2495 1547 2536 a

187 2559 254 2622 fixis
287 2561 464 2624 distantiam
497 2565 694 2638 metirentur,
728 2565 803 2626 adeo
836 2565 995 2626 difficulter
1028 2565 1091 2643 ejus
1122 2563 1272 2644 margines
1301 2564 1480 2640 cernebant,
1514 2574 1547 2625 ut

187 2648 352 2712 distantiae
377 2649 556 2714 observatae
590 2655 797 2732 retrogradam
821 2653 903 2715 illam
930 2653 1080 2715 interdum
1108 2654 1247 2716 exhibere
1271 2652 1443 2715 viderentur
1467 2652 1547 2714 circa

187 2738 309 2820 eclipsis
334 2741 474 2802 medium.

276 2827 324 2888 An
350 2827 441 2905 igitur
464 2829 512 2890 hic
545 2829 654 2892 saltem
684 2831 783 2910 pallor
807 2851 859 2891 seu
891 2829 971 2892 color
1004 2828 1140 2892 cinereus
1170 2829 1210 2892 sit
1234 2829 1270 2890 de
1293 2828 1397 2890 Lunae
1425 2829 1545 2910 proprio

186 2913 323 2979 lumine?
358 2914 497 2979 Nondum
522 2937 558 2980 ne
584 2917 639 2980 hoc
673 2918 789 2999 quidem
814 2938 888 3000 opus
921 2919 1065 2980 habemus
1099 2919 1208 2981 dicere.
1256 2915 1334 2988 Quin
1369 2919 1469 2997 potius
1500 2917 1547 2979 hic

186 3025 253 3068 cum
277 3004 439 3068 Plutarcho
464 3007 501 3068 de
527 3007 603 3069 facie
627 3007 730 3069 Lunae
756 3008 1006 3088 respondeamus,
1035 3007 1112 3087 quod
1137 3005 1287 3088 saprade
1312 3005 1417 3066 rubore
1441 3005 1545 3068 Lunae

186 3095 369 3172 respondere
395 3095 432 3156 ob
457 3096 520 3176 ejus
544 3096 715 3158 claritatem
739 3116 796 3159 uon
821 3106 1005 3176 poteramus,
1030 3095 1058 3157 in
1083 3095 1160 3158 hunc
1185 3094 1318 3156 modum:
1349 3105 1411 3159 Jam
1426 3105 1546 3160 eurohic

184 3185 258 3239 Solis
280 3185 371 3239 radios
393 3186 596 3256 excipientibus
618 3187 764 3258 purpureis
786 3204 818 3241 ac
833 3187 955 3258 puniceis
977 3185 1111 3250 restibus,
1132 3185 1281 3256 paludibus
1302 3185 1368 3238 item
1389 3191 1420 3238 et
1445 3185 1545 3250 fluviis,

183 3267 315 3320 umbrosa
335 3265 451 3320 viciniae
466 3267 529 3320 loca
543 3267 662 3320 colorem
682 3267 765 3321 istum
787 3268 968 3330 aemulentur,
991 3273 1021 3319 et
1035 3268 1070 3319 ob
1086 3267 1247 3337 omnigenas
1267 3266 1432 3320 reflexiones
1453 3265 1545 3320 multi·

184 3345 304 3418 plicibus
325 3345 499 3402 illustrentur
520 3347 730 3416 spleudoribus:
753 3349 815 3417 quid
831 3349 926 3402 mirum
944 3363 989 3399 res
1010 3347 1105 3408 habet,
1128 3346 1150 3399 si
1170 3345 1296 3415 copiosus
1316 3347 1430 3400 umbrae
1444 3347 1545 3410 iluna,

184 3426 273 3479 veluti
294 3426 322 3478 iu
349 3427 469 3496 pelagus
498 3427 619 3480 coeleste
646 3426 783 3491 incidens,
812 3445 867 3481 non
893 3427 1002 3480 stabilis
1029 3437 1080 3480 aut
1101 3427 1266 3497 quiescentis
1286 3425 1406 3489 luminis,
1432 3429 1481 3480 aed
1509 3427 1546 3480 ab

185 3506 334 3559 innumeris
364 3507 506 3576 exagitati
535 3507 618 3560 astris
649 3507 797 3578 vanasque
827 3507 975 3562 mixtiones
1001 3513 1032 3560 et
1060 3507 1226 3562 mutationes
1248 3507 1276 3560 iu
1301 3521 1331 3562 se
1364 3507 1544 3571 admittentis,

184 3587 271 3640 aliurn
291 3585 362 3640 alias
384 3587 502 3640 colorem
523 3603 542 3640 a
560 3588 642 3641 Luna
662 3603 824 3656 expressum
844 3589 898 3642 hue
918 3589 1026 3642 referti
1069 3585 1155 3655 Quae
1182 3585 1277 3646 verba
1300 3586 1368 3646 ideo
1398 3585 1543 3660 recensui,

184 3674 255 3754 quia
278 3673 418 3734 videntur
441 3675 677 3754 experimentum
700 3675 763 3736 talc
788 3693 904 3754 sapere,
931 3675 1019 3754 quale
1047 3691 1140 3754 supra
1161 3691 1200 3734 ex
1232 3691 1309 3734 anno
1347 3669 1439 3735 1569.
1465 3671 1544 3734 Cor-

183 3763 281 3824 nelios
305 3760 434 3824 Gemma
464 3773 663 3842 proposuerat
686 3763 723 3824 de
751 3763 900 3826 coloribus
931 3763 1017 3826 iridis
1044 3763 1075 3823 iu
1098 3763 1194 3824 Luna.
1242 3758 1331 3830 Quod
1359 3760 1542 3822 sententiam

182 3851 275 3930 igitur
297 3851 394 3930 ipsam
419 3852 530 3912 attinet
544 3851 710 3925 Plutarchi,
737 3852 763 3914 si
786 3853 864 3914 varii
886 3850 1057 3931 hujusmodi
1076 3853 1193 3912 colores
1218 3857 1386 3930 appareant
1401 3849 1430 3910 iu
1447 3847 1544 3921 Luna,

183 3939 310 4001 dixerim
334 3949 495 4018 utsupra,
518 3941 676 4022 provenire
700 3941 769 4002 illos
794 3961 832 4003 ex
855 3941 987 4021 sphaera
1011 3939 1090 4000 atris
1114 3938 1237 4000 humida
1261 3937 1342 4000 Solis
1367 3937 1469 3998 radios
1491 3957 1543 3998 re-

182 4029 342 4108 fringeute,
368 4028 487 4090 minime
511 4047 582 4091 vero
597 4049 635 4090 ax
650 4049 696 4102 eo,
719 4030 798 4108 qnod
822 4031 873 4092 lux
897 4030 1029 4092 siderum
1048 4028 1076 4090 in
1101 4027 1176 4107 ipsis
1199 4026 1373 4104 corporibus
1394 4027 1543 4104 perhanc

182 4118 313 4179 colorum
346 4118 527 4179 varietatem
558 4119 635 4180 adeo
668 4119 824 4181 evidenter
858 4119 1004 4182 distincta
1035 4118 1094 4190 sit,
1128 4117 1304 4197 Lunamque
1339 4115 1544 4178 consimilibus
1584 4193 1587 4200 y

181 4206 298 4268 imbuat
321 4205 478 4268 coloribus.
526 4205 580 4270 Sin
605 4215 704 4270 autem
730 4209 766 4272 de
791 4207 856 4270 solo
881 4207 1057 4270 tenuissimo
1078 4205 1182 4268 Lunae
1205 4205 1321 4284 pallore
1346 4223 1399 4266 seu
1423 4205 1542 4265 cinereo

182 4296 282 4357 colore
305 4294 444 4377 quaestio
462 4291 533 4368 ¹sit,
567 4297 644 4358 unde
668 4297 694 4360 ia
718 4297 748 4360 in
772 4298 889 4359 Lunam
918 4296 1079 4377 perveniat
1103 4303 1197 4356 etan
1225 4294 1262 4354 de
1293 4292 1414 4372 proprio
1437 4293 1542 4353 Lunae

181 4383 291 4446 lumine
322 4384 382 4453 sit.
411 4385 602 4465 respondebo
632 4403 698 4448 cum
721 4386 905 4457 Plutarcho,
941 4386 1018 4447 hauc
1050 4384 1179 4445 luculam
1211 4381 1364 4444 conciliari
1393 4382 1543 4443 Lunaea

180 4473 329 4535 sideribus
353 4471 456 4534 Solem
487 4474 751 4536 circumstantibus
783 4494 836 4536 seu
870 4473 1010 4555 quicquid
1043 4471 1125 4535 alind
1153 4477 1201 4532 est
1224 4470 1254 4531 iu
1282 4469 1366 4532 coslo
1401 4469 1541 4533 lucidum.

179 4561 217 4624 Id
240 4563 340 4624 fecero
365 4579 459 4640 aequo
484 4563 634 4644 Tychone,
659 4563 709 4642 qui
728 4563 824 4626 solam
839 4563 990 4626 Venerem
1005 4581 1097 4642 supra
1116 4559 1254 4622 sufficere
1277 4556 1397 4638 putavit
1420 4559 1541 4638 (quam-

179 4649 226 4711 vis
249 4651 348 4713 minus
371 4651 575 4725 considerate)
604 4669 680 4732 qnae
704 4651 808 4716 Lunae
831 4660 897 4714 tam
925 4653 1003 4714 torte
1025 4653 1124 4714 lumen
1154 4647 1343 4723 conciliaret,
1372 4655 1406 4708 ut
1431 4665 1466 4709 eo
1488 4664 1543 4726 per

179 4739 348 4818 crepusculi
371 4738 542 4800 claritatem
567 4739 708 4802 eximiam
731 4739 865 4803 enitatur
888 4760 907 4801 a
930 4739 1002 4803 Sole
1027 4740 1175 4819 digressa.

267 4825 363 4890 Nulla
385 4843 444 4888 uox
466 4835 530 4890 tam
553 4835 603 4890 est
625 4837 711 4903 atra,
734 4827 761 4890 si
785 4830 833 4892 rel
856 4827 1054 4891 densissimae
1078 4823 1174 4890 nubes
1198 4823 1312 4886 coelum
1343 4831 1487 4900 teneant,
1511 4824 1542 4886 iu
