3718 5528
295 279 362 346 274
790 285 963 334 Δειιοιοιιιιιο
981 283 1043 334 Para
1062 283 1160 348 Optlca.

293 459 415 522 voluere
440 461 571 523 sortasse
596 476 649 539 per
673 477 756 521 suam
785 457 870 520 illam
899 460 1012 522 frustra
1041 459 1197 538 explosam
1220 457 1259 520 ab
1281 459 1450 522 Aristotele
1470 458 1655 540 Ἀηιχθωα,

293 547 465 611 defectuum
490 568 622 621 causam,
647 567 736 626 quam
759 546 890 621 Lunam)
915 549 945 608 iu
968 547 1026 608 hac
1056 556 1248 610 tamensem
1273 547 1391 610 differre
1417 547 1512 610 voluit
1534 569 1554 610 a
1577 550 1655 612 Ter-

292 656 365 698 reno
389 639 490 714 globo,
515 638 593 717 quod
608 636 695 697 Luna
718 635 815 696 instar
838 635 952 714 speculi
976 636 1073 697 lucem
1091 635 1195 698 sSole
1220 645 1377 715 acceptam
1394 655 1497 698 rursus
1520 638 1653 712 emittat,

293 744 360 788 cnm
384 727 486 800 Terra,
518 725 611 786 radiis
634 724 758 804 perlusa
782 721 873 798 Solis,
903 731 1022 786 tantum
1046 724 1197 786 clarescat
1220 744 1280 786 non
1303 727 1447 788 reluceat.
1494 727 1558 788 lmo
1581 743 1654 788 vero

292 832 348 892 par
371 824 419 875 est
442 815 596 894 utriusque
621 813 698 874 ratio
723 813 836 873 Terrae
861 821 892 872 et
915 813 1031 874 Lanae.
1077 811 1157 874 Nam
1181 831 1277 892 neque
1300 815 1388 875 Luna
1417 813 1569 892 speculum
1593 823 1653 888 est,

293 901 370 981 quod
393 909 475 964 recte
505 921 597 981 snpra
619 899 799 962 Plutarchus
823 908 855 960 et
877 899 978 963 Arabs
1007 900 1057 962 ille
1082 908 1114 961 et
1137 900 1315 964 Cleomedes
1344 903 1529 976 refutarunt,
1557 921 1653 983 neque

293 990 386 1052 Terra
417 1009 476 1052 non
505 991 587 1052 lucet
617 990 681 1051 luce
715 989 955 1052 communicata:
990 991 1068 1069 qnod
1092 991 1193 1068 capite
1216 991 1257 1050 Il.
1287 1009 1371 1070 prop.
1398 990 1428 1054 7.
1464 990 1582 1053 abunde
1606 999 1654 1054 est

291 1079 451 1157 probatum
475 1079 621 1157 exemplis
646 1079 776 1139 omnium
798 1077 968 1156 parietum:
1001 1087 1182 1157 suggerente
1212 1079 1305 1140 stiam
1328 1079 1492 1142 Plutarcho
1516 1081 1654 1158 exempla

296 1168 433 1229 vestium.
483 1166 598 1237 Quodsi
626 1165 821 1240 Cleomedes,
847 1164 877 1226 id
897 1166 975 1245 qnod
999 1167 1063 1244 ipse
1088 1167 1231 1242 celebrat,
1252 1168 1356 1228 Lunae
1380 1167 1531 1246 proprium
1554 1168 1652 1230 lumen

292 1256 423 1317 colorem
446 1255 504 1316 dici
527 1256 660 1335 patitur,
695 1274 783 1334 quem
811 1275 903 1333 supra
932 1255 1051 1316 definivi
1084 1256 1179 1315 lucem
1213 1257 1362 1334 sepultam
1385 1257 1415 1318 in
1439 1257 1587 1330 materia,
1621 1256 1651 1318 in

291 1345 400 1406 ceteris
424 1346 511 1423 plane
536 1363 650 1406 mecum
675 1344 806 1422 loquitur
837 1363 1012 1423 mecumque
1041 1344 1207 1419 concludit,
1241 1362 1356 1408 mecum
1387 1346 1512 1424 denique
1546 1353 1654 1407 contra

290 1432 484 1494 Posidonium
508 1434 625 1513 ntriqne
649 1440 681 1492 et
704 1432 808 1492 Lunae
833 1439 864 1492 et
888 1433 999 1493 Terrae
1024 1451 1094 1493 suos
1118 1432 1235 1495 colores
1260 1433 1379 1508 tribuit,
1412 1435 1460 1514 qni
1484 1434 1610 1496 excitati
1634 1455 1654 1494 a

291 1523 356 1584 luce
381 1521 462 1584 Solis
487 1523 607 1584 radient
629 1522 659 1583 in
684 1520 837 1582 dimidium
860 1521 972 1593 orbem,
996 1529 1031 1581 ut
1048 1521 1110 1588 ista
1133 1541 1226 1584 cansa
1249 1522 1542 1602 resplendescentiae
1558 1523 1653 1584 Terra

290 1619 321 1671 et
345 1611 431 1671 Luna
458 1611 545 1690 paria
573 1609 695 1671 faciant.
743 1610 789 1670 De
813 1610 869 1670 hac
898 1609 999 1689 itaque
1023 1609 1127 1670 Lunae
1158 1610 1361 1672 illustratione
1389 1611 1551 1672 certissimi
1581 1618 1654 1672 sunt

292 1701 477 1761 astronomi:
504 1700 581 1779 quod
606 1721 624 1759 a
648 1698 719 1760 Sole
743 1698 847 1758 veniat
870 1699 1005 1777 qnodque
1030 1698 1077 1758 hic
1097 1700 1201 1760 Lunae
1226 1718 1333 1778 corpus
1359 1701 1455 1782 ipsum
1479 1719 1538 1761 non
1563 1699 1653 1760 aliter

293 1808 326 1848 se
351 1789 503 1861 exhibeat,
528 1807 617 1867 qnam
641 1786 769 1867 quilibet
791 1785 896 1848 obvius
919 1786 1030 1867 paries.

379 1877 445 1940 Hoc
477 1877 672 1938 fundamento
703 1876 803 1954 posito
832 1875 897 1954 jam
932 1875 1033 1937 varios
1065 1875 1151 1953 hnjus
1184 1875 1410 1937 illuminationis
1443 1876 1548 1938 modos
1582 1877 1652 1938 inde

291 1966 430 2027 derivant
453 1966 629 2028 astronomi.
676 1964 807 2026 Primum
832 1965 997 2044 disputant,
1023 1984 1087 2026 cum
1109 1963 1163 2025 Sol
1187 1964 1346 2042 sphaerica
1369 1966 1466 2028 forma
1489 1967 1539 2038 sit,
1564 1966 1653 2028 Luna

290 2054 394 2116 itidem
418 2055 515 2115 forma
537 2054 710 2132 sphaerica,
744 2054 798 2114 sed
827 2055 951 2116 minori:
987 2055 1104 2114 Lunam
1129 2052 1220 2131 igitur
1247 2055 1429 2132 plusquam
1458 2054 1581 2116 dimidia
1604 2054 1651 2116 sni

291 2150 378 2222 parte
403 2165 421 2202 a
445 2141 517 2204 Sole
542 2143 716 2216 illuminari,
742 2149 773 2202 et
796 2142 954 2203 terminum
984 2140 1210 2202 illuminationis
1235 2162 1302 2202 esse
1326 2143 1482 2218 circulum,
1508 2143 1651 2204 minorem

291 2239 391 2292 tamen
416 2251 461 2306 eo,
487 2232 587 2310 quiin
612 2231 769 2310 sphaerico
794 2231 898 2292 Lunae
923 2250 1047 2313 corpore
1071 2229 1218 2290 maximus
1242 2231 1429 2303 describitur,
1454 2249 1508 2309 per
1530 2232 1571 2302 11,
1596 2228 1650 2293 27.

292 2319 479 2382 Vitellionis.
526 2321 603 2381 Hinc
628 2320 692 2399 jam
717 2319 885 2397 anticipata
912 2338 999 2392 cura,
1033 2318 1157 2398 cognita
1185 2318 1332 2381 distantia
1364 2320 1517 2400 utriusque
1542 2320 1652 2382 sideris

291 2418 323 2469 et
345 2409 509 2484 diametris,
536 2411 645 2470 docent
668 2407 851 2486 investigare
876 2407 1113 2488 magnitudinem
1137 2406 1237 2468 circuli
1263 2407 1498 2470 illuminationis.

465 2548 495 2613 3.
542 2551 593 2610 De
617 2549 760 2612 circulo
784 2549 1086 2611 illuminationis
1110 2549 1236 2611 Lunae
1260 2557 1299 2609 et
1322 2549 1473 2612 Terrae.

380 2675 478 2754 Hujus
511 2673 644 2753 cognitio
675 2673 761 2734 nobis
794 2680 902 2751 postea
934 2674 1047 2734 serviet
1079 2674 1109 2733 in
1146 2672 1352 2752 problematis.
1404 2673 1592 2737 Reinholdns
1622 2675 1652 2736 in

292 2765 509 2828 commentario
533 2782 623 2843 super
647 2763 793 2824 Theorias
817 2761 978 2822 Purbachii
1009 2762 1211 2822 eruditissimo
1235 2770 1266 2822 et
1289 2762 1393 2842 digno,
1418 2765 1467 2843 qni
1492 2764 1653 2842 diligenter

228 2855 230 2860 ’
293 2877 312 2916 a
334 2873 433 2915 rernm
457 2853 633 2914 coelestium
657 2851 801 2915 studiosis
825 2851 952 2930 legatur,
981 2851 1032 2912 fol.
1053 2847 1123 2912 165.
1145 2855 1222 2920 (²53)
1243 2852 1443 2929 quantitatem
1466 2853 1566 2932 prodit
1589 2854 1651 2914 cir·

294 2943 353 3005 culi
373 2941 599 3006 illuminationis
618 2941 707 3002 hanc.
747 2939 796 3002 Sit
811 2944 877 3012 (rig.
898 2945 944 3009 87)
964 2939 1048 3002 ABG
1069 2939 1196 3001 circulus
1216 2940 1364 3002 maximus
1383 2942 1516 3020 corporis
1535 2942 1652 3015 Lunae,

295 3034 402 3092 ductus
426 3050 480 3111 per
503 3031 603 3110 polum
628 3028 855 3090 illuminationis
879 3027 990 3102 circuli,
1015 3028 1102 3107 polus
1123 3047 1175 3089 seu
1199 3028 1327 3090 medium
1346 3030 1443 3108 partis
1465 3030 1652 3092 illuminatae

295 3121 335 3192 A,
360 3119 488 3180 circulus
513 3119 590 3179 alins
614 3118 761 3178 maximus
785 3136 823 3178 ex
846 3119 875 3178 A
899 3117 979 3195 polo,
1000 3117 1100 3196 perD
1124 3115 1253 3178 medinm
1276 3118 1355 3180 inter
1373 3119 1441 3193 ΑΕ,
1467 3119 1510 3181 εἰι
1532 3117 1598 3193 FG,
1624 3119 1654 3178 ei

294 3207 462 3286 parallelos
491 3207 618 3267 circulus
649 3205 875 3266 illuminationis
898 3203 969 3280 ΒΟ,
1000 3223 1108 3267 secans
1136 3205 1256 3284 globum
1280 3207 1385 3268 Lanae
1409 3207 1488 3269 inira
1517 3215 1652 3269 centrum

293 3296 332 3356 D.
371 3294 479 3356 Prodit
503 3313 574 3372 ergo
598 3293 785 3356 Reinholdns
811 3292 1013 3373 quantitatem
1031 3292 1115 3356 BAO
1138 3289 1294 3358 181045‘.
1333 3296 1380 3356 Ac
1399 3315 1465 3358 curu
1489 3296 1652 3358 secundnm

296 3383 505 3446 Ptolemaeum
529 3383 615 3443 Luna
638 3383 668 3444 in
692 3401 827 3462 apogaeo
852 3389 1000 3461 appareat
1028 3383 1163 3462 aequalis
1187 3382 1267 3458 Soli,
1293 3384 1370 3445 unde
1394 3385 1444 3460 iit,
1468 3392 1502 3446 nt
1524 3383 1653 3446 circulus

293 3473 460 3534 terminans
484 3471 630 3533 visionem
654 3471 804 3532 coincidet
827 3489 892 3532 cum
912 3471 1022 3532 circulo
1047 3471 1227 3533 terminante
1251 3473 1506 3548 illuminationem,
1531 3474 1558 3536 si
1576 3492 1652 3535 con-

294 3562 395 3641 tingat
418 3562 535 3622 Lunam
559 3560 597 3621 ad
622 3560 765 3621 amussim
789 3559 1009 3622 subtercurrere
1025 3559 1110 3622 Soli:
1135 3559 1202 3621 ideo
1228 3561 1331 3622 eadem
1355 3581 1448 3642 opera
1465 3562 1653 3625 Reinholdns

294 3651 398 3730 prodit
420 3649 570 3711 residuum
586 3649 622 3710 de
639 3647 731 3722 CAB,
758 3647 873 3710 scilicet
888 3647 968 3711 ΟΕΒ
989 3667 1099 3722 arcum,
1124 3648 1173 3728 qni
1197 3657 1313 3728 partem
1337 3651 1433 3712 risam
1447 3671 1501 3731 per
1524 3651 1651 3712 medinm

293 3739 427 3814 metitur,
456 3735 536 3802 178⁰
562 3734 621 3813 tet,
647 3746 681 3800 ut
704 3746 829 3817 uterque
857 3733 1198 3800 simu1360⁰elficiat
1245 3736 1386 3801 Ceterum
1420 3741 1526 3819 quibus
1558 3757 1651 3821 prae-

292 3835 381 3889 terea
413 3827 617 3889 fundamentis
649 3826 768 3888 innixus
797 3826 837 3887 sit
868 3826 916 3888 hic
941 3825 1107 3887 doctissimi
1138 3826 1194 3886 viri
1217 3827 1366 3901 calculus,
1400 3828 1559 3890 obscurum
1592 3835 1650 3890 est.

293 3917 365 3997 Ipsa
388 3915 508 3996 quidem
533 3915 702 3996 quantitaS,
738 3916 814 3995 qnod
839 3933 914 3994 pace
942 3915 1020 3976 tanti
1052 3913 1109 3976 viri
1131 3913 1161 3976 iu
1193 3916 1376 3976 commodum
1406 3917 1482 3979 artis
1514 3917 1651 3988 dixerim,

293 4006 406 4068 vitiosa
428 4015 486 4078 est,
512 4006 589 4083 qnod
614 4006 657 4066 sic
681 4005 862 4066 denronstro.
911 4001 987 4066 Cum
1010 4004 1189 4065 assumserit
1207 4003 1395 4066 Reinholdns
1419 4025 1457 4068 ex
1475 4007 1651 4068 Ptolemaeo

227 4089 231 4095 ’
291 4095 386 4155 talem
411 4093 514 4155 Lunae
540 4094 579 4154 ad
603 4095 727 4155 Terram
751 4093 990 4172 elongationem,
1016 4093 1044 4153 in
1070 4111 1129 4171 qua
1152 4092 1257 4154 Lunae
1281 4111 1388 4172 corpus
1413 4096 1517 4156 eodem
1541 4096 1651 4174 angulo

291 4183 402 4245 visorio
427 4190 582 4262 spectetur
606 4201 663 4261 qno
683 4189 714 4242 et
732 4179 806 4242 Sol:
832 4188 941 4260 tangat
964 4199 1035 4260 ergo
1060 4189 1145 4242 recta
1164 4179 1220 4243 011
1243 4201 1351 4261 corpus
1370 4183 1474 4246 Lunae
1493 4184 1523 4245 iu
1547 4183 1651 4246 circuli

288 4271 516 4333 illuminationis
541 4268 594 4332 CB
618 4277 728 4347 puncto
748 4267 773 4330 Ο
797 4278 829 4330 et
852 4272 1041 4330 continuetur
1060 4269 1117 4331 An
1143 4270 1208 4331 axis
1232 4270 1472 4347 illuminationis,
1498 4272 1596 4354 quoad
1619 4272 1651 4333 in

289 4359 319 4420 H
335 4367 494 4422 concurrat
516 4378 583 4420 cum
600 4356 665 4420 CH.
705 4354 786 4427 Quia
809 4376 880 4438 ergo
896 4356 952 4419 ΟΗ
975 4358 1077 4436 tangit
1090 4357 1208 4420 Lunam
1227 4359 1257 4422 in
1277 4360 1387 4422 circulo
1411 4360 1650 4434 illuminationis,

288 4449 389 4528 tangit
412 4449 504 4511 etiam
527 4446 631 4510 Solem
654 4445 883 4518 illuminantem,
908 4446 993 4525 cujus
1016 4454 1154 4508 centrum
1177 4448 1298 4527 lingitur
1320 4449 1352 4510 in
1375 4450 1433 4514 DA
1457 4470 1513 4512 axe
1536 4449 1650 4512 illumi-

289 4538 420 4600 nationis
450 4538 601 4600 elevatnm
626 4536 748 4609 (Vitell.
773 4535 816 4609 Il,
842 4533 911 4607 27).
958 4535 1000 4596 Et
1024 4536 1095 4615 qnia
1124 4537 1227 4598 eodem
1257 4538 1366 4617 angulo
1395 4546 1572 4618 spectantur
1595 4535 1652 4600 Sol

289 4631 321 4687 et
344 4625 450 4703 Luna,
483 4626 564 4688 linea
596 4644 668 4688 vero
692 4624 751 4686 AD
774 4643 828 4704 per
860 4630 965 4685 centra
988 4642 1047 4684 una
1070 4632 1137 4699 est,
1171 4631 1202 4686 et
1233 4625 1314 4688 linea
1337 4625 1393 4688 CH
1426 4629 1465 4688 ad
1498 4626 1652 4705 margines

290 4715 443 4795 utriusque
467 4714 621 4777 luminaris
645 4733 714 4790 nna,
738 4713 863 4793 proinde
888 4719 920 4772 et
938 4709 1023 4772 OHD
1048 4713 1175 4792 angulus
1199 4731 1274 4774 unns
1298 4722 1331 4776 et
1353 4715 1442 4790 idem,
1468 4736 1539 4795 ergo
1565 4714 1652 4777 OHD

284 4803 421 4881 angulus
445 4811 508 4877 est,
533 4823 590 4884 quo
624 4810 780 4883 spectatur
802 4801 957 4880 utriusque
981 4801 1115 4878 corporis
1146 4799 1380 4866 semidiameter.
1427 4804 1473 4865 At
1496 4804 1652 4882 utriusque
