3652 5532
745 293 826 360 caer
845 291 920 346 ΧΗ
1436 295 1501 366 747

164 465 231 532 Ant
251 467 329 532 eninr
356 473 519 549 sequnntur
545 466 704 532 ecclesiam
724 468 895 534 Romanam
921 476 975 534 aut
996 467 1034 532 ab
1058 489 1095 532 ea
1116 470 1329 534 discesserunt.
1373 472 1424 536 llli
1445 491 1500 536 ex-

75 575 81 588 ·
165 563 306 636 spectant
319 555 415 620 adhuc
429 555 660 632 antichristum,
674 556 707 619 hi
720 558 846 622 credunt
862 557 996 622 Judaeos
1016 557 1113 622 adhuc
1132 561 1365 624 convertendos:
1385 562 1500 644 utrique
1573 575 1577 600 ²

163 645 369 726 probabiliter,
391 645 624 732 praedicandum
638 647 838 726 Evangelium
861 665 915 727 per
932 655 1028 712 totum
1042 649 1202 710 Terrarum
1224 649 1326 712 orbem
1349 651 1500 715 omnibus·-

164 752 221 816 que
251 734 398 798 barbaris.
452 734 560 798 Neutri
592 735 683 816 igitur
718 731 794 798 ¹certi
830 745 902 799 sunt
932 737 1116 818 jamjamque
1151 737 1304 801 imminere
1341 740 1501 804 adventum

162 822 292 886 Domini.
329 825 434 907 Itaque
450 843 509 887 non
528 831 657 908 possunt
670 824 748 887 hono
770 824 891 888 stellam
910 825 1012 908 aliqua
1033 825 1178 906 peculiari
1195 827 1312 890 ratione
1333 828 1372 890 ad
1387 827 1501 892 Christi

41 929 44 944 ·
164 911 324 976 adventum
347 913 572 976 accommodare
594 931 689 995 exque
713 932 749 974 ea
771 922 908 993 tempora
930 915 1116 978 dinumerare
1143 923 1297 998 metasque
1320 919 1499 999 praefigere:

163 1019 251 1083 quam
283 1001 441 1068 seientiam
461 1003 552 1066 Deus'
576 1001 634 1064 sibi
662 1002 838 1066 reservavit.
883 1003 1007 1068 Interim
1029 1023 1089 1067 non
1121 1023 1193 1067 sane
1222 1014 1365 1086 peccant,
1396 1007 1423 1070 si
1444 1007 1502 1068 hac

163 1091 254 1153 stella
276 1091 502 1154 commonefacti
529 1090 624 1154 vitam
654 1090 824 1154 instaurant
847 1089 1051 1166 Christianam
1073 1093 1174 1176 itaque
1197 1114 1230 1157 se
1254 1105 1446 1176 comparant,
1469 1103 1502 1158 nt

164 1179 318 1244 Christum
338 1179 501 1244 Dominum
518 1179 702 1262 jamjamque
725 1181 886 1262 excepturi.

250 1268 367 1342 Quodsi
389 1268 437 1333 cui
460 1268 580 1332 stellam
601 1269 680 1332 hanc
701 1269 785 1333 lubet
802 1270 842 1332 ad
856 1277 977 1334 nostras
991 1271 1216 1352 Europaeorom
1237 1271 1356 1334 trahere
1376 1280 1500 1336 conten-

161 1358 277 1422 tiones:
307 1357 444 1440 equidem
465 1359 518 1422 fiet
539 1357 715 1440 capitulatio
743 1357 873 1424 omnium
895 1359 958 1422 fere
985 1359 1236 1439 conjecturarum,
1259 1379 1334 1442 quas
1356 1361 1501 1424 hactenus

161 1445 312 1520 recensui,
351 1448 431 1510 Nam
453 1445 638 1529 Sagittarius
660 1447 902 1530 repraesentabit
923 1447 1081 1512 ecclesiam
1096 1449 1156 1512 Dei
1179 1448 1294 1531 (posito
1317 1451 1397 1531 qnod
1417 1451 1501 1514 Deus

160 1537 193 1600 in
220 1536 414 1618 significando
446 1544 547 1600 utatur
579 1537 772 1621 conceptibus
802 1537 1041 1619 astrologorum,
1072 1537 1151 1620 quod
1179 1556 1240 1600 non
1269 1556 1372 1602 omnes
1400 1546 1501 1603 tamen

161 1628 326 1690 concedent
348 1644 462 1708 egoque
483 1626 670 1692 haesitanter
688 1629 848 1708 suppono),
870 1633 935 1690 tam
955 1626 1171 1700 oeconomice,
1198 1627 1268 1709 quia
1284 1627 1316 1690 in
1333 1646 1390 1709 quo
1414 1627 1501 1709 signo

162 1716 393 1796 congrediuntur
414 1716 505 1780 hodie
526 1716 685 1798 planetae,
708 1716 739 1780 in
762 1735 798 1780 eo
820 1718 907 1798 signo
930 1715 1049 1780 initium
1071 1722 1120 1780 est
1149 1716 1261 1796 trigoni
1283 1717 1380 1797 ignei,
1411 1735 1501 1800 quam

160 1805 352 1886 astrologice,
375 1805 446 1888 quia
467 1805 651 1886 Sagittarius
674 1812 722 1868 est
743 1806 849 1890 domos
870 1805 969 1870 Jovis.
1013 1807 1056 1869 Et
1077 1804 1148 1887 quia
1170 1805 1339 1886 conjunctio
1360 1806 1447 1870 Jovis
1463 1813 1502 1891 ,et

159 1893 272 1958 Martis
294 1894 466 1958 turbulenta
488 1901 590 1958 estet
612 1895 704 1958 stella
729 1895 818 1976 paulo
849 1902 919 1958 ante
942 1895 1012 1959 illos
1038 1895 1161 1975 junctos
1185 1894 1271 1958 stetit
1300 1895 1399 1977 quoad
1421 1895 1501 1958 diem

160 1991 191 2046 et
213 1983 328 2062 locum3
357 1991 388 2048 et
409 1977 594 2065 sagittarius
620 1983 782 2065 triplicitas
810 1983 936 2048 habetur
958 1983 1070 2047 Martis
1093 1991 1125 2046 et
1146 1981 1247 2046 Solis:
1276 1982 1378 2067 itaque
1400 1983 1500 2048 maxi-

156 2091 272 2136 marum
302 2074 525 2138 contentionum
555 2072 762 2148 novationem,
795 2079 827 2136 et
852 2081 886 2135 ut
908 2092 976 2136 curu
996 2073 1125 2137 Rbslino
1147 2072 1253 2155 loquar
1282 2094 1498 2156 amooapcqqr,

157 2161 235 2226 forte
259 2169 290 2224 et
311 2181 419 2226 novam
442 2171 565 2238 sectam,
589 2170 624 2226 ot
645 2161 793 2242 astrologi
815 2164 908 2226 ceteri
930 2169 1160 2244 suggesserunt,
1184 2161 1352 2243 significat3
1377 2162 1501 2245 etquis

145 2251 249 2336 *stella
270 2252 422 2316 antecedit
444 2252 514 2316 illos
537 2252 568 2314 in
590 2251 638 2314 die
661 2258 692 2313 et
714 2251 781 2314 loco
804 2258 868 2314 tam
891 2251 1088 2333 longitudinis
1110 2269 1199 2333 quam
1221 2251 1408 2328 latitudinis,
1431 2252 1498 2315 ideo

155 2341 286 2424 quietem
307 2349 378 2423 post
391 2341 474 2405 rixas
496 2341 672 2422 pollicetnr;
696 2347 728 2402 et
742 2339 812 2422 qnia
829 2341 921 2404 stella
935 2343 1022 2404 stetit
1040 2359 1133 2422 prope
1151 2340 1233 2404 viam
1254 2341 1370 2421 regiam
1390 2341 1499 2421 plane-

153 2437 263 2508 tarum,
285 2431 317 2494 id
339 2430 436 2495 innuit
457 2429 640 2494 confusionis
659 2435 691 2491 et
707 2428 936 2494 exorbitationis
955 2427 1180 2511 abrogationem
1203 2437 1234 2492 et
1253 2429 1367 2492 ordinis
1389 2430 1499 2492 reduc-

153 2521 283 2597 tionem3
314 2521 393 2603 quod
416 2519 471 2584 alii
493 2520 530 2582 de
553 2520 652 2582 reditu
673 2518 713 2581 ad
742 2518 923 2582 catholicam
954 2519 1130 2594 ecclesiam,
1162 2518 1275 2582 allide
1304 2518 1498 2600 simplicitate

155 2609 287 2672 cultuum
316 2609 484 2692 apostolica
515 2608 672 2692 accipient
718 2608 760 2673 Et
781 2607 852 2689 quia
874 2615 944 2672 tunc
967 2609 1024 2672 luit
1052 2607 1169 2670 initium
1191 2607 1273 2687 ignei
1295 2606 1498 2690 trigoni‚·qui

155 2697 332 2760 nobilitatus
361 2706 409 2761 est
438 2698 608 2780 praecipuis
635 2715 734 2761 rerum
765 2703 918 2776 gestorum
950 2695 1104 2772 articulis,
1136 2703 1170 2759 ut
1199 2695 1351 2759 creatione
1384 2695 1496 2772 mundi,

155 2785 315 2849 nativitate
346 2785 461 2852 Christi
493 2788 575 2862 (vide
607 2806 673 2869 cap.
702 2785 772 2849 VII.
803 2793 835 2847 et
865 2785 1036 2868 'lychonem
1063 2784 1215 2848 Braheum
1244 2784 1276 2848 in
1307 2783 1498 2847 conclusione

157 2875 318 2957 Progynrn.
344 2875 394 2939 fol.
418 2872 513 2955 805),
545 2877 613 2940 ideo
646 2874 830 2956 significatur
861 2874 964 2957 aliqua
994 2874 1209 2938 revocationi
1235 2873 1384 2956 principia
1406 2873 1498 2939 Obri-

159 2963 335 3028 stianitatie.
380 2966 423 3030 Et
443 2967 513 3049 quia
536 2966 626 3030 stella
647 2965 706 3027 fuit
726 2962 816 3026 altior
838 2963 915 3028 Jove
938 2972 970 3026 et
991 2966 1107 3040 Marte,
1132 2970 1252 3026 etcum
1274 2962 1351 3040 illis,
1374 2981 1499 3046 qnorum

157 3052 210 3116 ille
231 3071 380 3136 pompam,
403 3057 525 3134 tastum,
548 3054 776 3128 auctoritatem,
798 3051 847 3114 hic
869 3052 1113 3136 inquietudinem,
1137 3071 1270 3134 pugnas,
1291 3051 1390 3130 rixas,
1413 3052 1497 3116 sedi-

156 3141 265 3219 tiones,
288 3144 417 3208 lunorem
439 3145 521 3227 vulgi
544 3154 576 3209 et
596 3145 726 3225 impetus
748 3142 925 3206 temeramus
949 3143 1115 3224 significat:
1139 3141 1206 3205 ideo
1230 3141 1415 3222 significatur
1436 3141 1497 3204 ali-

156 3231 228 3315 quid
249 3232 298 3296 his
322 3233 437 3298 duabus
458 3235 594 3316 partibus
617 3230 807 3297 contrarium.
844 3231 887 3294 Et
908 3231 978 3314 quia
1001 3233 1091 3296 stella
1112 3251 1172 3295 non
1195 3229 1253 3294 fuit
1266 3249 1333 3294 cum
1348 3230 1496 3295 Saturno:

155 3321 239 3386 nulla
261 3341 332 3404 ergo
364 3324 499 3388 imminet
528 3324 644 3388 molitio
677 3328 783 3386 contra
804 3339 853 3383 res
876 3319 1052 3399 Saturnias;
1083 3319 1138 3385 sed
1165 3319 1236 3402 quia
1267 3319 1325 3382 fuit
1350 3339 1417 3383 cnm
1443 3320 1498 3383 illo

154 3412 344 3475 consentiens
379 3414 410 3476 in
446 3414 620 3490 latitudine,
656 3432 693 3475 ea
725 3429 758 3472 re
799 3409 993 3474 adumbratur
1030 3410 1117 3474 nobis
1152 3409 1359 3474 Saturniarum
1399 3427 1499 3472 rerum

154 3499 292 3576 victoria,
315 3501 453 3584 nimirum
475 3503 674 3586 antiquitatis,
706 3498 906 3575 constantiae,
939 3499 1068 3576 consilii,
1095 3499 1283 3581 prudentiae,
1313 3498 1496 3574 severitatis,

156 3588 367 3669 parsimoniae.
418 3591 651 3655 Restaurabitnr
678 3587 799 3672 publico
829 3587 955 3654 concilio
987 3589 1148 3671 disciplina
1179 3587 1405 3663 ecelesiastica3
1437 3606 1498 3649 non

10 3665 12 3676 '
104 3725 111 3737 .
155 3677 366 3759 permittentur
388 3681 517 3762 amplius
539 3682 766 3746 concionatores
790 3675 920 3742 scribere
943 3678 1138 3761 prognostica
1164 3677 1311 3759 fidemque
1334 3683 1365 3738 et
1387 3674 1496 3738 existi-

154 3767 318 3831 mationem
347 3769 461 3832 ordiuis
482 3770 539 3833 hac
561 3771 696 3834 vanitate
725 3765 927 3844 labefactare;
958 3766 1164 3830 emendabitur
1193 3765 1340 3839 ecclesia3
1372 3764 1497 3826 tolletur

155 3855 280 3920 libertas
298 3857 441 3939 juvenilis
465 3859 651 3941 disputandi,
674 3854 890 3931 calumniandi;
912 3855 1111 3920 refrenabitur
1134 3855 1216 3918 furor
1242 3853 1359 3936 populi,
1381 3851 1496 3914 valebit

154 3943 365 4028 domnapetra
380 3949 591 4029 collegiorum
607 3948 791 4012 coercebitur
806 3963 924 4026 pompa,
939 3945 1038 4020 luxus,
1054 3943 1265 4027 superbiatur
1278 3963 1495 4026 μωαρχεηωη

154 4036 235 4120 qnod
257 4043 289 4099 et
309 4035 446 4102 Braheus
469 4038 521 4101 fol.
545 4037 609 4103 802
633 4058 672 4102 ex
694 4058 749 4103 sua
771 4032 863 4097 stella
885 4034 1027 4098 deduxit:
1051 4033 1083 4095 in
1106 4052 1231 4110 summa,
1253 4031 1387 4096 Jovialia
1408 4038 1496 4094 erunt

152 4125 332 4201 mediocria,
354 4127 512 4190 Martialis
541 4129 717 4205 deterrima,
745 4127 894 4191 Saturnus
923 4121 1118 4204 praevalebit.
1164 4121 1206 4184 Et
1232 4121 1302 4204 quia
1331 4119 1388 4183 fuit
1416 4119 1495 4183 idem

153 4216 228 4280 ordo
258 4223 385 4298 quatuor
417 4217 572 4280 stellarum
601 4216 779 4294 latitudine,
810 4211 860 4295 qui
883 4219 931 4274 est
952 4231 1077 4275 revera
1097 4211 1130 4274 in
1150 4210 1259 4273 mundo
1291 4209 1494 4291 sphaerarum,

152 4305 221 4368 ideo
245 4304 360 4387 sperari
382 4313 485 4389 potest
507 4306 677 4370 emendatio
708 4306 836 4370 maxime
869 4308 1071 4365 consentanea
1093 4319 1193 4363 rernm
1214 4307 1349 4362 naturae.
1392 4300 1494 4382 Atque
1540 4329 1547 4345 ·

152 4393 227 4458 haec
249 4403 299 4458 est
329 4396 383 4458 illa
412 4395 598 4460 clarissimae
621 4403 653 4459 et
674 4390 927 4478 flagrantissimae
960 4390 1068 4454 stellae
1100 4389 1267 4452 amoenitas
1291 4386 1328 4451 ab
1358 4388 1494 4452 omnibus

152 4484 270 4563 passim
291 4487 514 4549 commendata:
539 4486 598 4550 nisi
620 4486 699 4569 qnod
720 4486 811 4568 paulo
827 4481 895 4562 plns
917 4479 1050 4555 ruboris,
1073 4497 1141 4542 cnm
1163 4486 1247 4542 esset
1268 4476 1398 4554 humilis,
1420 4496 1494 4561 prae

154 4589 188 4634 se
209 4574 298 4638 tulit:
322 4575 400 4639 unde
424 4575 586 4658 conjicias,
614 4574 701 4638 initia
723 4575 763 4638 ad
784 4577 887 4636 tantm
910 4587 1068 4632 successus
1091 4567 1239 4646 difficilia,
1269 4567 1440 4631 turbulenta
1462 4574 1495 4630 et

119 4693 121 4696 ·
154 4661 298 4744 sangnine
320 4674 486 4746 purpurata
507 4665 623 4739 lutura,
647 4664 736 4730 finem
756 4677 828 4726 vero
850 4657 1015 4741 pulchrum.
1060 4657 1207 4722 Nimirum
1230 4655 1273 4720 sic
1296 4656 1388 4720 etiam
1409 4656 1494 4720 illam

155 4751 274 4814 stellam
296 4754 367 4817 anni
391 4753 484 4820 1572.
508 4751 698 4834 interpretati
728 4759 797 4817 sunt
818 4747 970 4810 nonnulli:
1002 4747 1154 4810 incensam
1175 4766 1243 4810 esse
1265 4765 1374 4809 novam
1397 4747 1493 4810 lucem

153 4839 187 4901 in
210 4859 294 4922 spem
313 4842 444 4923 piorum,
474 4843 524 4925 qui
546 4839 661 4924 possim
687 4842 825 4906 mammis
857 4834 1080 4900 calamitatibus
1109 4836 1302 4928 circumventi
1323 4835 1491 4918 gemebant.
