3464 5524
626 319 659 370 ss
675 319 747 370 eso
767 319 868 384 epam.
1384 320 1427 390 25
1536 271 1542 288 ⁸

84 495 158 534 ιιιιιιι
170 486 247 538 adem
268 496 300 540 at
321 491 484 544 custodiam
502 509 532 545 ea
550 495 689 545 conditione
709 497 872 560 recipiamus,
892 503 921 545 ιιι
939 498 958 544 si
977 503 1003 546 to
1016 502 1094 547 morte
1107 503 1254 562 praetentus
1272 513 1323 550 oon
1340 503 1425 564 possis,

85 555 243 608 sufflatum
263 575 364 612 earum
386 579 560 629 procuremus,
589 567 701 631 equidem
720 569 818 616 omnino
837 581 962 631 speramus
989 569 1099 632 adeoque
1128 577 1248 633 optamus,
1276 579 1305 620 ut
1322 573 1427 636 ipsemet

85 627 172 678 motu
187 632 237 680 tris
257 641 288 682 et
308 636 384 686 aeus
406 645 436 686 et
457 637 559 703 agendis
577 639 654 701 possis
673 651 727 687 esse
746 646 877 702 superstes.
915 639 987 699 Quod
1005 641 1026 687 si
1044 654 1100 689 raro
1120 640 1188 690 Deus
1213 642 1285 692 aliter
1303 642 1425 707 disponat,

85 701 167 763 trsspci
183 709 208 750 rt
227 701 348 755 hdueiae
369 713 448 766 tuae,
475 713 594 773 quatenns
620 709 645 757 id
664 710 727 758 oltra
745 708 905 760 offensionem
925 710 950 758 S.
972 710 1044 759 Caes.
1062 709 1204 774 Maiestatis
1222 713 1276 763 lieri
1294 717 1386 778 possit,
1410 729 1426 763 a

86 773 181 822 ιιιιιαὶ
195 787 238 838 pru
258 783 357 826 uem
377 785 457 842 parte
475 793 525 828 nors
543 795 625 828 sumus
644 780 758 829 defuturi.

149 843 216 896 Vale.
253 845 405 902 Dabantm
423 849 483 899 Vll.
505 850 556 900 cal.
576 851 647 900 Febr.
668 847 745 900 1605.
884 849 989 906 Rector,
1008 852 1219 902 Procancellsrins
1238 853 1389 906 athanatos

977 923 1128 973 Academiae
1147 924 1317 990 Tubingensis.

158 1006 414 1074 christophorus
433 1009 608 1070 Beseldus,
637 1011 677 1060 oui
703 1017 732 1059 ut
758 1023 832 1074 supra
859 1007 951 1058 dictum
976 1011 1100 1076 exemplar
1119 1011 1224 1076 Optieae
1251 1017 1423 1068 transmiserat

93 1075 196 1142 helerus,
212 1093 255 1142 pro
272 1079 324 1130 hoc
344 1081 413 1132 dono
433 1084 528 1147 gratias
547 1096 624 1147 agens
642 1081 705 1132 baec
724 1081 835 1130 rescribit
852 1079 975 1144 Keplcro:

157 1147 258 1200 linifica
274 1165 317 1201 me
346 1160 409 1202 tuoe
428 1153 516 1203 literae
536 1151 650 1203 adiecere
669 1153 848 1208 delectatione,
875 1151 1013 1201 Clarissimo
1031 1151 1089 1210 Vir,
1118 1169 1174 1202 oum
1196 1155 1259 1219 qnod
1278 1157 1346 1207 clara
1364 1159 1423 1208 inibi

93 1219 165 1270 udas
179 1220 213 1270 tul
229 1223 255 1270 ln
274 1237 316 1272 me
337 1225 431 1273 ameris
450 1231 502 1274 turn
520 1226 578 1288 quin
595 1225 615 1272 is
635 1225 688 1288 ipse
706 1237 775 1273 arnor
792 1223 851 1272 mihi
871 1223 1032 1287 gratissimus.
1071 1223 1106 1272 'l'e
1120 1240 1169 1273 nou
1182 1227 1260 1276 solum
1279 1230 1344 1278 enim
1357 1229 1423 1278 fideli

93 1291 136 1339 uin
149 1307 202 1341 tans
218 1307 272 1342 sum
290 1301 466 1358 praeceptore,
486 1296 529 1344 sed
547 1299 639 1358 etjam
659 1296 690 1344 ab
710 1295 803 1358 aliquot
821 1296 892 1344 annis
911 1294 970 1344 mihi
989 1310 1015 1344 es
1034 1295 1130 1355 adfinis,
1150 1310 1182 1346 ea
1199 1298 1301 1362 qnippe,
1321 1315 1385 1362 qnae
1403 1303 1423 1350 si

93 1361 147 1412 susi
164 1363 299 1416 adhucdum
316 1365 443 1416 fineretur
462 1381 531 1423 aura,
559 1381 643 1416 socrus
661 1380 718 1415 mes
736 1367 799 1416 ioret
817 1377 917 1430 magna,
948 1380 993 1415 aro
1011 1372 1054 1414 tuo
1072 1368 1239 1430 germanitate
1261 1371 1351 1431 juncta
1368 1372 1421 1421 init.

93 1433 182 1500 luimus
197 1449 224 1484 eo
241 1436 369 1486 lubentius
387 1438 456 1502 qnod
474 1437 532 1487 miri
549 1439 676 1500 injunxisti
695 1438 785 1503 agnovi
802 1452 900 1494 munus,
921 1443 946 1485 et
964 1451 995 1486 ne
1015 1451 1053 1486 res
1065 1443 1124 1488 tuae
1142 1454 1200 1490 mea
1211 1440 1366 1504 negligentia
1383 1443 1423 1492 bic

25 1573 26 1580 ἵ
94 1507 144 1554 sient
160 1505 285 1557 decederes
303 1507 392 1557 scdulo
413 1511 505 1566 curari,
533 1517 606 1574 utque
626 1523 709 1558 coram
727 1508 837 1572 principe
855 1507 954 1558 Joanne
972 1507 1095 1558 Fsiderico
1114 1509 1271 1571 splendidiori
1288 1513 1314 1560 in
1333 1513 1423 1562 restitu

93 1589 133 1624 ιιι
149 1592 198 1626 curn
220 1579 268 1628 tuis
288 1580 371 1630 eidem
398 1581 503 1644 principi
528 1581 652 1642 inscriptis
678 1580 756 1629 literis
784 1579 838 1628 libri
856 1580 891 1628 tui
918 1580 977 1644 ipsis
1000 1579 1109 1630 calendis
1127 1579 1241 1630 Jannarii
1267 1591 1421 1647 compareret

93 1647 204 1712 arripias,
220 1653 358 1714 procurari.
396 1647 520 1714 Respousi
537 1666 593 1701 rere
611 1651 672 1700 nihil
691 1649 748 1700 dum
766 1651 819 1710 tuli,
838 1651 886 1698 nisi
903 1651 968 1714 quod
986 1653 1084 1700 nomine
1103 1653 1140 1700 sui
1159 1654 1271 1716 principis
1283 1651 1339 1703 ioh.
1352 1653 1421 1704 Heu-

21 1733 23 1777 ;
91 1733 163 1840 m
176 1721 213 1784 qui
230 1720 310 1840 eidqm
329 1737 397 1771 nunc
417 1736 433 1806 a
453 1722 568 1781 consiliis,
590 1737 617 1771 se
635 1722 679 1842 fiii
698 1723 872 1842 resqripturum
890 1721 949 1770 mihi
966 1722 1118 1841 itndicarerit.
1155 1722 1310 1788 lugentiores
1328 1731 1421 1784 ιιιιιοιι,

164 1805 197 1845 nr.
212 1805 256 1841 serr
286 1805 344 1842 urus
410 1801 469 1851 tras,
503 1808 595 1843 uama
625 1809 656 1843 en
712 1808 743 1841 on
760 1807 789 1842 us
807 1807 924 1842 missurus
944 1806 988 1842 as.

19 1918 20 1927 ἵ
166 1807 273 1920 nosos?
285 1863 353 1927 qnod
363 1807 475 1928 gprrineipi
487 1809 779 1920 isidorisisgdestisiabrs,
799 1863 885 1913 offerre
898 1865 1004 1929 nequivi,
1022 1877 1080 1912 nam
1092 1863 1187 1922 literae,
1206 1879 1268 1930 quas
1285 1867 1308 1916 ai
1320 1868 1422 1916 comites

17 1960 21 1983 ι
90 1931 298 2000 darrmmuumque
316 1935 379 1983 illud
397 1933 477 1984 serbis
495 1941 619 1992 ornarent,
638 1949 759 1999 nusquam
773 1949 918 1998 apparuero,
937 1949 984 1984 nec
1001 1933 1026 1983 id
1039 1941 1133 1984 mutum
1147 1937 1172 1985 in
1185 1943 1344 2000 conspectum
1356 1939 1421 1987 tanti

15 2032 16 2067 ι
89 2003 192 2067 principis
206 2007 285 2055 sanita
306 2005 398 2056 decuit.
436 2003 584 2056 Maestlinue
608 2007 673 2056 euim
697 2012 780 2056 noster
806 2011 904 2069 praeter
927 2005 1030 2070 principi
1047 2005 1140 2055 Joanui
1159 2007 1281 2057 Friderico
1311 2015 1337 2058 et
1364 2007 1423 2058 mihi

88 2075 205 2138 ustriptas
220 2076 301 2126 nullas
320 2077 384 2127 abas
404 2075 438 2126 sd
456 2092 495 2128 nne
513 2077 613 2141 pertulit
630 2077 724 2134 literae,
750 2090 798 2126 nec
816 2077 957 2141 sclopetarii
974 2076 1047 2134 illius,
1077 2077 1116 2126 cui
1141 2084 1168 2126 tu
1194 2093 1237 2128 aas
1256 2081 1422 2138 commiseras,

89 2143 134 2192 nlla
150 2145 296 2210 inquisitione
314 2149 428 2198 nancisci
447 2151 515 2211 potui
533 2150 636 2212 copiam.
674 2147 699 2197 Is
717 2147 801 2212 procul
820 2147 894 2197 dubio
912 2147 1019 2204 tabulas,
1046 2162 1110 2211 quaa
1128 2164 1217 2198 nemen
1237 2151 1352 2214 principis
1370 2151 1421 2199 Fri·

10 2259 11 2280 ,
88 2215 154 2264 sese
164 2231 219 2282 prae
235 2233 262 2268 se
278 2219 403 2276 terebant,
423 2218 503 2268 eidem
520 2221 624 2283 ipsemet
642 2219 752 2276 tradidit,
771 2219 858 2268 librum
870 2219 942 2268 simul
960 2233 1012 2268 una
1024 2217 1176 2269 offerendum
1188 2222 1295 2279 nescius,
1309 2237 1356 2272 nec
1370 2236 1422 2280 ess,

86 2287 144 2348 qunti
163 2303 213 2339 tum
237 2292 298 2340 meis
321 2305 372 2340 non
392 2296 539 2354 compactae
565 2297 653 2347 eraut,
682 2289 742 2340 mihi
771 2289 808 2340 rel
826 2288 960 2340 Massiliuo
978 2295 1046 2339 recte
1065 2290 1118 2340 dari
1145 2305 1304 2354 praesumens
1332 2293 1422 2342 ammo.

86 2355 176 2408 Noram
190 2361 260 2424 igitur
276 2363 333 2411 nori
353 2363 494 2426 argumenti
511 2369 541 2411 nt
559 2361 634 2411 endas
654 2361 783 2426 epistolam
810 2375 912 2412 necesse
932 2368 977 2423 est,
1005 2375 1154 2424 quamtum
1181 2364 1286 2426 primum
1304 2377 1423 2428 accepero

84 2430 192 2479 aarum
207 2433 319 2496 principis
336 2433 417 2482 nostri
434 2431 589 2482 illustrissimi
606 2439 635 2482 nt
652 2433 751 2482 insimul
770 2446 825 2482 cum
843 2439 886 2482 tuo
909 2432 969 2482 libro
989 2431 1060 2482 detur
1078 2447 1149 2482 meae
1168 2434 1215 2482 erit
1233 2435 1375 2484 curationis.

166 2505 191 2550 Δ
204 2510 290 2554 senatu
309 2503 456 2553 wadamiro
480 2518 537 2552 mox
554 2503 657 2554 habebis
674 2517 833 2570 responsurus
861 2504 930 2553 illum
957 2504 1041 2568 petitis
1063 2505 1111 2554 tuis
1138 2519 1247 2555 annuere
1265 2504 1423 2572 singulosque

80 2577 202 2622 maeret
216 2575 258 2623 titi
276 2575 361 2624 farere
380 2576 523 2636 comperior.
763 2633 766 2638 Ι

166 2643 193 2694 Si
208 2643 354 2696 haedinus
371 2660 423 2696 non
442 2647 468 2694 in
484 2660 565 2696 rarum
583 2651 675 2696 natura
693 2652 764 2705 esset,
785 2645 855 2695 uobis
873 2645 970 2709 propior
984 2659 1058 2695 asses.
1097 2643 1197 2695 Certum
1209 2652 1255 2708 est,
1274 2651 1300 2698 te
1313 2647 1423 2698 obtinere

79 2711 117 2762 hic
132 2729 203 2778 posse
218 2717 395 2780 professionem
413 2715 605 2782 philosophicam
624 2729 794 2782 quamcunque
811 2717 916 2779 primum
935 2721 1079 2774 vacantem
1099 2718 1208 2766 omnium
1225 2718 1291 2768 enim
1309 2717 1423 2770 horarum

77 2782 146 2834 hunt
165 2787 228 2838 cluss
244 2789 335 2852 quique
354 2788 420 2836 omni
438 2789 529 2837 servire
546 2788 623 2852 possit
641 2801 741 2837 scenae.

161 2855 216 2908 Duo
227 2857 443 2922 Paralipomenon
461 2864 558 2909 tucmm
576 2857 726 2922 exemplaria
743 2871 807 2922 quae
827 2858 893 2922 apud
911 2873 949 2908 mo
968 2859 1069 2922 reliqna,
1089 2860 1139 2908 tria
1156 2859 1222 2908 enim
1234 2857 1294 2907 milri
1312 2863 1421 2908 tantum·

77 2925 145 2975 mdo
164 2927 307 2980 Haestlinus
331 2931 407 2986 misit,
433 2927 605 2979 Haienreffaro
624 2935 650 2979 et
668 2927 765 2994 Magire
791 2936 833 2980 tuo
852 2931 958 2989 nomine,
987 2929 1132 2978 mandatnm
1160 2944 1241 2978 meum
1269 2929 1422 2992 aliquantum

78 2995 150 3047 latins
168 3000 336 3065 interpretaur,
357 3001 422 3050 deno
441 2999 544 3058 donaris
569 3001 586 3049 ii
604 3001 670 3050 enim
688 3005 754 3057 sunt,
773 3000 859 3064 quibus
877 3014 936 3064 prae
956 3001 1045 3050 notens
1063 2999 1231 3062 hujuscemodi
1249 2999 1332 3048 studia
1350 3005 1376 3048 et
1393 3007 1421 3048 tu

1 3079 2 3102 ³
78 3077 177 3132 proptu
190 3071 316 3122 uecordi
334 3086 369 3122 as.
407 3069 435 3121 si
453 3072 563 3137 peccavi,
581 3085 664 3136 poena
681 3071 740 3120 mihi
758 3071 799 3128 sit,
823 3078 852 3121 ut
870 3071 935 3135 apud
953 3070 1108 3133 bibliopolam
1126 3075 1236 3120 nuruum
1255 3069 1330 3126 aliud,
1355 3071 1419 3136 quod

77 3139 178 3204 snndpi
193 3148 272 3192 umtro
291 3142 372 3200 detur,
391 3143 444 3206 ipse
462 3144 524 3193 meis
542 3143 648 3192 nummis
667 3152 748 3192 emere
767 3156 869 3192 necesse
887 3142 993 3192 habeam
1013 3141 1145 3204 exemplar.

165 3211 231 3262 ideas
249 3213 314 3280 qnod
332 3215 426 3264 attinet
444 3213 605 3298 conditiones,
624 3214 721 3277 privata
738 3212 863 3277 hucusque
883 3219 1013 3262 contentus
1026 3215 1077 3260 rita
1094 3211 1162 3260 lateo
1179 3211 1325 3296 publicaque
1344 3213 1418 3262 attin-

81 3283 416 3405 ffii'ii'iffi
432 3282 1420 3419 litiilitiffsittittiitii‘ltilitiit‘liltl:

84 3419 117 3468 lbi
132 3437 208 3474 nsum
224 3427 255 3476 de
273 3427 410 3492 astrologia
425 3427 559 3489 judiciaria
575 3425 669 3476 ridebis
685 3425 818 3489 iudicium,
846 3427 891 3475 tibi
910 3426 993 3475 forsan
1011 3425 1118 3474 insolens
1147 3425 1191 3474 sed
1209 3440 1225 3474 a
1243 3425 1345 3489 purioris
1363 3425 1442 3474 reli·-

84 3491 157 3554 ἐκώ
175 3497 331 3547 momentus
348 3512 399 3547 non
417 3499 559 3548 abhorrens.
596 3497 635 3546 'i'n
652 3497 750 3562 quidem
769 3511 795 3547 es
813 3497 888 3555 solus,
907 3498 948 3561 qui
965 3497 1061 3559 rejecta
1078 3497 1325 3561 superstitiose-rana
1342 3501 1421 3546 astro·

86 3561 148 3628 itti!
165 3566 275 3626 datm,
294 3569 481 3632 simplicioribus
509 3573 535 3619 et
558 3567 614 3618 ideo
634 3567 776 3618 certioribus
804 3569 872 3618 nisus
890 3567 1064 3626 fundamentis,
1090 3568 1116 3616 in
1141 3567 1231 3618 tabulis
1249 3567 1355 3617 istorum
1372 3563 1421 3628 (lta

88 3633 173 3685 ulum
187 3637 249 3688 soleo
261 3634 404 3701 ιιιιιίιιιιο)
423 3653 487 3706 quaa
505 3639 575 3689 iacta
592 3638 724 3704 suturaque
742 3647 800 3688 sunt
811 3638 880 3705 legis.
918 3637 969 3689 Sed
986 3643 1015 3688 tu
1028 3638 1100 3688 crede
1112 3639 1180 3696 mibi,
1200 3637 1358 3704 astrologiam
1371 3653 1421 3687 nou

87 3701 198 3757 hominm
212 3708 257 3759 sed
274 3709 424 3760 daemonum
441 3725 497 3762 asse
514 3713 650 3768 inventum,
678 3715 765 3774 putam
783 3723 869 3773 puram
887 3723 1042 3775 paganorum
1059 3707 1211 3772 religionem,
1235 3715 1363 3772 poetarum
1383 3709 1419 3756 ia·

88 3773 142 3824 itii!
166 3777 332 3831 adumbratam
355 3783 438 3848 magis
464 3795 541 3848 qnam
566 3781 724 3845 explicatam,
753 3785 832 3831 artem
860 3779 1000 3830 Christiano
1029 3794 1078 3828 non
1105 3779 1208 3838 licitam,
1236 3777 1312 3828 mnlto
1340 3779 1420 3827 minus

165 3919 210 3971 Sed
226 3921 313 3972 dahis
330 3921 402 3987 plura
421 3923 512 3974 addere
530 3923 667 3975 forensibus
685 3923 803 3988 negotiis,
823 3923 909 3989 quibus
927 3939 967 3974 ma
985 3937 1052 3974 nunc
1069 3927 1168 3986 propter
1187 3919 1325 3971 absentiam
1343 3919 1420 3982 patris

91 3989 129 4037 nti
145 3991 223 4042 susos
238 3994 377 4044 immiscere
396 4009 479 4060 cogor,
498 4000 668 4059 tempestuosa
685 3994 813 4058 prohibeor
831 3997 862 4043 ri.

164 4061 234 4114 Hisce
251 4069 280 4114 tu
297 4064 354 4116 sala
373 4071 400 4115 et
416 4080 457 4116 me
475 4071 504 4116 ut
521 4067 585 4117 soles
604 4079 663 4116 ama
679 4065 725 4115 Vir
743 4065 883 4116 clarissimo.

163 4133 285 4202 littinges
304 4137 328 4186 d.
349 4133 394 4185 ²7.
413 4136 473 4187 Jau.
491 4143 540 4188 ret
560 4144 590 4187 st.
612 4133 690 4187 1605.
847 4125 852 4139 '
919 4135 988 4186 Tusa
1007 4135 1176 4196 Excellentiao
1194 4131 1385 4184 studiosissimus

339 4211 340 4218 ’
1022 4205 1071 4255 (ih.
1091 4205 1245 4256 Beseldus
1264 4202 1297 4252 D.

162 4291 203 4344 ihs
219 4293 319 4348 Besoldi
337 4295 420 4346 literis
447 4307 528 4358 pauca
546 4295 663 4347 addenda
681 4309 817 4346 censemus.
853 4295 893 4346 Dc
910 4295 1018 4345 Beseldo
1044 4291 1337 4356 auctoramentis.
1358 4287 1421 4350 188)

96 4365 159 4422 l²lti¹
174 4365 278 4419 isium.
316 4367 393 4418 Natu
411 4365 509 4430 qnidam
525 4369 603 4417 minor
621 4367 730 4431 Keplero
749 4363 834 4429 (natus
854 4373 893 4416 est
904 4365 1033 4431 'lubingae
1052 4379 1118 4414 anuo
1132 4360 1214 4426 1577)
1232 4363 1319 4414 eodem
1336 4368 1423 4413 tamen

94 4445 127 4496 im
140 4435 252 4504 Ktpltrue
270 4445 390 4503 ternpore
402 4435 530 4501 'l'ubingae
549 4438 582 4488 ad
599 4438 685 4488 literas
704 4438 816 4488 incubuit
834 4434 925 4501 (comp.
945 4437 964 4486 1.
984 4453 1009 4501 p.
1033 4432 1076 4496 tt)
1096 4441 1121 4483 et
1138 4434 1195 4484 inde
1215 4434 1246 4484 ab
1265 4448 1294 4484 ee
1312 4441 1422 4498 tempore

92 4509 174 4562 nis'lia
189 4525 243 4562 cum
261 4511 306 4562 illo
326 4510 482 4572 conjunctus
499 4513 559 4568 erat,
586 4509 651 4573 quod
670 4514 773 4574 apparet
792 4523 822 4558 ex
839 4509 916 4558 literis
935 4506 1035 4558 Beseldi
1053 4506 1086 4558 ad
1104 4503 1240 4567 Keplernm
1259 4505 1333 4564 datis,
1360 4518 1424 4570 quas

89 4577 163 4634 niter
177 4581 325 4634 Hamebim
345 4591 433 4643 nsque
452 4577 482 4627 ad
500 4592 590 4630 anunm
604 4575 682 4641 1626,
700 4591 811 4644 quaeque
830 4585 954 4630 testantur
971 4578 1058 4642 quanti
1076 4576 1164 4626 iacent
1175 4575 1278 4639 Kapleri
1296 4575 1424 4642 ingenium

85 4653 237 4706 adsumam
257 4663 398 4719 operaque
419 4646 508 4698 abillo
526 4651 602 4708 edita,
621 4665 723 4714 quorum
740 4651 858 4716 pleraque
875 4649 1000 4714 Keplerua
1017 4648 1080 4697 dono
1099 4644 1169 4696 dedit
1186 4646 1303 4696 Beseldo.
1340 4647 1423 4712 Aegre

80 4723 178 4780 uadum
195 4735 243 4786 est,
266 4735 366 4776 omnes
388 4715 493 4780 Kapleri
510 4719 542 4769 ad
559 4721 691 4772 Beseldum
706 4721 783 4775 ,datas
801 4721 895 4780 literas,
921 4731 973 4770 nna
990 4725 1089 4768 tanturn
1113 4721 1221 4780 excepta
1239 4713 1332 4782 (comp.
1351 4717 1424 4768 Han·

74 4799 143 4854 mium
157 4817 181 4870 p.
196 4793 267 4860 276)
290 4788 453 4858 deperditas
471 4801 530 4846 etse,
547 4806 649 4856 quarum
668 4793 817 4857 graritmam
834 4791 962 4842 eBesoldi
973 4787 1178 4852 responsionibus,
1197 4789 1343 4851 praesertim
1361 4801 1424 4853 qna·

69 4880 121 4930 luta
134 4889 170 4929 res
187 4872 316 4926 affinem
336 4858 513 4922 theologicos,
537 4862 603 4916 Ιιιιιᾱ
621 4863 720 4914 diiiiosse
740 4877 883 4928 cognosces.
919 4861 957 4910 Ex
980 4858 1057 4909 literis
1075 4855 1176 4907 Beseldi
1201 4873 1277 4924 supra
1294 4859 1424 4924 prepositis

1174 4941 1212 4996 ³.
