3566 5536
329 273 395 342 730
807 275 847 327 lle
865 275 944 332 suna
959 273 1033 330 h'ova
1050 273 1201 342 Serpeatarii

335 453 619 535 rerumpublicarum
652 463 684 516 et
716 453 913 535 religionum:
946 453 1113 536 habuerunt
1133 455 1256 518 evidens
1279 453 1348 516 hinc
1370 457 1608 532 argumetum,
1637 465 1688 506 (Ν

330 543 405 608 nihil
426 562 515 625 porro
539 551 765 623 exspectarent,
789 544 956 624 quodcum
980 543 1032 618 iis,
1065 563 1141 624 qnae
1160 545 1224 624 jam
1246 565 1266 604 a
1291 539 1353 606 150
1383 540 1473 604 auuie
1497 538 1688 606 accideranl.

309 653 313 662 ·
331 631 538 714 magnitudine
562 633 729 713 comparari
742 633 849 713 possit,
874 651 961 712 quam
975 633 1024 694 din
1039 631 1158 714 quidam
1170 634 1200 695 in
1222 633 1318 696 solam
1336 632 1413 694 hauc
1436 627 1687 709 conjunctionem

330 741 471 803 magnam
494 721 565 784 anni
593 717 686 786 1603.
711 731 781 784 sunt
803 721 915 797 intuiti,
939 723 1063 784 necdum
1087 723 1178 784 stella
1199 741 1277 786 nova
1300 727 1483 784 aocemerat.

419 809 504 888 Quae
528 811 620 890 igitur¹
640 819 711 872 tnnc
734 810 763 872 iu
786 810 863 874 bunc
885 811 1005 874 modum
1025 831 1063 874 ex
1081 812 1266 874 astronomia
1285 809 1422 884 disserui,
1446 827 1487 870 ea
1504 805 1553 868 sic
1573 805 1688 868 habere

330 900 598 981 deprehendentur,
622 901 650 962 ιι
671 900 854 980 paululum'
847 921 875 963 ιιι
900 900 1073 962 historias
1065 918 1152 982 rnque
1170 900 1424 1001 comparationem
1447 895 1689 978 praeteritorum

331 1010 397 1053 cum
418 990 627 1072 praesentibus
650 988 745 1052 libeat
763 972 942 1092 exspatiari.
988 989 1134 1070 Equidem
1156 991 1205 1053 his
1239 987 1300 1055 150
1332 989 1418 1052 aunis
1449 995 1499 1049 tot
1529 993 1568 1048 et
1599 994 1690 1044 taum

330 1080 518 1155 acciderant,
549 1087 582 1142 ut
603 1079 719 1160 majora
741 1079 791 1140 vix
813 1078 982 1159 potuerint,
1013 1099 1107 1161 eaque
1131 1080 1219 1154 talia,
1254 1089 1288 1140 ut
1309 1097 1364 1141 suo
1387 1077 1520 1158 quodam
1544 1081 1691 1153 respectu

332 1170 371 1232 ad
384 1188 492 1232 causas
512 1168 666 1231 naturales
685 1155 920 1249 consensumque
942 1176 1067 1244 naturae
1083 1169 1250 1232 sublunaris
1269 1187 1335 1230 cnm
1353 1163 1519 1230 harmoniis
1539 1161 1689 1226 coelesti-

330 1259 385 1321 bus
408 1257 603 1338 pulcherrime
625 1257 730 1320 referri
752 1258 879 1336 possint.
926 1255 1002 1328 Quis
1025 1258 1102 1320 enim
1125 1268 1174 1320 est
1196 1267 1259 1321 mm
1282 1257 1430 1330 oscitans,
1465 1253 1517 1336 qui
1544 1272 1609 1314 nou
1633 1251 1689 1312 hoc

330 1367 369 1416 ex
390 1346 582 1410 historiarum
604 1346 730 1409 lectione
754 1347 966 1433 deprehendat,
989 1347 1129 1410 mundum
1152 1368 1171 1408 a
1194 1356 1327 1428 tempore
1350 1365 1450 1408 eversu
1439 1342 1638 1406 'Romani'
1629 1360 1689 1402 rm-

331 1436 405 1519 perii
429 1435 552 1518 prioris,
586 1436 625 1498 ab
657 1435 820 1514 irruptione
853 1435 1047 1500 barbararum
1078 1437 1225 1516 gentium,
1258 1435 1343 1516 quasi
1370 1435 1500 1516 quodam
1534 1431 1690 1494 81138ῦίΝο

334 1536 457 1588 veterno
480 1531 658 1606 correptum,
692 1525 731 1586 ad
753 1525 834 1588 mille
858 1544 952 1588 annos
977 1525 1167 1602 dormivisse,
1191 1526 1230 1588 ab
1253 1545 1331 1588 auno
1354 1541 1426 1586 veru
1453 1519 1552 1586 1450.
1579 1539 1690 1599 exper-

333 1616 485 1696 gefactum
508 1615 546 1678 ud
576 1613 734 1700 pristinam
765 1615 956 1677 alacritatem
981 1615 1126 1678 rediisse?
1169 1617 1274 1678 Antea
1305 1613 1418 1678 eversis
1451 1609 1690 1690 rebuspnbticis,

331 1703 513 1767 conculcatis
543 1691 725 1766 salutaribus
753 1703 874 1778 ritibus,
908 1704 1092 1767 inoleverant
1122 1724 1220 1768 mores
1254 1701 1389 1773 barbari,
1423 1719 1554 1784 quorum
1588 1699 1691 1779 aliqua

331 1793 462 1873 vestigia
493 1791 581 1854 hodie
613 1793 744 1856 ridemus
767 1803 798 1854 et
821 1793 1049 1856 subsannamus.
1093 1793 1223 1856 Justitia
1254 1793 1428 1874 profligata,
1464 1789 1513 1852 vis
1547 1787 1690 1858 ruebam

331 1882 490 1946 latrocinia
513 1880 679 1945 nobilitatis
703 1890 789 1945 eraut
812 1882 977 1958 exercitia.
1011 1882 1190 1964 Exstirpata
1209 1881 1385 1946 Christiana
1407 1879 1563 1954 doctrina,
1589 1877 1692 1940 mnudi

331 1991 403 2052 pars
425 1990 536 2051 magna
558 1981 754 2034 consenserat
776 1971 804 2032 ιιι
829 1971 1003 2034 foedissima
1025 1981 1056 2033 et
1079 1973 1296 2035 absurdissima
1317 1969 1504 2034 Mahometis
1534 1967 1691 2047 dogmata.

331 2061 421 2141 Apud
436 2057 625 2123 Christianos
643 2061 739 2122 molta
758 2061 912 2124 barbaries
935 2061 1089 2136 sermonis,
1112 2063 1207 2125 multa
1229 2059 1402 2141 ignorantia
1416 2070 1449 2122 et
1471 2065 1593 2130 cetera,
1617 2074 1692 2136 quae

331 2150 451 2230 longum
483 2157 532 2211 ast
558 2149 690 2231 exsequi.
722 2148 955 2222 ⁴serracenorum
986 2169 1074 2230 reges
1108 2151 1301 2225 creabantur,
1336 2150 1401 2212 loco
1433 2148 1647 2210 movebantur
1676 2165 1693 2204 a

335 2239 481 2319 Caliphis.
542 2235 663 2308 Quanta
695 2257 749 2318 per
780 2238 877 2300 Deum
909 2239 1108 2304 immortalem
1145 2240 1275 2302 foeditas
1306 2239 1392 2319 regni
1425 2235 1635 2299 Sultauornm
1666 2235 1691 2294 in

333 2325 495 2409 Aegypto?
527 2327 578 2390 nbi
608 2347 694 2390 nemo
726 2329 872 2408 imperare
904 2337 1025 2408 poterat
1047 2329 1104 2391 nisi
1126 2329 1209 2408 prius
1231 2328 1411 2408 mancipium
1444 2327 1577 2401 inisset,
1612 2323 1693 2405 prius

335 2437 402 2480 eam
425 2425 555 2496 gentem,
579 2416 626 2478 cni
650 2417 855 2497 imperaturus·
871 2427 947 2488 erat,
971 2417 1133 2498 impietatis
1154 2416 1337 2490 damnasset,
1362 2416 1482 2478 odisset
1501 2414 1599 2495 pejus
1620 2431 1692 2476 cane

336 2516 367 2569 et
389 2524 501 2585 angue,
534 2525 633 2572 asna
654 2507 805 2569 sententia
827 2507 1002 2582 deiecisset,
1036 2507 1172 2588 perjuros
1195 2508 1224 2569 iu
1249 2505 1442 2569 Christianos
1467 2505 1575 2566 lactus
1600 2515 1692 2564 esset

318 2597 365 2658 Ἀ
387 2594 488 2658 multis
512 2596 623 2657 multas
647 2606 678 2659 et
700 2615 825 2675 maguae
848 2615 897 2659 res
920 2604 1025 2676 gestas
1049 2617 1115 2658 esse
1139 2615 1196 2658 non
1215 2614 1306 2676 nego;
1331 2603 1365 2656 at
1383 2595 1411 2656 si
1432 2613 1602 2673 compares
1626 2593 1693 2654 illas

335 2705 401 2748 curn
424 2683 552 2759 nostris,
585 2684 719 2747 invenies
742 2685 930 2748 multitudine
961 2685 1062 2765 potius
1086 2696 1117 2747 et
1144 2684 1246 2748 multis
1276 2683 1414 2746 centenis
1441 2683 1575 2746 millium
1608 2701 1696 2763 quau

334 2773 458 2838 consilio
481 2782 630 2854 patratas,
655 2793 710 2837 nec
734 2775 888 2837 diuturnas
913 2774 1014 2838 fnisse.
1052 2774 1146 2837 Artes
1167 2773 1317 2838 veteribus
1341 2781 1434 2836 notae
1457 2771 1615 2852 plurimae
1640 2791 1693 2833 eu·

335 2865 464 2926 stinctae
489 2870 591 2940 erant3
615 2863 770 2927 literarum
794 2864 904 2934 studia,
929 2865 1053 2926 redacta
1076 2864 1156 2926 intra
1177 2862 1427 2926 monasteriorum
1451 2861 1632 2940 augustias,
1657 2860 1692 2922 ihi

334 2971 449 3034 qnoque
467 2951 576 3014 misere
595 2952 755 3034 degebant.
774 2951 893 3018 Curiis
912 2953 1092 3034 principum,
1118 2953 1146 3014 ιιι
1168 2949 1331 3016 Germairia
1352 2951 1500 3024 maxime,
1525 2959 1692 3030 praeerant

334 3041 547 3116 ecclesiastici,
571 3041 676 3123 quibus
700 3043 773 3106 solis
797 3061 854 3104 nou
885 3043 1012 3105 dabatur
1043 3041 1153 3122 probro
1186 3042 1289 3104 literas
1323 3041 1479 3106 didicisse.
1529 3039 1690 3120 Capitales

214 3203 219 3218 ·
333 3131 462 3210 linguae,
481 3129 650 3193 Graecast
672 3131 792 3208 Latina,
816 3132 934 3213 publice
958 3133 1230 3212 corrumpebantur,
1255 3131 1322 3193 sola
1345 3131 1502 3194 literarum
1528 3129 1690 3192 librorum-

335 3238 392 3300 que
414 3219 539 3299 penuria
569 3227 601 3280 et
629 3220 821 3283 inundatione
852 3221 1053 3284 barbarorum.
1100 3219 1182 3291 Quot
1211 3219 1460 3302 praeclarissima
1496 3219 1689 3300 antiquorum

334 3327 437 3388 opera,
461 3317 535 3388 quot
557 3307 709 3385 historiae,
733 3317 807 3391 quot
827 3309 1032 3392 theologorum
1056 3309 1132 3385 libri,
1156 3309 1214 3371 imo
1233 3319 1306 3390 quot
1325 3309 1465 3389 integrae
1486 3308 1689 3371 bibliothecae

333 3415 386 3478 per
409 3395 485 3460 hauc
508 3397 673 3459 socordiam
697 3400 835 3472 amissae,
862 3406 894 3460 ut
920 3399 1008 3462 hodie
1032 3419 1101 3480 spes
1124 3400 1206 3461 nulla
1228 3399 1363 3480 supersit
1384 3396 1614 3478 recuperandi?
1652 3399 1690 3459 ht

333 3485 402 3550 vide
425 3503 502 3548 nnnc
525 3504 623 3548 rerum
647 3486 684 3548 ab
712 3484 774 3551 150
797 3487 882 3550 annis
906 3488 1165 3550 commutationem
1189 3487 1366 3550 mirabilem.
1415 3486 1555 3550 Primum
1588 3506 1689 3550 emen-

334 3577 425 3640 datae
459 3574 541 3656 leges
573 3574 779 3656 imperiorum,
800 3575 983 3640 Germanici
1015 3576 1206 3658 praesertim3
1241 3585 1350 3639 sancta
1385 3585 1420 3639 et
1443 3575 1599 3638 stabilita
1632 3596 1689 3658 pax

333 3663 467 3746 publica,
472 3683 476 3692 ·
496 3663 674 3730 interdictae
698 3664 916 3746 grassationes,
936 3667 1051 3748 judicia
1073 3667 1253 3740 constituta,
1285 3666 1525 3730 consuetudines
1550 3665 1689 3729 saluber·

333 3755 426 3817 rimae
460 3753 628 3831 stabilitae,
660 3755 740 3817 inter
769 3772 844 3834 quaa
876 3772 934 3816 non
963 3765 1117 3836 postrema
1145 3763 1193 3818 est
1221 3753 1398 3816 celerum
1383 3775 1440 3818 seu
1461 3754 1690 3818 veredariomm

252 3845 261 3868 .
334 3842 495 3906 institutio.
541 3844 613 3924 lpas
636 3845 798 3907 'furcarum
820 3861 895 3923 gens
919 3853 1010 3908 exuta
1033 3844 1170 3908 barbarie
1201 3842 1378 3906 civilitatem
1412 3843 1532 3908 didicit.
1581 3843 1691 3929 Coepit

334 3931 458 4014 Europa
479 3951 550 3994 suas
574 3925 741 4014 expen'dsrs
765 3941 796 3995 et
819 3951 981 4012 agnoscere
1005 3934 1093 4010 vires,
1117 3941 1148 3996 et
1170 3931 1294 3996 consilio
1317 3934 1420 4014 magis
1447 3934 1493 3996 nti
1517 3952 1614 4014 quarn
1636 3937 1690 3999 im-

334 4029 416 4103 petu,
441 4021 567 4084 maxime
590 4030 661 4102 post
684 4021 826 4086 amissam
847 4020 1137 4103 Constantinopolim
1162 4033 1193 4084 et
1208 4019 1397 4086 Graecorum
1410 4023 1579 4104 Imperium
1604 4045 1689 4089 ever-

336 4129 411 4174 sum.
457 4111 601 4173 Inventas
624 4111 780 4174 machinae
803 4110 945 4186 bellicae,
970 4114 1107 4176 excultus
1129 4112 1224 4176 multa
1245 4129 1336 4174 maon
1361 4113 1530 4176 earundem
1554 4133 1631 4179 usus
1654 4115 1689 4178 ad

336 4217 480 4262 sommam
503 4200 744 4264 commoditatem
767 4219 869 4283 usque.
918 4199 1002 4263 Gens
1026 4201 1187 4264 Turcarnm
1214 4199 1363 4264 maximos
1391 4219 1580 4283 progressus
1611 4205 1688 4279 lecit,

335 4287 508 4368 vigilantia,
539 4287 699 4363 industria,
728 4288 918 4364 tortitudine,
950 4288 1077 4352 Graecis
1100 4292 1148 4356 ,vel
1171 4290 1321 4359 enervatis
1345 4292 1396 4353 vel
1420 4293 1502 4354 inter
1526 4311 1562 4354 se
1595 4305 1632 4358 nt
1661 4304 1690 4355 et

335 4375 502 4454 Europaeis
525 4376 749 4440 dissidentibus.
795 4375 921 4458 Hispani
944 4379 1066 4441 Mauros
1090 4379 1241 4460 expulere,
1276 4397 1396 4440 summa
1419 4383 1592 4447 animorum
1617 4403 1689 4450 cou-

337 4465 470 4526 tentioue
492 4463 522 4527 in
545 4481 608 4527 rem
630 4467 780 4528 nauticam
802 4466 975 4542 incubuere,
998 4467 1056 4530 iter
1076 4469 1105 4530 io
1119 4469 1223 4530 Indiae
1239 4466 1377 4530 Orientis
1400 4471 1569 4536 multomm
1594 4495 1687 4538 annu-

336 4571 402 4616 mm
432 4570 538 4633 opera,
569 4555 694 4634 primum
726 4555 857 4619 dimissis
889 4573 942 4635 per
969 4555 1102 4620 Africam
1134 4556 1391 4637 exploratoribus,
1424 4570 1500 4640 post
1531 4563 1689 4628 instructis

338 4641 463 4702 navibus
491 4650 522 4702 et
544 4642 697 4706 circumita
718 4644 839 4719 Africa,
873 4643 994 4705 tandem
1021 4644 1207 4708 detexerunt.
1252 4645 1345 4708 Fovit
1378 4657 1489 4712 tautae
1521 4652 1688 4718 industriae

339 4733 371 4786 et
393 4727 512 4790 fortuna
534 4727 660 4794 detectis
683 4731 916 4821 occidentalibus
938 4731 1048 4794 Indiis·
1078 4753 1115 4796 ex
1138 4733 1243 4816 quibus
1267 4731 1356 4796 rebus
1382 4745 1571 4806 commercia
1592 4743 1688 4808 Euro-

340 4827 418 4893 paea
439 4815 658 4882 incredibilibus
680 4809 871 4883 incrementis
894 4821 932 4882 ad
955 4839 1099 4888 summum
1122 4841 1213 4904 usquo
1236 4821 1394 4902 fastigium
1414 4845 1606 4911 perveheret
1628 4835 1688 4897 nti·
