<?xml version="1.0" encoding="UTF-8"?>
<!DOCTYPE html PUBLIC "-//W3C//DTD XHTML 1.0 Transitional//EN"
    "http://www.w3.org/TR/xhtml1/DTD/xhtml1-transitional.dtd">
<html xmlns="http://www.w3.org/1999/xhtml" xml:lang="en" lang="en">
 <head>
  <title>
</title>
<meta http-equiv="Content-Type" content="text/html;charset=utf-8" />
  <meta name='ocr-system' content='tesseract 3.04.00' />
  <meta name='ocr-capabilities' content='ocr_page ocr_carea ocr_par ocr_line ocrx_word'/>
</head>
<body>
  <div class='ocr_page' id='page_1' title='image "./joanniskepleria02unkngoog/joanniskepleria02unkngoog_0200.png"; bbox 0 0 3684 5518; ppageno 0'>
   <div class='ocr_carea' id='block_1_1' title="bbox 753 292 1524 375">
    <p class='ocr_par' dir='ltr' id='par_1_1' title="bbox 753 292 1524 375">
     <span class='ocr_line' id='line_1_1' title="bbox 753 292 1524 375; baseline -0.003 -25"><span class='ocrx_word' id='word_1_1' title='bbox 753 294 837 363; x_wconf 71' lang='lat' dir='ltr'>Caput</span> <span class='ocrx_word' id='word_1_2' title='bbox 855 296 900 355; x_wconf 85' lang='lat'>111.</span> <span class='ocrx_word' id='word_1_3' title='bbox 919 292 944 349; x_wconf 74' lang='grc'>2.</span> <span class='ocrx_word' id='word_1_4' title='bbox 1040 371 1042 375; x_wconf 19' lang='lat'><strong><em>¹</em></strong></span> <span class='ocrx_word' id='word_1_5' title='bbox 1462 299 1524 366; x_wconf 78' lang='lat'>175</span> 
     </span>
    </p>
   </div>
   <div class='ocr_carea' id='block_1_2' title="bbox 176 473 1525 822">
    <p class='ocr_par' dir='ltr' id='par_1_2' title="bbox 176 473 1525 822">
     <span class='ocr_line' id='line_1_2' title="bbox 176 473 1524 557; baseline 0.002 -21"><span class='ocrx_word' id='word_1_6' title='bbox 176 477 281 542; x_wconf 83' lang='lat' dir='ltr'>ueniat</span> <span class='ocrx_word' id='word_1_7' title='bbox 302 477 339 540; x_wconf 89' lang='lat' dir='ltr'>ad</span> <span class='ocrx_word' id='word_1_8' title='bbox 363 477 558 556; x_wconf 81' lang='lat' dir='ltr'>superficiem.</span> <span class='ocrx_word' id='word_1_9' title='bbox 607 473 708 546; x_wconf 84' lang='lat' dir='ltr'>Quare</span> <span class='ocrx_word' id='word_1_10' title='bbox 732 473 878 538; x_wconf 88' lang='lat' dir='ltr'>etiamin</span> <span class='ocrx_word' id='word_1_11' title='bbox 910 473 1094 557; x_wconf 72' lang='lat' dir='ltr'>concidibus¹</span> <span class='ocrx_word' id='word_1_12' title='bbox 1117 475 1246 556; x_wconf 84' lang='lat' dir='ltr'>speculis</span> <span class='ocrx_word' id='word_1_13' title='bbox 1274 477 1410 556; x_wconf 79' lang='lat' dir='ltr'>exemplo</span> <span class='ocrx_word' id='word_1_14' title='bbox 1433 495 1524 556; x_wconf 85' lang='lat' dir='ltr'>prae-</span> 
     </span>
     <span class='ocr_line' id='line_1_3' title="bbox 177 563 1525 645; baseline 0 -17"><span class='ocrx_word' id='word_1_15' title='bbox 177 574 246 628; x_wconf 88' lang='lat' dir='ltr'>eunt</span> <span class='ocrx_word' id='word_1_16' title='bbox 269 565 422 639; x_wconf 79' lang='lat' dir='ltr'>(Alhaze&#39;n</span> <span class='ocrx_word' id='word_1_17' title='bbox 446 565 498 630; x_wconf 86' lang='lat' dir='ltr'>lib.</span> <span class='ocrx_word' id='word_1_18' title='bbox 522 565 552 641; x_wconf 82' lang='lat'>5,</span> <span class='ocrx_word' id='word_1_19' title='bbox 578 565 704 628; x_wconf 90' lang='lat' dir='ltr'>Vitellio</span> <span class='ocrx_word' id='word_1_20' title='bbox 728 563 778 628; x_wconf 86' lang='lat' dir='ltr'>lib.</span> <span class='ocrx_word' id='word_1_21' title='bbox 805 563 840 636; x_wconf 82' lang='lat'>7)</span> <span class='ocrx_word' id='word_1_22' title='bbox 864 563 1139 645; x_wconf 77' lang='lat' dir='ltr'>perpendicularem</span> <span class='ocrx_word' id='word_1_23' title='bbox 1164 583 1202 626; x_wconf 77' lang='lat' dir='ltr'>ex</span> <span class='ocrx_word' id='word_1_24' title='bbox 1224 584 1256 626; x_wconf 88' lang='lat' dir='ltr'>re</span> <span class='ocrx_word' id='word_1_25' title='bbox 1280 564 1309 624; x_wconf 92' lang='lat' dir='ltr'>in</span> <span class='ocrx_word' id='word_1_26' title='bbox 1338 567 1525 644; x_wconf 87' lang='lat' dir='ltr'>superficiem</span> 
     </span>
     <span class='ocr_line' id='line_1_4' title="bbox 177 650 1524 734; baseline 0.001 -18"><span class='ocrx_word' id='word_1_27' title='bbox 177 653 310 716; x_wconf 86' lang='lat' dir='ltr'>concidis</span> <span class='ocrx_word' id='word_1_28' title='bbox 332 654 446 734; x_wconf 76' lang='lat' dir='ltr'>speculi</span> <span class='ocrx_word' id='word_1_29' title='bbox 469 653 611 727; x_wconf 88' lang='lat' dir='ltr'>ducendi,</span> <span class='ocrx_word' id='word_1_30' title='bbox 637 654 715 734; x_wconf 90' lang='lat' dir='ltr'>quod</span> <span class='ocrx_word' id='word_1_31' title='bbox 739 670 826 712; x_wconf 89' lang='lat' dir='ltr'>secus</span> <span class='ocrx_word' id='word_1_32' title='bbox 849 650 952 713; x_wconf 89' lang='lat' dir='ltr'>habet.</span> <span class='ocrx_word' id='word_1_33' title='bbox 999 651 1082 712; x_wconf 92' lang='lat' dir='ltr'>Nihil</span> <span class='ocrx_word' id='word_1_34' title='bbox 1105 651 1185 714; x_wconf 90' lang='lat' dir='ltr'>enim</span> <span class='ocrx_word' id='word_1_35' title='bbox 1213 652 1341 714; x_wconf 89' lang='lat' dir='ltr'>interest</span> <span class='ocrx_word' id='word_1_36' title='bbox 1364 654 1403 715; x_wconf 87' lang='lat' dir='ltr'>ad</span> <span class='ocrx_word' id='word_1_37' title='bbox 1427 654 1524 716; x_wconf 88' lang='lat' dir='ltr'>locum</span> 
     </span>
     <span class='ocr_line' id='line_1_5' title="bbox 176 739 1523 822; baseline 0 -20"><span class='ocrx_word' id='word_1_38' title='bbox 176 742 324 822; x_wconf 86' lang='lat' dir='ltr'>imaginis,</span> <span class='ocrx_word' id='word_1_39' title='bbox 350 741 431 822; x_wconf 88' lang='lat' dir='ltr'>quali</span> <span class='ocrx_word' id='word_1_40' title='bbox 454 741 609 820; x_wconf 86' lang='lat' dir='ltr'>superlicio</span> <span class='ocrx_word' id='word_1_41' title='bbox 642 740 795 820; x_wconf 87' lang='lat' dir='ltr'>speculum</span> <span class='ocrx_word' id='word_1_42' title='bbox 818 739 860 800; x_wconf 89' lang='lat' dir='ltr'>rei</span> <span class='ocrx_word' id='word_1_43' title='bbox 884 747 1066 820; x_wconf 87' lang='lat' dir='ltr'>opponatur,</span> <span class='ocrx_word' id='word_1_44' title='bbox 1100 758 1166 802; x_wconf 89' lang='lat' dir='ltr'>cum</span> <span class='ocrx_word' id='word_1_45' title='bbox 1190 740 1323 804; x_wconf 85' lang='lat' dir='ltr'>rationes</span> <span class='ocrx_word' id='word_1_46' title='bbox 1349 742 1523 806; x_wconf 79' lang='lat' dir='ltr'>formandae</span> 
     </span>
    </p>
   </div>
   <div class='ocr_carea' id='block_1_3' title="bbox 176 817 1657 910">
    <p class='ocr_par' dir='ltr' id='par_1_3' title="bbox 176 817 1657 910">
     <span class='ocr_line' id='line_1_6' title="bbox 176 817 1657 910; baseline 0 -18"><span class='ocrx_word' id='word_1_47' title='bbox 176 831 313 909; x_wconf 80' lang='lat' dir='ltr'><strong>imaginis</strong></span> <span class='ocrx_word' id='word_1_48' title='bbox 342 849 444 892; x_wconf 90' lang='lat' dir='ltr'>omues</span> <span class='ocrx_word' id='word_1_49' title='bbox 467 832 581 892; x_wconf 71' lang='lat' dir='ltr'>anilla</span> <span class='ocrx_word' id='word_1_50' title='bbox 608 837 695 909; x_wconf 87' lang='lat' dir='ltr'>parte</span> <span class='ocrx_word' id='word_1_51' title='bbox 726 827 839 906; x_wconf 86' lang='lat' dir='ltr'>speculi</span> <span class='ocrx_word' id='word_1_52' title='bbox 872 834 1045 902; x_wconf 87' lang='lat' dir='ltr'>sumantur,</span> <span class='ocrx_word' id='word_1_53' title='bbox 1078 828 1191 908; x_wconf 91' lang='lat' dir='ltr'>inqua</span> <span class='ocrx_word' id='word_1_54' title='bbox 1218 836 1289 892; x_wconf 87' lang='lat' dir='ltr'>sunt</span> <span class='ocrx_word' id='word_1_55' title='bbox 1311 830 1382 892; x_wconf 90' lang='lat' dir='ltr'>bina</span> <span class='ocrx_word' id='word_1_56' title='bbox 1413 839 1526 910; x_wconf 88' lang='lat' dir='ltr'>puncta</span> <span class='ocrx_word' id='word_1_57' title='bbox 1602 886 1604 891; x_wconf 90' lang='lat'><em>.</em></span> <span class='ocrx_word' id='word_1_58' title='bbox 1648 817 1657 828; x_wconf 25' lang='lat'>&#39;¹</span> 
     </span>
    </p>
   </div>
   <div class='ocr_carea' id='block_1_4' title="bbox 135 915 1525 2234">
    <p class='ocr_par' dir='ltr' id='par_1_4' title="bbox 175 915 1525 1528">
     <span class='ocr_line' id='line_1_7' title="bbox 176 915 1525 998; baseline 0 -18"><span class='ocrx_word' id='word_1_59' title='bbox 176 937 401 998; x_wconf 87' lang='lat' dir='ltr'>repercussuum</span> <span class='ocrx_word' id='word_1_60' title='bbox 430 918 514 992; x_wconf 77' lang='lat' dir='ltr'>lucis¹</span> <span class='ocrx_word' id='word_1_61' title='bbox 530 919 568 980; x_wconf 86' lang='lat' dir='ltr'>ad</span> <span class='ocrx_word' id='word_1_62' title='bbox 596 918 684 980; x_wconf 90' lang='lat' dir='ltr'>binos</span> <span class='ocrx_word' id='word_1_63' title='bbox 715 916 828 978; x_wconf 89' lang='lat' dir='ltr'>oculos.</span> <span class='ocrx_word' id='word_1_64' title='bbox 875 917 909 976; x_wconf 92' lang='lat' dir='ltr'>In</span> <span class='ocrx_word' id='word_1_65' title='bbox 934 915 990 976; x_wconf 92' lang='lat' dir='ltr'>hac</span> <span class='ocrx_word' id='word_1_66' title='bbox 1018 915 1253 996; x_wconf 77' lang='lat' dir='ltr'>igitur,speculi</span> <span class='ocrx_word' id='word_1_67' title='bbox 1276 925 1379 995; x_wconf 83' lang='lat' dir='ltr'>parte,</span> <span class='ocrx_word' id='word_1_68' title='bbox 1412 938 1472 980; x_wconf 87' lang='lat' dir='ltr'>nou</span> <span class='ocrx_word' id='word_1_69' title='bbox 1496 918 1525 980; x_wconf 88' lang='lat' dir='ltr'>in</span> 
     </span>
     <span class='ocr_line' id='line_1_8' title="bbox 177 1003 1524 1088; baseline 0.001 -20"><span class='ocrx_word' id='word_1_70' title='bbox 177 1008 250 1087; x_wconf 38' lang='lat' dir='ltr'>ipsa,</span> <span class='ocrx_word' id='word_1_71' title='bbox 264 1006 504 1086; x_wconf 87' lang='lat' dir='ltr'>perpendiculari</span> <span class='ocrx_word' id='word_1_72' title='bbox 528 1027 566 1070; x_wconf 83' lang='lat' dir='ltr'>ex</span> <span class='ocrx_word' id='word_1_73' title='bbox 589 1026 632 1080; x_wconf 91' lang='lat' dir='ltr'>re,</span> <span class='ocrx_word' id='word_1_74' title='bbox 661 1024 754 1068; x_wconf 87' lang='lat' dir='ltr'>causa</span> <span class='ocrx_word' id='word_1_75' title='bbox 784 1003 875 1078; x_wconf 91' lang='lat' dir='ltr'>inest,</span> <span class='ocrx_word' id='word_1_76' title='bbox 906 1022 958 1066; x_wconf 89' lang='lat' dir='ltr'>our</span> <span class='ocrx_word' id='word_1_77' title='bbox 988 1003 1071 1066; x_wconf 86' lang='lat' dir='ltr'>locos</span> <span class='ocrx_word' id='word_1_78' title='bbox 1103 1004 1241 1084; x_wconf 87' lang='lat' dir='ltr'>imaginis</span> <span class='ocrx_word' id='word_1_79' title='bbox 1264 1006 1292 1067; x_wconf 91' lang='lat' dir='ltr'>iu</span> <span class='ocrx_word' id='word_1_80' title='bbox 1318 1005 1371 1068; x_wconf 92' lang='lat' dir='ltr'>illa</span> <span class='ocrx_word' id='word_1_81' title='bbox 1394 1024 1524 1088; x_wconf 90' lang='lat' dir='ltr'>perpen-</span> 
     </span>
     <span class='ocr_line' id='line_1_9' title="bbox 176 1091 1525 1174; baseline 0 -18"><span class='ocrx_word' id='word_1_82' title='bbox 176 1094 299 1159; x_wconf 86' lang='lat' dir='ltr'>diculari</span> <span class='ocrx_word' id='word_1_83' title='bbox 318 1095 369 1158; x_wconf 85' lang='lat' dir='ltr'>sit.</span> <span class='ocrx_word' id='word_1_84' title='bbox 407 1095 513 1174; x_wconf 88' lang='lat' dir='ltr'>ltaque</span> <span class='ocrx_word' id='word_1_85' title='bbox 537 1105 607 1158; x_wconf 91' lang='lat' dir='ltr'>tuno</span> <span class='ocrx_word' id='word_1_86' title='bbox 632 1101 730 1157; x_wconf 89' lang='lat' dir='ltr'>mente</span> <span class='ocrx_word' id='word_1_87' title='bbox 755 1091 923 1170; x_wconf 90' lang='lat' dir='ltr'>intelligere</span> <span class='ocrx_word' id='word_1_88' title='bbox 943 1099 1071 1170; x_wconf 90' lang='lat' dir='ltr'>oportet,</span> <span class='ocrx_word' id='word_1_89' title='bbox 1096 1093 1263 1156; x_wconf 89' lang='lat' dir='ltr'>continuari</span> <span class='ocrx_word' id='word_1_90' title='bbox 1285 1094 1432 1158; x_wconf 90' lang='lat' dir='ltr'>rationem</span> <span class='ocrx_word' id='word_1_91' title='bbox 1456 1113 1525 1158; x_wconf 90' lang='lat' dir='ltr'>cur-</span> 
     </span>
     <span class='ocr_line' id='line_1_10' title="bbox 177 1179 1523 1264; baseline 0.004 -21"><span class='ocrx_word' id='word_1_92' title='bbox 177 1182 290 1256; x_wconf 84' lang='lat' dir='ltr'>vitatis,</span> <span class='ocrx_word' id='word_1_93' title='bbox 316 1201 393 1262; x_wconf 88' lang='lat' dir='ltr'>quae</span> <span class='ocrx_word' id='word_1_94' title='bbox 417 1201 623 1263; x_wconf 87' lang='lat' dir='ltr'>repercussum</span> <span class='ocrx_word' id='word_1_95' title='bbox 646 1183 761 1244; x_wconf 82' lang='lat' dir='ltr'>iecerat</span> <span class='ocrx_word' id='word_1_96' title='bbox 784 1179 813 1242; x_wconf 91' lang='lat' dir='ltr'>in</span> <span class='ocrx_word' id='word_1_97' title='bbox 837 1197 954 1242; x_wconf 89' lang='lat' dir='ltr'>omnem</span> <span class='ocrx_word' id='word_1_98' title='bbox 978 1180 1132 1254; x_wconf 88' lang='lat' dir='ltr'>ambitum,</span> <span class='ocrx_word' id='word_1_99' title='bbox 1157 1190 1189 1241; x_wconf 92' lang='lat' dir='ltr'>et</span> <span class='ocrx_word' id='word_1_100' title='bbox 1207 1200 1297 1261; x_wconf 86' lang='lat' dir='ltr'>super</span> <span class='ocrx_word' id='word_1_101' title='bbox 1311 1183 1388 1246; x_wconf 90' lang='lat' dir='ltr'>hanc</span> <span class='ocrx_word' id='word_1_102' title='bbox 1411 1183 1523 1264; x_wconf 83' lang='lat' dir='ltr'>sphae-</span> 
     </span>
     <span class='ocr_line' id='line_1_11' title="bbox 175 1268 1524 1350; baseline 0 -18"><span class='ocrx_word' id='word_1_103' title='bbox 175 1289 238 1332; x_wconf 90' lang='lat' dir='ltr'>ram</span> <span class='ocrx_word' id='word_1_104' title='bbox 261 1270 468 1349; x_wconf 83' lang='lat' dir='ltr'>imaginariam</span> <span class='ocrx_word' id='word_1_105' title='bbox 492 1273 601 1334; x_wconf 90' lang='lat' dir='ltr'>ducere</span> <span class='ocrx_word' id='word_1_106' title='bbox 624 1272 717 1333; x_wconf 87' lang='lat' dir='ltr'>etiam</span> <span class='ocrx_word' id='word_1_107' title='bbox 741 1276 861 1350; x_wconf 86' lang='lat' dir='ltr'>oportet</span> <span class='ocrx_word' id='word_1_108' title='bbox 882 1268 1160 1348; x_wconf 82' lang='lat' dir='ltr'>perpendicularem</span> <span class='ocrx_word' id='word_1_109' title='bbox 1178 1288 1262 1332; x_wconf 86' lang='lat' dir='ltr'>exre</span> <span class='ocrx_word' id='word_1_110' title='bbox 1280 1290 1334 1350; x_wconf 93' lang='lat' dir='ltr'>pro</span> <span class='ocrx_word' id='word_1_111' title='bbox 1358 1271 1524 1334; x_wconf 84' lang='lat' dir='ltr'>definiendo</span> 
     </span>
     <span class='ocr_line' id='line_1_12' title="bbox 176 1356 1524 1440; baseline -0.001 -18"><span class='ocrx_word' id='word_1_112' title='bbox 176 1361 241 1422; x_wconf 91' lang='lat' dir='ltr'>loco</span> <span class='ocrx_word' id='word_1_113' title='bbox 271 1359 420 1438; x_wconf 88' lang='lat' dir='ltr'>imaginis.</span> <span class='ocrx_word' id='word_1_114' title='bbox 467 1360 511 1422; x_wconf 91' lang='lat' dir='ltr'>Ut</span> <span class='ocrx_word' id='word_1_115' title='bbox 540 1366 706 1440; x_wconf 79' lang='lat' dir='ltr'>appareat,</span> <span class='ocrx_word' id='word_1_116' title='bbox 741 1365 884 1437; x_wconf 88' lang='lat' dir='ltr'>quantum</span> <span class='ocrx_word' id='word_1_117' title='bbox 914 1356 945 1418; x_wconf 91' lang='lat' dir='ltr'>iu</span> <span class='ocrx_word' id='word_1_118' title='bbox 977 1357 1084 1418; x_wconf 84' lang='lat' dir='ltr'>effectu</span> <span class='ocrx_word' id='word_1_119' title='bbox 1117 1357 1275 1422; x_wconf 79' lang='lat' dir='ltr'>discrimen</span> <span class='ocrx_word' id='word_1_120' title='bbox 1300 1360 1341 1422; x_wconf 86' lang='lat' dir='ltr'>sit</span> <span class='ocrx_word' id='word_1_121' title='bbox 1371 1359 1524 1439; x_wconf 88' lang='lat' dir='ltr'>utriusque</span> 
     </span>
     <span class='ocr_line' id='line_1_13' title="bbox 175 1437 1175 1528; baseline 0 -20"><span class='ocrx_word' id='word_1_122' title='bbox 175 1448 355 1516; x_wconf 87' lang='lat' dir='ltr'>sententiae,</span> <span class='ocrx_word' id='word_1_123' title='bbox 379 1467 454 1528; x_wconf 88' lang='lat' dir='ltr'>cape</span> <span class='ocrx_word' id='word_1_124' title='bbox 478 1449 534 1512; x_wconf 89' lang='lat' dir='ltr'>hoc</span> <span class='ocrx_word' id='word_1_125' title='bbox 558 1448 736 1528; x_wconf 85' lang='lat' dir='ltr'>exemplum.</span> <span class='ocrx_word' id='word_1_126' title='bbox 1169 1437 1175 1450; x_wconf 44' lang='lat'><strong>⁸</strong></span> 
     </span>
    </p>

    <p class='ocr_par' dir='ltr' id='par_1_5' title="bbox 135 1532 1525 2234">
     <span class='ocr_line' id='line_1_14' title="bbox 264 1532 1524 1616; baseline 0 -18"><span class='ocrx_word' id='word_1_127' title='bbox 264 1535 314 1602; x_wconf 89' lang='lat' dir='ltr'>Sit</span> <span class='ocrx_word' id='word_1_128' title='bbox 337 1537 432 1600; x_wconf 88' lang='lat' dir='ltr'>sectio</span> <span class='ocrx_word' id='word_1_129' title='bbox 456 1536 630 1616; x_wconf 87' lang='lat' dir='ltr'>parabolica</span> <span class='ocrx_word' id='word_1_130' title='bbox 653 1533 817 1610; x_wconf 80' lang='lat' dir='ltr'>communis</span> <span class='ocrx_word' id='word_1_131' title='bbox 832 1532 926 1596; x_wconf 90' lang='lat' dir='ltr'>sectio</span> <span class='ocrx_word' id='word_1_132' title='bbox 950 1533 1064 1612; x_wconf 87' lang='lat' dir='ltr'>speculi</span> <span class='ocrx_word' id='word_1_133' title='bbox 1085 1532 1227 1598; x_wconf 90' lang='lat' dir='ltr'>coniciet</span> <span class='ocrx_word' id='word_1_134' title='bbox 1248 1534 1385 1614; x_wconf 87' lang='lat' dir='ltr'>planitiei</span> <span class='ocrx_word' id='word_1_135' title='bbox 1409 1536 1524 1599; x_wconf 86' lang='lat' dir='ltr'>refrac-</span> 
     </span>
     <span class='ocr_line' id='line_1_15' title="bbox 177 1620 1525 1704; baseline 0.001 -20"><span class='ocrx_word' id='word_1_136' title='bbox 177 1623 271 1686; x_wconf 86' lang='lat' dir='ltr'>loriae</span> <span class='ocrx_word' id='word_1_137' title='bbox 305 1623 374 1704; x_wconf 90' lang='lat' dir='ltr'>(per</span> <span class='ocrx_word' id='word_1_138' title='bbox 413 1624 613 1686; x_wconf 88' lang='lat' dir='ltr'>definitionem</span> <span class='ocrx_word' id='word_1_139' title='bbox 649 1623 810 1704; x_wconf 77' lang='lat' dir='ltr'>parabolas</span> <span class='ocrx_word' id='word_1_140' title='bbox 843 1622 922 1700; x_wconf 91' lang='lat' dir='ltr'>apud</span> <span class='ocrx_word' id='word_1_141' title='bbox 955 1620 1163 1699; x_wconf 88' lang='lat' dir='ltr'>Apollonium)</span> <span class='ocrx_word' id='word_1_142' title='bbox 1197 1622 1244 1683; x_wconf 92' lang='lat' dir='ltr'>vel</span> <span class='ocrx_word' id='word_1_143' title='bbox 1284 1624 1376 1686; x_wconf 86' lang='lat' dir='ltr'>etiarn</span> <span class='ocrx_word' id='word_1_144' title='bbox 1412 1623 1525 1704; x_wconf 84' lang='lat' dir='ltr'>speculi</span> 
     </span>
     <span class='ocr_line' id='line_1_16' title="bbox 170 1706 1525 1792; baseline -0.004 -14"><span class='ocrx_word' id='word_1_145' title='bbox 170 1711 309 1778; x_wconf 86' lang='lat' dir='ltr'>¹concidis</span> <span class='ocrx_word' id='word_1_146' title='bbox 333 1713 498 1791; x_wconf 89' lang='lat' dir='ltr'>rectanguli</span> <span class='ocrx_word' id='word_1_147' title='bbox 522 1715 591 1792; x_wconf 91' lang='lat' dir='ltr'>(per</span> <span class='ocrx_word' id='word_1_148' title='bbox 614 1709 805 1774; x_wconf 82' lang='lat' dir='ltr'>Archimedis</span> <span class='ocrx_word' id='word_1_149' title='bbox 827 1728 856 1788; x_wconf 87' lang='lat' dir='ltr'>p.</span> <span class='ocrx_word' id='word_1_150' title='bbox 877 1706 926 1771; x_wconf 80' lang='lat'>12.</span> <span class='ocrx_word' id='word_1_151' title='bbox 947 1709 984 1770; x_wconf 89' lang='lat' dir='ltr'>de</span> <span class='ocrx_word' id='word_1_152' title='bbox 1006 1707 1216 1784; x_wconf 82' lang='lat' dir='ltr'>Concidibus).</span> <span class='ocrx_word' id='word_1_153' title='bbox 1254 1709 1304 1772; x_wconf 90' lang='lat' dir='ltr'>Sit</span> <span class='ocrx_word' id='word_1_154' title='bbox 1321 1712 1413 1790; x_wconf 89' lang='lat' dir='ltr'>igitur</span> <span class='ocrx_word' id='word_1_155' title='bbox 1429 1713 1525 1774; x_wconf 89' lang='lat' dir='ltr'>sectio</span> 
     </span>
     <span class='ocr_line' id='line_1_17' title="bbox 135 1798 1523 1881; baseline 0.001 -21"><span class='ocrx_word' id='word_1_156' title='bbox 135 1804 137 1808; x_wconf 87' lang='grc'><strong>’</strong></span> <span class='ocrx_word' id='word_1_157' title='bbox 177 1801 239 1878; x_wconf 72' lang='lat' dir='ltr'>city,</span> <span class='ocrx_word' id='word_1_158' title='bbox 264 1800 294 1861; x_wconf 92' lang='lat' dir='ltr'>in</span> <span class='ocrx_word' id='word_1_159' title='bbox 309 1802 545 1881; x_wconf 69' lang='lat' dir='ltr'>eapuuctumti</span> <span class='ocrx_word' id='word_1_160' title='bbox 568 1802 711 1864; x_wconf 85' lang='lat' dir='ltr'>ostendat</span> <span class='ocrx_word' id='word_1_161' title='bbox 734 1800 830 1861; x_wconf 88' lang='lat' dir='ltr'>locum</span> <span class='ocrx_word' id='word_1_162' title='bbox 853 1798 930 1859; x_wconf 90' lang='lat' dir='ltr'>uude</span> <span class='ocrx_word' id='word_1_163' title='bbox 954 1804 1079 1878; x_wconf 89' lang='lat' dir='ltr'>uterque</span> <span class='ocrx_word' id='word_1_164' title='bbox 1102 1799 1205 1861; x_wconf 87' lang='lat' dir='ltr'>oculus</span> <span class='ocrx_word' id='word_1_165' title='bbox 1221 1799 1371 1880; x_wconf 88' lang='lat' dir='ltr'>(quamvis</span> <span class='ocrx_word' id='word_1_166' title='bbox 1395 1801 1424 1862; x_wconf 94' lang='lat' dir='ltr'>iu</span> <span class='ocrx_word' id='word_1_167' title='bbox 1446 1801 1523 1862; x_wconf 84' lang='lat' dir='ltr'>binis</span> 
     </span>
     <span class='ocr_line' id='line_1_18' title="bbox 176 1884 1524 1976; baseline 0 -26"><span class='ocrx_word' id='word_1_168' title='bbox 176 1888 285 1950; x_wconf 88' lang='lat' dir='ltr'>talibus</span> <span class='ocrx_word' id='word_1_169' title='bbox 313 1889 511 1964; x_wconf 85' lang='lat' dir='ltr'>sectionibus)</span> <span class='ocrx_word' id='word_1_170' title='bbox 540 1889 689 1952; x_wconf 83' lang='lat' dir='ltr'>refractus</span> <span class='ocrx_word' id='word_1_171' title='bbox 720 1887 821 1976; x_wconf 78' lang='lat' dir='ltr'>radios</span> <span class='ocrx_word' id='word_1_172' title='bbox 849 1885 967 1964; x_wconf 89' lang='lat' dir='ltr'>accipit.</span> <span class='ocrx_word' id='word_1_173' title='bbox 1015 1884 1182 1966; x_wconf 85' lang='lat' dir='ltr'>Contingat</span> <span class='ocrx_word' id='word_1_174' title='bbox 1205 1906 1276 1968; x_wconf 90' lang='lat' dir='ltr'>ergo</span> <span class='ocrx_word' id='word_1_175' title='bbox 1305 1888 1471 1968; x_wconf 86' lang='lat' dir='ltr'>sectionem</span> <span class='ocrx_word' id='word_1_176' title='bbox 1494 1889 1524 1950; x_wconf 93' lang='lat' dir='ltr'>in</span> 
     </span>
     <span class='ocr_line' id='line_1_19' title="bbox 176 1970 1523 2058; baseline 0.001 -21"><span class='ocrx_word' id='word_1_177' title='bbox 176 1978 302 2052; x_wconf 71' lang='lat' dir='ltr'>ilrecte</span> <span class='ocrx_word' id='word_1_178' title='bbox 324 1982 366 2038; x_wconf 84' lang='lat' dir='ltr'>ad.</span> <span class='ocrx_word' id='word_1_179' title='bbox 412 1975 518 2057; x_wconf 80' lang='lat' dir='ltr'>Sitque</span> <span class='ocrx_word' id='word_1_180' title='bbox 552 1978 634 2040; x_wconf 88' lang='lat' dir='ltr'>visus</span> <span class='ocrx_word' id='word_1_181' title='bbox 663 1978 692 2038; x_wconf 88' lang='lat' dir='ltr'>iu</span> <span class='ocrx_word' id='word_1_182' title='bbox 717 1973 746 2050; x_wconf 75' lang='grc' dir='ltr'>ζ,</span> <span class='ocrx_word' id='word_1_183' title='bbox 777 1973 895 2037; x_wconf 85' lang='lat' dir='ltr'>visibile</span> <span class='ocrx_word' id='word_1_184' title='bbox 920 1973 948 2035; x_wconf 92' lang='lat' dir='ltr'>in</span> <span class='ocrx_word' id='word_1_185' title='bbox 972 1996 1004 2051; x_wconf 82' lang='grc' dir='ltr'>η,</span> <span class='ocrx_word' id='word_1_186' title='bbox 1039 1981 1071 2035; x_wconf 89' lang='lat' dir='ltr'>ut</span> <span class='ocrx_word' id='word_1_187' title='bbox 1094 1970 1161 2052; x_wconf 76' lang='grc' dir='ltr'>ζβᾶ,</span> <span class='ocrx_word' id='word_1_188' title='bbox 1193 1977 1245 2053; x_wconf 75' lang='grc' dir='ltr'>ηβε</span> <span class='ocrx_word' id='word_1_189' title='bbox 1275 1975 1337 2038; x_wconf 88' lang='lat' dir='ltr'>sint</span> <span class='ocrx_word' id='word_1_190' title='bbox 1368 1977 1523 2058; x_wconf 84' lang='lat' dir='ltr'>aequales.</span> 
     </span>
     <span class='ocr_line' id='line_1_20' title="bbox 176 2063 1524 2148; baseline -0.001 -22"><span class='ocrx_word' id='word_1_191' title='bbox 176 2063 231 2126; x_wconf 83' lang='lat' dir='ltr'>Hic</span> <span class='ocrx_word' id='word_1_192' title='bbox 246 2065 272 2126; x_wconf 87' lang='lat' dir='ltr'>si</span> <span class='ocrx_word' id='word_1_193' title='bbox 287 2083 325 2126; x_wconf 89' lang='lat' dir='ltr'>ex</span> <span class='ocrx_word' id='word_1_194' title='bbox 348 2064 457 2148; x_wconf 86' lang='lat' dir='ltr'>optiois</span> <span class='ocrx_word' id='word_1_195' title='bbox 481 2085 608 2146; x_wconf 86' lang='lat' dir='ltr'>quaeras</span> <span class='ocrx_word' id='word_1_196' title='bbox 632 2067 730 2129; x_wconf 88' lang='lat' dir='ltr'>locum</span> <span class='ocrx_word' id='word_1_197' title='bbox 752 2063 901 2144; x_wconf 86' lang='lat' dir='ltr'>imaginis,</span> <span class='ocrx_word' id='word_1_198' title='bbox 922 2063 1032 2142; x_wconf 87' lang='lat' dir='ltr'>jubent</span> <span class='ocrx_word' id='word_1_199' title='bbox 1046 2081 1188 2143; x_wconf 87' lang='lat' dir='ltr'>quaerere</span> <span class='ocrx_word' id='word_1_200' title='bbox 1207 2072 1347 2144; x_wconf 90' lang='lat' dir='ltr'>punctum</span> <span class='ocrx_word' id='word_1_201' title='bbox 1372 2066 1524 2139; x_wconf 79' lang='lat' dir='ltr'>sectionis,</span> 
     </span>
     <span class='ocr_line' id='line_1_21' title="bbox 166 2151 1525 2234; baseline -0.004 -15"><span class='ocrx_word' id='word_1_202' title='bbox 166 2153 205 2219; x_wconf 82' lang='lat' dir='ltr'>iu</span> <span class='ocrx_word' id='word_1_203' title='bbox 238 2154 316 2234; x_wconf 89' lang='lat' dir='ltr'>quod</span> <span class='ocrx_word' id='word_1_204' title='bbox 340 2173 419 2232; x_wconf 81' lang='lat' dir='ltr'>exq</span> <span class='ocrx_word' id='word_1_205' title='bbox 450 2153 705 2234; x_wconf 87' lang='lat' dir='ltr'>perpendicularis</span> <span class='ocrx_word' id='word_1_206' title='bbox 738 2151 869 2223; x_wconf 88' lang='lat' dir='ltr'>incidat,</span> <span class='ocrx_word' id='word_1_207' title='bbox 902 2151 980 2230; x_wconf 89' lang='lat' dir='ltr'>quod</span> <span class='ocrx_word' id='word_1_208' title='bbox 1008 2151 1050 2214; x_wconf 90' lang='lat' dir='ltr'>sit</span> <span class='ocrx_word' id='word_1_209' title='bbox 1071 2174 1094 2230; x_wconf 84' lang='lat' dir='ltr'>y.</span> <span class='ocrx_word' id='word_1_210' title='bbox 1141 2151 1242 2214; x_wconf 84' lang='lat' dir='ltr'>Docta</span> <span class='ocrx_word' id='word_1_211' title='bbox 1263 2157 1299 2214; x_wconf 78' lang='lat' dir='ltr'>dr</span> <span class='ocrx_word' id='word_1_212' title='bbox 1331 2154 1525 2233; x_wconf 84' lang='lat' dir='ltr'>contingente</span> 
     </span>
    </p>
   </div>
   <div class='ocr_carea' id='block_1_5' title="bbox 180 3653 1531 4886">
    <p class='ocr_par' dir='ltr' id='par_1_6' title="bbox 180 3653 1531 4886">
     <span class='ocr_line' id='line_1_22' title="bbox 180 3653 1530 3734; baseline 0 -14"><span class='ocrx_word' id='word_1_213' title='bbox 180 3655 344 3720; x_wconf 88' lang='lat' dir='ltr'>sectionem</span> <span class='ocrx_word' id='word_1_214' title='bbox 368 3656 396 3721; x_wconf 91' lang='lat' dir='ltr'>in</span> <span class='ocrx_word' id='word_1_215' title='bbox 420 3677 435 3734; x_wconf 78' lang='grc' dir='ltr'><em>γ</em></span> <span class='ocrx_word' id='word_1_216' title='bbox 462 3663 493 3716; x_wconf 86' lang='lat' dir='ltr'>et</span> <span class='ocrx_word' id='word_1_217' title='bbox 527 3653 693 3734; x_wconf 86' lang='lat' dir='ltr'>conjunctis</span> <span class='ocrx_word' id='word_1_218' title='bbox 716 3675 786 3733; x_wconf 64' lang='grc' dir='ltr'><em>Μ</em></span> <span class='ocrx_word' id='word_1_219' title='bbox 815 3654 954 3734; x_wconf 90' lang='lat' dir='ltr'>punctis,</span> <span class='ocrx_word' id='word_1_220' title='bbox 984 3653 1130 3733; x_wconf 85' lang='lat' dir='ltr'>jubebunt</span> <span class='ocrx_word' id='word_1_221' title='bbox 1160 3655 1324 3733; x_wconf 89' lang='lat' dir='ltr'>producere</span> <span class='ocrx_word' id='word_1_222' title='bbox 1348 3653 1401 3734; x_wconf 80' lang='grc' dir='ltr'>ζβ,</span> <span class='ocrx_word' id='word_1_223' title='bbox 1436 3660 1530 3722; x_wconf 91' lang='lat' dir='ltr'>douec</span> 
     </span>
     <span class='ocr_line' id='line_1_23' title="bbox 181 3741 1530 3825; baseline 0.003 -20"><span class='ocrx_word' id='word_1_224' title='bbox 181 3753 338 3806; x_wconf 88' lang='lat' dir='ltr'>concurrat</span> <span class='ocrx_word' id='word_1_225' title='bbox 361 3763 428 3807; x_wconf 88' lang='lat' dir='ltr'>cum</span> <span class='ocrx_word' id='word_1_226' title='bbox 455 3765 503 3822; x_wconf 78' lang='lat' dir='ltr'>ny,</span> <span class='ocrx_word' id='word_1_227' title='bbox 528 3750 685 3806; x_wconf 87' lang='lat' dir='ltr'>concurrat</span> <span class='ocrx_word' id='word_1_228' title='bbox 712 3743 742 3805; x_wconf 90' lang='lat' dir='ltr'>in</span> <span class='ocrx_word' id='word_1_229' title='bbox 766 3745 793 3803; x_wconf 80' lang='lat' dir='ltr'>l.</span> <span class='ocrx_word' id='word_1_230' title='bbox 840 3742 950 3806; x_wconf 89' lang='lat' dir='ltr'>Dicent</span> <span class='ocrx_word' id='word_1_231' title='bbox 978 3741 1084 3820; x_wconf 90' lang='lat' dir='ltr'>igitur,</span> <span class='ocrx_word' id='word_1_232' title='bbox 1118 3745 1227 3804; x_wconf 79' lang='lat' dir='ltr'>lesse</span> <span class='ocrx_word' id='word_1_233' title='bbox 1259 3745 1356 3806; x_wconf 89' lang='lat' dir='ltr'>locum</span> <span class='ocrx_word' id='word_1_234' title='bbox 1389 3745 1530 3825; x_wconf 82' lang='lat' dir='ltr'>imaginis</span> 
     </span>
     <span class='ocr_line' id='line_1_24' title="bbox 181 3829 1530 3912; baseline 0.001 -18"><span class='ocrx_word' id='word_1_235' title='bbox 181 3831 280 3912; x_wconf 87' lang='lat' dir='ltr'>puncti</span> <span class='ocrx_word' id='word_1_236' title='bbox 302 3841 350 3912; x_wconf 71' lang='lat' dir='ltr'>rp&#39;</span> <span class='ocrx_word' id='word_1_237' title='bbox 378 3833 423 3896; x_wconf 86' lang='lat' dir='ltr'>At</span> <span class='ocrx_word' id='word_1_238' title='bbox 445 3831 543 3894; x_wconf 80' lang='lat' dir='ltr'>verior</span> <span class='ocrx_word' id='word_1_239' title='bbox 567 3830 646 3894; x_wconf 89' lang='lat' dir='ltr'>ratio</span> <span class='ocrx_word' id='word_1_240' title='bbox 670 3831 760 3911; x_wconf 87' lang='lat' dir='ltr'>jubet</span> <span class='ocrx_word' id='word_1_241' title='bbox 782 3830 915 3894; x_wconf 88' lang='lat' dir='ltr'>invenire</span> <span class='ocrx_word' id='word_1_242' title='bbox 944 3829 1099 3904; x_wconf 88' lang='lat' dir='ltr'>circulum,</span> <span class='ocrx_word' id='word_1_243' title='bbox 1132 3831 1182 3911; x_wconf 92' lang='lat' dir='ltr'>qui</span> <span class='ocrx_word' id='word_1_244' title='bbox 1205 3833 1360 3895; x_wconf 87' lang='lat' dir='ltr'>contineat</span> <span class='ocrx_word' id='word_1_245' title='bbox 1383 3833 1530 3896; x_wconf 91' lang='lat' dir='ltr'>rationem</span> 
     </span>
     <span class='ocr_line' id='line_1_25' title="bbox 181 3917 1529 4000; baseline 0.001 -18"><span class='ocrx_word' id='word_1_246' title='bbox 181 3921 348 3996; x_wconf 86' lang='lat' dir='ltr'>curvitatis,</span> <span class='ocrx_word' id='word_1_247' title='bbox 368 3917 409 3996; x_wconf 64' lang='grc'>19)</span> <span class='ocrx_word' id='word_1_248' title='bbox 442 3939 530 4000; x_wconf 87' lang='lat' dir='ltr'>quarn</span> <span class='ocrx_word' id='word_1_249' title='bbox 561 3921 654 3982; x_wconf 89' lang='lat' dir='ltr'>habet</span> <span class='ocrx_word' id='word_1_250' title='bbox 687 3920 781 3982; x_wconf 89' lang='lat' dir='ltr'>sectio</span> <span class='ocrx_word' id='word_1_251' title='bbox 805 3918 877 3996; x_wconf 73' lang='lat' dir='ltr'>inp</span> <span class='ocrx_word' id='word_1_252' title='bbox 909 3927 1019 3998; x_wconf 91' lang='lat' dir='ltr'>puncto</span> <span class='ocrx_word' id='word_1_253' title='bbox 1052 3937 1245 3996; x_wconf 88' lang='lat' dir='ltr'>repercussus</span> <span class='ocrx_word' id='word_1_254' title='bbox 1270 3920 1397 3992; x_wconf 87' lang='lat' dir='ltr'>(habeut</span> <span class='ocrx_word' id='word_1_255' title='bbox 1429 3930 1529 3984; x_wconf 88' lang='lat' dir='ltr'>autem</span> 
     </span>
     <span class='ocr_line' id='line_1_26' title="bbox 183 4005 1530 4089; baseline 0 -19"><span class='ocrx_word' id='word_1_256' title='bbox 183 4010 270 4072; x_wconf 89' lang='lat' dir='ltr'>aliam</span> <span class='ocrx_word' id='word_1_257' title='bbox 294 4019 385 4089; x_wconf 91' lang='lat' dir='ltr'>atque</span> <span class='ocrx_word' id='word_1_258' title='bbox 419 4010 509 4072; x_wconf 87' lang='lat' dir='ltr'>aliam</span> <span class='ocrx_word' id='word_1_259' title='bbox 541 4008 708 4089; x_wconf 87' lang='lat' dir='ltr'>hujusmodi</span> <span class='ocrx_word' id='word_1_260' title='bbox 739 4008 846 4070; x_wconf 86' lang='lat' dir='ltr'>mistae</span> <span class='ocrx_word' id='word_1_261' title='bbox 878 4007 1000 4080; x_wconf 88' lang='lat' dir='ltr'>lineae).</span> <span class='ocrx_word' id='word_1_262' title='bbox 1048 4005 1098 4069; x_wconf 90' lang='lat' dir='ltr'>Sit</span> <span class='ocrx_word' id='word_1_263' title='bbox 1121 4008 1275 4087; x_wconf 86' lang='lat' dir='ltr'>quantitas</span> <span class='ocrx_word' id='word_1_264' title='bbox 1297 4010 1350 4084; x_wconf 85' lang='grc' dir='ltr'>κβ,</span> <span class='ocrx_word' id='word_1_265' title='bbox 1384 4017 1415 4072; x_wconf 89' lang='lat' dir='ltr'>et</span> <span class='ocrx_word' id='word_1_266' title='bbox 1438 4010 1530 4073; x_wconf 90' lang='lat' dir='ltr'>ducta</span> 
     </span>
     <span class='ocr_line' id='line_1_27' title="bbox 183 4095 1530 4178; baseline 0 -20"><span class='ocrx_word' id='word_1_267' title='bbox 183 4117 218 4159; x_wconf 84' lang='lat' dir='ltr'>err</span> <span class='ocrx_word' id='word_1_268' title='bbox 239 4099 259 4176; x_wconf 81' lang='grc' dir='ltr'>β</span> <span class='ocrx_word' id='word_1_269' title='bbox 283 4098 340 4178; x_wconf 87' lang='lat' dir='ltr'>ipsi</span> <span class='ocrx_word' id='word_1_270' title='bbox 363 4104 396 4160; x_wconf 82' lang='lat' dir='ltr'>ed</span> <span class='ocrx_word' id='word_1_271' title='bbox 418 4097 670 4177; x_wconf 86' lang='lat' dir='ltr'>perpendiculari,</span> <span class='ocrx_word' id='word_1_272' title='bbox 704 4115 780 4176; x_wconf 89' lang='lat' dir='ltr'>quae</span> <span class='ocrx_word' id='word_1_273' title='bbox 804 4095 845 4158; x_wconf 88' lang='lat' dir='ltr'>sit</span> <span class='ocrx_word' id='word_1_274' title='bbox 867 4096 922 4172; x_wconf 81' lang='grc' dir='ltr'>βκ,</span> <span class='ocrx_word' id='word_1_275' title='bbox 956 4101 1090 4158; x_wconf 90' lang='lat' dir='ltr'>centrum</span> <span class='ocrx_word' id='word_1_276' title='bbox 1118 4096 1220 4158; x_wconf 88' lang='lat' dir='ltr'>circuli</span> <span class='ocrx_word' id='word_1_277' title='bbox 1247 4106 1375 4178; x_wconf 89' lang='lat' dir='ltr'>ponetur</span> <span class='ocrx_word' id='word_1_278' title='bbox 1397 4097 1426 4160; x_wconf 94' lang='lat' dir='ltr'>in</span> <span class='ocrx_word' id='word_1_279' title='bbox 1451 4099 1530 4160; x_wconf 88' lang='lat' dir='ltr'>linea</span> 
     </span>
     <span class='ocr_line' id='line_1_28' title="bbox 182 4179 1528 4266; baseline -0.001 -18"><span class='ocrx_word' id='word_1_280' title='bbox 182 4188 225 4262; x_wconf 71' lang='lat' dir='ltr'>dr,</span> <span class='ocrx_word' id='word_1_281' title='bbox 250 4187 504 4266; x_wconf 87' lang='lat' dir='ltr'>conjungeturque</span> <span class='ocrx_word' id='word_1_282' title='bbox 522 4208 565 4264; x_wconf 74' lang='lat' dir='ltr'>qa,</span> <span class='ocrx_word' id='word_1_283' title='bbox 590 4186 703 4266; x_wconf 91' lang='lat' dir='ltr'>eritque</span> <span class='ocrx_word' id='word_1_284' title='bbox 729 4185 811 4246; x_wconf 87' lang='lat' dir='ltr'>locus</span> <span class='ocrx_word' id='word_1_285' title='bbox 834 4183 984 4260; x_wconf 79' lang='lat' dir='ltr'>imaginis,</span> <span class='ocrx_word' id='word_1_286' title='bbox 1008 4185 1059 4246; x_wconf 91' lang='lat' dir='ltr'>ubi</span> <span class='ocrx_word' id='word_1_287' title='bbox 1078 4179 1114 4261; x_wconf 75' lang='grc' dir='ltr'>ζβ</span> <span class='ocrx_word' id='word_1_288' title='bbox 1136 4185 1311 4248; x_wconf 85' lang='lat' dir='ltr'>continuata</span> <span class='ocrx_word' id='word_1_289' title='bbox 1333 4196 1419 4250; x_wconf 89' lang='lat' dir='ltr'>secat</span> <span class='ocrx_word' id='word_1_290' title='bbox 1433 4209 1467 4263; x_wconf 78' lang='lat' dir='ltr'>qa</span> <span class='ocrx_word' id='word_1_291' title='bbox 1485 4205 1528 4247; x_wconf 89' lang='lat' dir='ltr'>sc.</span> 
     </span>
     <span class='ocr_line' id='line_1_29' title="bbox 183 4273 1529 4352; baseline -0.001 -15"><span class='ocrx_word' id='word_1_292' title='bbox 183 4277 258 4351; x_wconf 83' lang='lat' dir='ltr'>inp.</span> <span class='ocrx_word' id='word_1_293' title='bbox 297 4275 356 4336; x_wconf 89' lang='lat' dir='ltr'>Hic</span> <span class='ocrx_word' id='word_1_294' title='bbox 381 4275 468 4336; x_wconf 86' lang='lat' dir='ltr'>facile</span> <span class='ocrx_word' id='word_1_295' title='bbox 493 4275 586 4346; x_wconf 88' lang='lat' dir='ltr'>vides,</span> <span class='ocrx_word' id='word_1_296' title='bbox 611 4273 669 4336; x_wconf 89' lang='lat' dir='ltr'>etsi</span> <span class='ocrx_word' id='word_1_297' title='bbox 692 4275 852 4349; x_wconf 69' lang='lat' dir='ltr'>maneatil</span> <span class='ocrx_word' id='word_1_298' title='bbox 874 4289 1067 4351; x_wconf 87' lang='lat' dir='ltr'>repercussus</span> <span class='ocrx_word' id='word_1_299' title='bbox 1091 4273 1183 4347; x_wconf 88' lang='lat' dir='ltr'>locus,</span> <span class='ocrx_word' id='word_1_300' title='bbox 1208 4274 1331 4352; x_wconf 91' lang='lat' dir='ltr'>proinde</span> <span class='ocrx_word' id='word_1_301' title='bbox 1352 4284 1382 4337; x_wconf 90' lang='lat' dir='ltr'>et</span> <span class='ocrx_word' id='word_1_302' title='bbox 1397 4277 1433 4352; x_wconf 80' lang='grc' dir='ltr'>κβ</span> <span class='ocrx_word' id='word_1_303' title='bbox 1451 4275 1529 4336; x_wconf 90' lang='lat' dir='ltr'>ratio</span> 
     </span>
     <span class='ocr_line' id='line_1_30' title="bbox 183 4359 1531 4443; baseline 0.001 -19"><span class='ocrx_word' id='word_1_304' title='bbox 183 4363 347 4436; x_wconf 85' lang='lat' dir='ltr'>curvitatis,</span> <span class='ocrx_word' id='word_1_305' title='bbox 374 4371 405 4424; x_wconf 90' lang='lat' dir='ltr'>et</span> <span class='ocrx_word' id='word_1_306' title='bbox 429 4359 448 4436; x_wconf 81' lang='grc' dir='ltr'><strong><em>ζ</em></strong></span> <span class='ocrx_word' id='word_1_307' title='bbox 470 4363 587 4434; x_wconf 84' lang='lat' dir='ltr'>oculus,</span> <span class='ocrx_word' id='word_1_308' title='bbox 618 4363 755 4424; x_wconf 88' lang='lat' dir='ltr'>discedat</span> <span class='ocrx_word' id='word_1_309' title='bbox 783 4380 854 4424; x_wconf 89' lang='lat' dir='ltr'>vero</span> <span class='ocrx_word' id='word_1_310' title='bbox 884 4361 968 4422; x_wconf 89' lang='lat' dir='ltr'>visile</span> <span class='ocrx_word' id='word_1_311' title='bbox 993 4381 1010 4436; x_wconf 84' lang='grc' dir='ltr'><em>η</em></span> <span class='ocrx_word' id='word_1_312' title='bbox 1033 4361 1149 4440; x_wconf 87' lang='lat' dir='ltr'>lougius</span> <span class='ocrx_word' id='word_1_313' title='bbox 1173 4361 1203 4422; x_wconf 89' lang='lat' dir='ltr'>in</span> <span class='ocrx_word' id='word_1_314' title='bbox 1233 4362 1312 4424; x_wconf 90' lang='lat' dir='ltr'>linea</span> <span class='ocrx_word' id='word_1_315' title='bbox 1334 4364 1387 4441; x_wconf 82' lang='grc' dir='ltr'>βη,</span> <span class='ocrx_word' id='word_1_316' title='bbox 1412 4383 1531 4443; x_wconf 89' lang='lat' dir='ltr'>semper</span> 
     </span>
     <span class='ocr_line' id='line_1_31' title="bbox 184 4449 1529 4534; baseline 0 -20"><span class='ocrx_word' id='word_1_317' title='bbox 184 4452 456 4534; x_wconf 87' lang='lat' dir='ltr'>perpendicularem</span> <span class='ocrx_word' id='word_1_318' title='bbox 481 4471 519 4514; x_wconf 85' lang='lat' dir='ltr'>ex</span> <span class='ocrx_word' id='word_1_319' title='bbox 541 4474 559 4528; x_wconf 86' lang='grc' dir='ltr'><em>η</em></span> <span class='ocrx_word' id='word_1_320' title='bbox 581 4450 611 4512; x_wconf 91' lang='lat' dir='ltr'>in</span> <span class='ocrx_word' id='word_1_321' title='bbox 634 4459 775 4532; x_wconf 87' lang='lat' dir='ltr'>punctum</span> <span class='ocrx_word' id='word_1_322' title='bbox 797 4470 815 4510; x_wconf 89' lang='lat' dir='ltr'>a</span> <span class='ocrx_word' id='word_1_323' title='bbox 838 4472 852 4528; x_wconf 78' lang='lat' dir='ltr'><em>y</em></span> <span class='ocrx_word' id='word_1_324' title='bbox 873 4449 1018 4512; x_wconf 88' lang='lat' dir='ltr'>remotius</span> <span class='ocrx_word' id='word_1_325' title='bbox 1041 4449 1210 4521; x_wconf 88' lang='lat' dir='ltr'>incisurum,</span> <span class='ocrx_word' id='word_1_326' title='bbox 1233 4451 1356 4530; x_wconf 90' lang='lat' dir='ltr'>proinde</span> <span class='ocrx_word' id='word_1_327' title='bbox 1380 4462 1411 4514; x_wconf 88' lang='lat' dir='ltr'>et</span> <span class='ocrx_word' id='word_1_328' title='bbox 1434 4453 1529 4514; x_wconf 82' lang='lat' dir='ltr'>locunt</span> 
     </span>
     <span class='ocr_line' id='line_1_32' title="bbox 184 4537 1531 4622; baseline 0.001 -20"><span class='ocrx_word' id='word_1_329' title='bbox 184 4542 319 4622; x_wconf 76' lang='lat' dir='ltr'>imaginis</span> <span class='ocrx_word' id='word_1_330' title='bbox 353 4559 471 4622; x_wconf 88' lang='lat' dir='ltr'>semper</span> <span class='ocrx_word' id='word_1_331' title='bbox 504 4539 620 4618; x_wconf 89' lang='lat' dir='ltr'>lougius</span> <span class='ocrx_word' id='word_1_332' title='bbox 649 4542 706 4599; x_wconf 79' lang='lat' dir='ltr'>al</span> <span class='ocrx_word' id='word_1_333' title='bbox 738 4557 844 4600; x_wconf 81' lang='lat' dir='ltr'>versus</span> <span class='ocrx_word' id='word_1_334' title='bbox 875 4537 1034 4601; x_wconf 86' lang='lat' dir='ltr'>exteriora.</span> <span class='ocrx_word' id='word_1_335' title='bbox 1080 4537 1226 4618; x_wconf 87' lang='lat' dir='ltr'>Adeoque</span> <span class='ocrx_word' id='word_1_336' title='bbox 1257 4539 1332 4602; x_wconf 86' lang='lat' dir='ltr'>haec</span> <span class='ocrx_word' id='word_1_337' title='bbox 1363 4541 1531 4604; x_wconf 84' lang='lat' dir='ltr'>differentia</span> 
     </span>
     <span class='ocr_line' id='line_1_33' title="bbox 184 4625 1531 4708; baseline -0.001 -14"><span class='ocrx_word' id='word_1_338' title='bbox 184 4631 301 4694; x_wconf 81' lang='lat' dir='ltr'>tandem</span> <span class='ocrx_word' id='word_1_339' title='bbox 325 4629 355 4691; x_wconf 90' lang='lat' dir='ltr'>in</span> <span class='ocrx_word' id='word_1_340' title='bbox 384 4628 529 4692; x_wconf 87' lang='lat' dir='ltr'>inlinitum</span> <span class='ocrx_word' id='word_1_341' title='bbox 560 4627 634 4690; x_wconf 88' lang='lat' dir='ltr'>abit.</span> <span class='ocrx_word' id='word_1_342' title='bbox 681 4627 726 4688; x_wconf 86' lang='lat' dir='ltr'>At</span> <span class='ocrx_word' id='word_1_343' title='bbox 753 4627 877 4689; x_wconf 90' lang='lat' dir='ltr'>multum</span> <span class='ocrx_word' id='word_1_344' title='bbox 905 4628 998 4688; x_wconf 87' lang='lat' dir='ltr'>refert</span> <span class='ocrx_word' id='word_1_345' title='bbox 1025 4626 1063 4686; x_wconf 92' lang='lat' dir='ltr'>ad</span> <span class='ocrx_word' id='word_1_346' title='bbox 1092 4625 1225 4691; x_wconf 87' lang='lat' dir='ltr'>rationes</span> <span class='ocrx_word' id='word_1_347' title='bbox 1255 4629 1454 4708; x_wconf 88' lang='lat' dir='ltr'>speculariae,</span> <span class='ocrx_word' id='word_1_348' title='bbox 1483 4631 1531 4692; x_wconf 89' lang='lat' dir='ltr'>hic</span> 
     </span>
     <span class='ocr_line' id='line_1_34' title="bbox 184 4711 1530 4800; baseline -0.001 -18"><span class='ocrx_word' id='word_1_349' title='bbox 184 4738 239 4782; x_wconf 85' lang='lat' dir='ltr'>nou</span> <span class='ocrx_word' id='word_1_350' title='bbox 262 4720 291 4782; x_wconf 90' lang='lat' dir='ltr'>io</span> <span class='ocrx_word' id='word_1_351' title='bbox 316 4719 406 4782; x_wconf 88' lang='lat' dir='ltr'>dubio</span> <span class='ocrx_word' id='word_1_352' title='bbox 430 4736 607 4796; x_wconf 89' lang='lat' dir='ltr'>suspensum</span> <span class='ocrx_word' id='word_1_353' title='bbox 632 4714 735 4778; x_wconf 87' lang='lat' dir='ltr'>teneri.</span> <span class='ocrx_word' id='word_1_354' title='bbox 784 4713 844 4776; x_wconf 90' lang='lat' dir='ltr'>Sed</span> <span class='ocrx_word' id='word_1_355' title='bbox 874 4714 950 4776; x_wconf 88' lang='lat' dir='ltr'>satis</span> <span class='ocrx_word' id='word_1_356' title='bbox 973 4716 1010 4776; x_wconf 92' lang='lat' dir='ltr'>de</span> <span class='ocrx_word' id='word_1_357' title='bbox 1034 4713 1099 4775; x_wconf 91' lang='lat' dir='ltr'>loco</span> <span class='ocrx_word' id='word_1_358' title='bbox 1128 4711 1280 4794; x_wconf 85' lang='lat' dir='ltr'>imaginis,</span> <span class='ocrx_word' id='word_1_359' title='bbox 1311 4737 1387 4798; x_wconf 85' lang='lat' dir='ltr'>quae</span> <span class='ocrx_word' id='word_1_360' title='bbox 1411 4719 1530 4800; x_wconf 90' lang='lat' dir='ltr'>quidem</span> 
     </span>
     <span class='ocr_line' id='line_1_35' title="bbox 184 4802 1530 4886; baseline -0.007 -13"><span class='ocrx_word' id='word_1_361' title='bbox 184 4807 383 4873; x_wconf 84' lang='lat' dir='ltr'>consideratio</span> <span class='ocrx_word' id='word_1_362' title='bbox 408 4806 581 4872; x_wconf 81' lang='lat' dir='ltr'>necessaria</span> <span class='ocrx_word' id='word_1_363' title='bbox 603 4805 691 4886; x_wconf 86' lang='lat' dir='ltr'>plane</span> <span class='ocrx_word' id='word_1_364' title='bbox 720 4804 777 4866; x_wconf 84' lang='lat' dir='ltr'>fuit</span> <span class='ocrx_word' id='word_1_365' title='bbox 799 4804 838 4866; x_wconf 91' lang='lat' dir='ltr'>ad</span> <span class='ocrx_word' id='word_1_366' title='bbox 866 4802 1024 4884; x_wconf 88' lang='lat' dir='ltr'>sequeutia</span> <span class='ocrx_word' id='word_1_367' title='bbox 1041 4806 1132 4874; x_wconf 86' lang='lat' dir='ltr'>(comp.</span> <span class='ocrx_word' id='word_1_368' title='bbox 1150 4825 1175 4874; x_wconf 80' lang='lat' dir='ltr'>p.</span> <span class='ocrx_word' id='word_1_369' title='bbox 1195 4808 1229 4862; x_wconf 83' lang='grc'>37</span> <span class='ocrx_word' id='word_1_370' title='bbox 1241 4811 1296 4878; x_wconf 80' lang='lat' dir='ltr'>aa).</span> <span class='ocrx_word' id='word_1_371' title='bbox 1342 4807 1391 4874; x_wconf 79' lang='lat' dir='ltr'>Da</span> <span class='ocrx_word' id='word_1_372' title='bbox 1415 4808 1530 4880; x_wconf 69' lang='lat' dir='ltr'>veniam</span> 
     </span>
    </p>
   </div>
   <div class='ocr_carea' id='block_1_6' title="bbox 0 0 1851 5518">
    <p class='ocr_par' dir='ltr' id='par_1_7' title="bbox 0 0 1851 5518">
     <span class='ocr_line' id='line_1_36' title="bbox 0 0 1851 5518; baseline 0 0"><span class='ocrx_word' id='word_1_373' title='bbox 0 0 1851 5518; x_wconf 95' lang='lat' dir='ltr'> </span> 
     </span>
    </p>
   </div>
  </div>
 </body>
</html>
