3684 5518
300 253 365 322 232
769 251 959 318 Paralipomeuu
976 251 1002 302 ia
1020 249 1187 302 Vitellicnem.

390 435 461 497 Jam
489 435 567 516 quod
594 433 733 494 humores
762 430 888 504 attinet,
925 436 987 490 tres
1020 427 1048 488 in
1078 428 1163 488 oculo
1193 433 1276 498 sunt,
1311 425 1433 488 sedibus
1465 424 1654 504 undiquaque

305 523 457 588 distincti:
481 523 645 583 vitreus
667 520 697 580 in
721 518 882 599 posteriori
906 517 983 579 oculi
1007 524 1109 595 parte,
1146 533 1294 595 aqueus
1317 516 1347 576 in
1372 513 1528 580 anteriori.
1562 531 1656 593 cry·

303 613 505 676 stallinns
528 610 557 672 in
581 627 683 670 eorum
715 607 831 680 medio,
855 606 1015 668 maceriem
1040 605 1154 666 iaciens
1188 606 1251 684 ipse
1282 611 1314 664 et
1341 603 1461 664 ailiares
1494 619 1655 682 processus

303 702 381 764 inter
404 703 530 761 vitreum
553 705 585 758 et
607 715 742 776 aqueum.
781 697 821 758 Et
846 694 941 756 vitreo
966 695 1085 774 quidem
1109 713 1165 753 sna
1188 701 1235 754 est
1250 693 1427 754 tenuissima
1451 699 1483 752 et
1505 689 1657 770 pellucida

304 789 458 872 pellicula,
488 785 693 868 hyaloidis
722 785 845 847 tunica
868 785 963 857 dicta,
994 782 1179 860 cognominis
1203 782 1334 855 humori,
1360 800 1420 860 qua
1443 781 1556 842 vitreus
1580 797 1655 840 con-

244 913 252 928 ·
305 880 426 952 sinetur,
451 876 543 936 etiam
567 893 633 936 cnm
656 893 693 934 ex
717 873 826 935 tunicis
849 872 995 946 sclerode,
1021 870 1171 942 choroide,
1196 871 1302 943 retina,
1327 877 1465 931 exemtus
1484 876 1540 930 est.
1575 865 1655 948 Cry-

303 965 425 1030 stalliuo
440 983 510 1026 vero
530 963 634 1024 itidem
652 981 708 1022 sna
728 960 977 1034 (arachnoidis
997 980 1050 1021 seu
1069 959 1132 1020 tela
1151 978 1281 1021 araneae
1303 958 1341 1020 ob
1361 959 1539 1020 tenuitatem
1559 957 1656 1028 dicta)

307 1054 489 1125 tunionem,
515 1051 618 1112 itidem
641 1051 801 1130 pellucida,
827 1069 885 1130 qna
908 1047 1101 1131 crystallinus
1125 1048 1309 1122 continetur,
1341 1055 1476 1108 exemtus
1505 1045 1596 1106 etiem
1620 1063 1656 1104 en

303 1140 567 1206 circumstantibus
601 1139 783 1202 humoribus.
832 1136 1034 1200 Conciderant
1065 1155 1135 1198 vero
1169 1137 1330 1198 anatomici
1364 1152 1486 1197 oausam
1518 1133 1656 1194 nonrinls.

304 1233 383 1296 Nam
408 1231 464 1290 boc
487 1247 606 1301 nomeu,
630 1247 788 1302 aranea,
813 1246 870 1288 non
896 1226 951 1288 soll
974 1225 1133 1306 pelliculae
1156 1223 1324 1306 crystallini
1340 1224 1457 1285 videtur
1476 1231 1656 1302 competere,

305 1319 360 1383 sed
379 1318 494 1398 junctis
518 1317 672 1378 ciliaribns
695 1316 897 1396 processibus.
944 1315 1025 1375 Vere
1050 1313 1144 1384 oraim,
1177 1324 1210 1374 nt
1240 1333 1354 1374 aranea
1384 1312 1412 1373 in
1442 1320 1546 1374 centro
1578 1308 1657 1372 telae

307 1427 381 1470 suae
405 1425 554 1486 suspensa
572 1405 688 1478 haeret,
712 1405 756 1466 ita
770 1404 962 1486 crystallinus
977 1403 1082 1464 hunror
1106 1402 1134 1462 in
1159 1410 1263 1464 centro
1287 1401 1656 1479 allianum-processuum:

306 1495 487 1576 staminibus
510 1494 648 1572 utrinqne
672 1492 769 1554 ductis
793 1493 870 1553 intro
895 1511 999 1554 versus
1022 1498 1166 1553 centrum.
1213 1492 1320 1570 Aqueo
1344 1509 1414 1550 vero
1438 1489 1554 1550 humori
1578 1488 1660 1549 nulla

309 1594 359 1648 est
380 1583 539 1664 pellicula:
564 1582 617 1644 sed
642 1581 797 1644 cohibetur
820 1589 891 1642 ante
916 1599 1033 1653 cornea,
1059 1599 1136 1661 pone
1156 1599 1278 1650 aranea,
1302 1577 1453 1640 ciliaribus
1468 1575 1659 1658 processibus

307 1691 401 1736 nveae
426 1680 459 1732 et
481 1671 639 1732 substrata
662 1670 802 1750 hyaloide
825 1669 912 1730 vitrei
937 1669 1083 1730 humoris:
1114 1669 1320 1747 strangulatur
1352 1685 1422 1729 vero
1455 1667 1485 1728 in
1509 1665 1606 1728 medio
1630 1673 1662 1724 et

307 1760 396 1842 quasi
419 1760 452 1832 iu
472 1760 530 1820 duo
555 1759 698 1820 dividitur
721 1758 760 1819 ab
784 1775 868 1830 uvea,
895 1776 983 1836 quam
1008 1758 1087 1818 intra
1111 1767 1143 1816 et
1165 1765 1252 1819 extra
1276 1757 1409 1818 foramen
1434 1755 1530 1817 alluit.
1562 1753 1661 1816 Moles

307 1850 403 1912 vitreo
428 1847 572 1922 munima,
601 1847 725 1908 minima
752 1846 942 1928 crystallino,
973 1853 1006 1906 ut
1035 1847 1120 1929 cnjus
1148 1846 1215 1906 axis
1243 1844 1293 1906 vix
1326 1852 1434 1924 quarta
1456 1863 1529 1924 pars
1552 1851 1602 1904 est
1624 1842 1662 1901 de

308 1957 366 2000 aare
400 1936 506 2009 vitrei,
536 1936 649 1996 vitreus
678 1935 813 2014 proxime
841 1933 966 2013 liguram
999 1934 1092 1995 hahet
1124 1933 1270 2012 sphaerae
1298 1935 1366 2013 plus
1396 1951 1483 2012 qnam
1508 1929 1661 1994 dimidiae.

309 2028 435 2107 Aqneus
459 2024 625 2104 sphaericis
650 2023 768 2103 quidem
801 2023 1014 2101 superficiebus
1042 2030 1176 2096 constat,
1202 2022 1257 2084 sed
1280 2021 1309 2083 iu
1333 2021 1445 2096 medio,
1470 2031 1504 2082 nt
1527 2019 1603 2093 dixi,
1633 2019 1662 2078 in

310 2121 470 2194 angustum
494 2113 604 2174 collum
618 2112 759 2174 redactus
783 2119 839 2172 est.
880 2109 1091 2192 crystallinus,
1116 2129 1154 2172 ea
1177 2111 1255 2173 iaoie
1279 2129 1355 2190 qnae
1379 2131 1398 2172 a
1420 2109 1572 2172 ciliaribus
1591 2125 1663 2188 prc-

309 2201 446 2264 cessihus
470 2200 681 2262 disterminata
704 2219 799 2281 aquea
819 2201 1018 2286 immergitur,
1042 2201 1168 2278 figuram
1192 2200 1310 2279 aceepit
1333 2208 1385 2261 aut
1404 2197 1591 2277 sphaericam
1611 2203 1665 2257 ant

310 2287 501 2372 sphaeroidis
537 2287 722 2351 lenticularis
759 2290 942 2369 portionem,
966 2289 1170 2350 circumducta
1205 2288 1303 2368 ellipsi
1339 2305 1393 2368 per
1433 2305 1521 2349 axem
1555 2285 1661 2357 divisa,

311 2386 452 2442 manente
476 2384 560 2440 recto
583 2377 694 2438 latere:
720 2377 926 2456 apostoriorc
949 2385 1046 2456 parte,
1071 2395 1147 2456 qnae
1171 2377 1209 2438 ab
1232 2377 1339 2438 iisdem
1363 2376 1516 2439 cilisnhus
1538 2391 1675 2456 proces*

311 2467 395 2529 sibus
419 2465 622 2543 determinata
645 2465 741 2527 vitreo
765 2465 963 2543 immergitur,
997 2467 1091 2546 ligura
1125 2464 1183 2545 ipsi
1211 2474 1260 2527 est
1287 2466 1427 2526 conoides
1460 2463 1664 2546 hyperbolica,

312 2554 479 2637 hyperbole
501 2552 583 2616 circa
605 2573 692 2616 axem
716 2554 926 2616 circumducta.
965 2553 1017 2616 Sic
1041 2555 1119 2616 euim
1142 2555 1235 2615 reiert
1251 2555 1419 2626 Jessenius,
1442 2573 1500 2615 non
1525 2551 1664 2632 sphaeri—

312 2661 380 2708 cum
402 2661 484 2718 esse,
519 2641 596 2722 quod
622 2643 760 2704 Platems
785 2642 902 2721 ajebat,
936 2645 989 2704 ssd
1014 2643 1101 2704 valde
1125 2644 1319 2722 protuberare
1344 2651 1376 2704 et
1398 2643 1559 2722 oblongum
1591 2639 1665 2713 lieri,

314 2732 399 2813 qnasi
432 2731 462 2794 iu
491 2749 597 2792 conum
627 2739 784 2811 assurgat:
814 2730 963 2792 anteriore
991 2749 1062 2792 vero
1095 2732 1171 2794 facie
1196 2731 1343 2811 depressa
1366 2750 1434 2793 esse
1458 2729 1660 2801 rotunditate;

315 2831 346 2884 et
379 2821 493 2883 similes
527 2821 566 2880 ad
599 2839 719 2888 sensum
752 2839 819 2881 esse
857 2838 983 2881 corneae
1014 2829 1046 2880 et
1083 2820 1249 2902 crystallini
1282 2821 1413 2882 humoris
1450 2818 1667 2881 rotunditatem

313 2909 509 2972 anteriorem:
535 2901 725 2970 dimetientes
749 2927 820 2970 vero
844 2917 878 2970 nt
901 2906 921 2971 4
946 2909 983 2969 ad
1009 2905 1038 2972 3.
1085 2908 1290 2972 Tenuissimus
1315 2917 1363 2970 est
1386 2927 1516 2988 aqueus,
1545 2905 1665 2968 densis-

315 2998 409 3060 simus
432 2997 644 3080 crystallinus:
673 2996 900 3077 pellucidissimi
924 3005 1059 3078 uterque.
1108 2998 1233 3060 Vitreus
1265 2998 1356 3077 paulo
1388 2996 1520 3058 tinctior.
1566 2995 1666 3056 Docto

315 3104 372 3148 axe
405 3105 460 3165 per
483 3091 617 3146 centrum
652 3086 806 3148 foraminis
839 3105 934 3148 uveae
966 3087 996 3147 in
1025 3105 1146 3148 nervum
1179 3085 1326 3166 opticum,
1361 3095 1467 3156 centra
1498 3083 1665 3166 crystallini

315 3173 493 3236 circulorum
516 3173 545 3234 in
569 3174 626 3235 hac
649 3174 795 3236 haerent:
826 3175 928 3253 itaque
952 3183 1034 3236 recte
1059 3175 1253 3257 crystallinus
1276 3175 1305 3236 in
1330 3183 1434 3237 centro
1457 3174 1532 3236 oculi
1558 3171 1666 3234 dicitur

315 3261 449 3334 haerere,
474 3260 500 3322 si
523 3260 681 3341 intelligas
701 3264 798 3325 secari
821 3264 942 3324 oculum
961 3265 1051 3345 plano
1075 3265 1115 3325 ad
1138 3282 1225 3326 axem
1248 3273 1341 3339 recto,
1375 3273 1407 3325 et
1429 3271 1564 3326 centrum
1587 3260 1665 3322 ocull

314 3349 395 3412 illins
419 3347 521 3411 circuli
545 3357 688 3412 centrum.
742 3351 802 3413 Sed
836 3351 914 3432 quod
944 3353 1114 3414 universam
1142 3353 1220 3416 oculi
1252 3351 1513 3432 conglobationem
1546 3349 1665 3417 attinet,

314 3437 506 3520 crystallinus
530 3439 626 3516 magis
649 3437 679 3500 iu
703 3441 855 3502 anteriora
886 3441 984 3519 vergit
1015 3441 1088 3502 dicti
1112 3442 1192 3516 asis;
1226 3441 1418 3524 crystallinus
1447 3462 1466 3502 a
1498 3441 1556 3501 tine
1582 3437 1664 3499 nervi

314 3527 408 3608 cptici
431 3526 527 3588 distat
551 3525 742 3606 longissime,
767 3530 864 3592 minus
887 3549 907 3590 a
931 3530 1076 3593 toramine
1100 3549 1204 3604 uveae,
1238 3532 1389 3594 minimum
1413 3531 1547 3591 toramen
1571 3543 1664 3590 uveae

315 3615 512 3696 asuperticie
536 3633 675 3678 corneae.

771 3755 801 3820 2.
837 3757 983 3821 Modus
1008 3757 1204 3824 visionis.

401 3881 471 3944 Etsi
495 3882 587 3955 lrous,
613 3882 788 3960 supercilia,
811 3882 990 3964 palpebrae,
1017 3903 1164 3946 cavernae
1188 3882 1227 3944 ad
1252 3882 1372 3946 modum
1396 3880 1521 3944 visionis
1536 3886 1568 3942 et
1581 3879 1665 3958 ipsae

207 3964 214 3981 '
314 3979 502 4044 concurrunt,
527 3988 586 4031 nou
609 3969 721 4032 obeunt
743 3979 843 4033 tamen
867 3971 1044 4054 principalia
1065 3973 1175 4034 sunnia.
1210 3971 1377 4051 Propterea
1391 3989 1463 4034 usus
1487 3985 1588 4032 earum
1603 3967 1667 4046 jare

314 4057 457 4139 praemisi
480 4067 601 4120 etcum
625 4077 726 4120 aarum
750 4059 950 4140 descriptione
975 4061 1124 4140 conjunxi.
1172 4033 1257 4130 Quas
1289 4077 1362 4122 vero
1389 4058 1535 4121 subnexui
1563 4065 1667 4136 partes

316 4147 436 4226 globum
459 4146 536 4208 oculi
560 4147 658 4226 ipsum
681 4147 861 4222 attinentes,
887 4168 990 4211 omnes
1014 4150 1084 4212 illae
1108 4150 1147 4212 ad
1170 4150 1363 4229 praecipuum
1386 4145 1515 4210 officinm
1539 4161 1667 4208 concur-

315 4241 393 4298 runt.
433 4232 535 4306 Quare
558 4243 592 4296 ut
615 4235 799 4316 singularum
823 4257 894 4299 usus
919 4247 1075 4318 appareat,
1100 4237 1227 4300 visionis
1249 4238 1369 4299 modum
1392 4232 1569 4307 describam,
1594 4249 1666 4294 sane

316 4343 337 4383 a
357 4323 476 4385 nemina
498 4323 645 4385 hactenus
668 4325 746 4404 quod
771 4343 827 4404 ego
851 4326 944 4386 sciam
968 4343 1099 4406 eousque
1122 4327 1360 4407 pervestigatum
1385 4331 1415 4387 et
1439 4323 1666 4404 deprehensum.

317 4409 424 4490 ltaque
447 4429 520 4490 rego
544 4411 783 4488 mathematicos,
807 4421 841 4475 ut
863 4413 1023 4492 diligenter
1054 4415 1116 4477 ista
1143 4414 1352 4483 considerent,
1385 4431 1444 4494 qno
1471 4411 1519 4473 vel
1546 4409 1667 4472 tandem

316 4499 392 4560 certi
416 4499 485 4580 quid
509 4500 546 4561 de
570 4500 757 4564 nobilissima
779 4501 836 4563 hac
861 4502 1012 4564 iunctione
1036 4502 1065 4564 in
1089 4503 1279 4585 philosophia
1302 4510 1396 4564 extet.

406 4588 563 4650 Visionem
586 4590 649 4651 fieri
672 4589 755 4664 dico,
779 4609 846 4652 cum
868 4592 963 4652 totius
992 4589 1204 4672 hemisphaerii
1234 4591 1390 4664 mundani,
1423 4590 1501 4671 qnod
1525 4596 1574 4650 cst
1596 4595 1667 4650 aute

317 4674 433 4736 oculum
457 4679 633 4758 etamplius
655 4681 755 4760 paulo,
780 4679 891 4741 idolum
915 4678 1058 4742 statuitur
1081 4682 1120 4743 ad
1144 4682 1244 4744 album
1268 4679 1549 4742 subminmretiuae
1573 4692 1667 4737 cavae

319 4761 485 4842 superficiei
507 4766 663 4845 parietem.
710 4767 866 4839 Quomodo
879 4768 1002 4832 'idolum
1029 4789 1082 4832 seu
1105 4770 1224 4850 pictura
1253 4771 1329 4832 haec
1356 4769 1511 4848 spiritibus
1538 4764 1668 4836 risoriis.
