3700 5530
348 261 413 332 648
825 265 865 318 De
884 263 962 318 Stella
979 263 1052 318 Nora
1069 263 1219 332 Serpeutarii

346 465 406 508 nou
430 443 541 508 additis
565 444 612 505 vel
635 443 899 508 instrumentorum
921 446 970 508 vel
992 444 1099 508 calculi
1123 440 1371 508 circumstantiis:
1394 441 1518 524 perinde
1542 461 1578 505 ac
1596 441 1623 505 si
1647 448 1702 505 ant

346 554 397 597 res
420 535 461 596 sit
483 535 558 632 adep
583 532 689 607 facilis,
716 553 817 596 omnes
836 535 865 596 in
882 534 1068 597 observando
1088 533 1280 614 deceptiones
1294 531 1467 607 excludere3
1490 541 1544 594 aut
1557 532 1700 606 sufficiat,

344 632 503 706 postquam
526 622 690 684 astronomi
713 642 816 687 nomen
841 623 997 700 invaseris,
1023 623 1224 686 asseverando
1249 621 1367 686 fortiter
1381 621 1603 685 observationis
1622 640 1699 683 auc-

345 713 498 776 toritatem
520 711 665 775 stabilire.

434 816 508 882 Cum
532 817 585 881 Sol
609 837 687 880 auno
714 813 809 882 1603.
834 763 1013 886 (11817127.
1035 817 1113 880 Νοι.
1138 818 1178 880 ad
1199 816 1322 894 lovem,
1348 817 1396 880 die
1418 809 1523 900 19129.
1550 815 1630 880 Νοι.
1658 815 1700 878 ad

342 907 505 972 Saturnum
530 909 688 988 appulerit,
714 907 824 969 lactum
848 918 906 982 est,
929 916 964 970 ut
986 925 1040 987 per
1062 909 1258 970 succedentes
1281 907 1450 989 complures
1471 907 1535 968 dies
1553 907 1697 987 planetae

285 1007 289 1016 ’
342 997 397 1060 sub
421 995 502 1059 Solis
534 997 629 1060 radiis
661 997 792 1059 laterent
823 995 1002 1059 absconditi.
1048 997 1179 1060 Primum
1208 995 1315 1059 Jovem
1347 1015 1414 1059 cum
1444 993 1593 1059 Mercurio
1625 1003 1700 1076 post

340 1087 448 1167 longas
472 1086 554 1149 bidui
577 1087 694 1167 pluvias
717 1085 778 1149 vidi
807 1086 854 1148 die
884 1081 967 1170 tlte.
993 1085 1066 1150 Dec.
1092 1106 1179 1149 mane
1209 1087 1239 1148 in
1263 1085 1431 1149 clarissima
1462 1104 1586 1159 aurora,
1618 1103 1697 1167 quae

341 1174 464 1240 Saturni
488 1176 605 1238 unuius
627 1177 725 1238 lumen
750 1177 910 1256 oppressit,
934 1185 967 1238 ιιι
990 1175 1016 1238 is
1039 1175 1134 1238 videri
1158 1196 1214 1238 uon
1234 1184 1349 1256 posset.
1396 1173 1509 1238 Stabat
1526 1175 1696 1237 Mercurius

340 1285 431 1347 snpra
453 1264 574 1340 dorem,
608 1265 762 1328 declinans
786 1286 804 1326 a
826 1265 964 1327 verticali
987 1264 1073 1327 Jovis
1104 1266 1256 1347 paululum
1287 1265 1326 1326 ad
1359 1264 1514 1328 dextram:
1548 1264 1697 1326 distantia

338 1354 425 1418 Jovis
449 1375 469 1416 a
499 1355 648 1416 Mercurio
681 1355 720 1416 ad
748 1354 898 1417 ocularem
931 1354 1171 1418 aestimationem
1203 1353 1323 1417 circiter
1352 1351 1372 1418 5
1405 1363 1458 1416 aut
1488 1349 1541 1418 6⁰.
1587 1353 1635 1416 Ex
1659 1371 1695 1415 eo

339 1453 447 1508 ventus
471 1442 652 1506 decumanus
675 1455 813 1519 coortus,
842 1443 892 1524 qui
920 1443 1040 1507 duravit
1063 1443 1137 1506 duos
1161 1446 1294 1525 integros
1318 1444 1382 1506 dies
1404 1443 1520 1525 ingenti
1542 1462 1610 1506 cum
1632 1443 1694 1506 im-

337 1542 424 1615 petu;
448 1534 536 1596 simul
560 1541 591 1595 et
614 1533 712 1595 uinxit
734 1533 1002 1612 largiter:-secuta
1024 1533 1134 1597 nebula
1157 1542 1188 1595 et
1209 1542 1296 1614 tepor
1313 1542 1346 1594 et
1359 1551 1473 1596 rursum
1491 1532 1694 1614 largapluvia

337 1641 430 1703 usque
463 1622 492 1684 in
524 1621 601 1684 diem
639 1617 743 1699 14124.
767 1623 860 1684 Dec:
894 1631 925 1684 et
957 1621 1053 1684 diaria
1082 1641 1180 1685 rerum
1212 1631 1365 1703 gestarum
1396 1623 1517 1703 publica
1548 1624 1692 1698 referunt,

337 1711 442 1774 diebos
473 1706 569 1788 7117..
602 1707 699 1788 8118,
725 1703 811 1793 9119.
836 1713 910 1774 Dec.
940 1712 1054 1791 passim
1083 1731 1138 1792 per
1161 1711 1337 1774 Lusitaniae
1369 1720 1400 1774 et
1424 1711 1577 1776 Saxoniae
1602 1713 1694 1775 litora

336 1808 516 1864 commotum
539 1819 699 1874 oceanum,
724 1802 833 1862 darnae
855 1799 985 1880 plurima
1007 1810 1038 1864 et
1060 1801 1223 1881 perniciem
1246 1801 1361 1881 aliquot
1383 1803 1517 1865 centenis
1541 1802 1693 1865 hominum

336 1891 488 1954 attulisse.
545 1889 679 1952 Tandem
715 1885 819 1974 15125.
853 1891 927 1954 Dec.
960 1890 990 1952 in
1023 1891 1097 1970 ipsis
1131 1891 1212 1955 seriis
1240 1891 1392 1954 natalibus
1428 1892 1593 1954 serenitate
1623 1911 1692 1954 ma-

336 1979 437 2044 tutina
469 1979 633 2060 affulgente
667 1979 749 2042 iacta
781 1978 852 2042 milri
885 1980 973 2060 copia
1004 1980 1096 2055 coeli;
1133 1981 1218 2060 cujus
1251 1979 1482 2060 descriptionem
1519 1980 1623 2044 lectori
1661 1981 1692 2042 in

337 2070 468 2150 epistola
491 2069 643 2150 sequenti,
678 2088 765 2150 quam
798 2069 902 2131 eodem
932 2069 978 2131 die
1002 2069 1177 2150 perscripsi,
1210 2069 1368 2149 legendam
1401 2070 1559 2134 exhibebo.
1605 2071 1692 2132 Haec

336 2159 429 2239 igitur
452 2159 590 2241 epistola.

424 2259 486 2316 Scio
508 2259 547 2314 Te
567 2257 650 2328 hujus
671 2259 725 2312 diei
750 2243 909 2312 solennibus
934 2255 1110 2326 interpellari
1130 2273 1185 2310 non
1212 2256 1318 2312 solere:
1345 2275 1439 2314 rerum
1467 2261 1574 2318 coelum
1598 2263 1691 2318 nullas

338 2340 467 2412 agnoscit
488 2339 583 2394 ferias.
624 2339 678 2394 Per
698 2339 749 2394 hos
770 2338 841 2402 dies,
868 2337 910 2391 ita
929 2343 962 2391 ut
982 2338 1120 2391 suadebat
1146 2337 1228 2391 officii
1251 2339 1338 2404 ratio,
1364 2347 1489 2394 attentus
1510 2341 1550 2396 fui
1571 2343 1606 2398 ad
1627 2361 1691 2398 con·

333 2417 486 2497 junctionis
513 2435 633 2490 magnae
658 2425 843 2490 conspectum.
892 2416 1062 2488 Scripseram
1087 2416 1172 2482 enim,
1200 2418 1308 2473 octiduo
1334 2420 1467 2474 maturius
1499 2425 1691 2494 apparituram

337 2521 420 2579 quam
441 2508 596 2574 putaretur.
640 2501 750 2555 Clarum
771 2517 836 2554 vero
857 2513 937 2552 mane
958 2500 993 2552 ad
1015 2499 1087 2552 bunc
1109 2514 1195 2568 usque
1216 2499 1287 2553 diem
1307 2499 1362 2554 vidi
1382 2501 1497 2556 nullum.

424 2581 533 2638 Accidit
553 2580 640 2652 igitur
659 2581 775 2653 pulchro
796 2581 913 2650 quodam
934 2594 1008 2643 casu,
1030 2586 1063 2632 ut
1077 2579 1128 2632 boc
1149 2578 1209 2648 ipso
1230 2596 1319 2644 mane,
1341 2598 1394 2652 quo
1407 2581 1466 2635 dies
1487 2599 1566 2638 sacer
1579 2585 1690 2640 Christo

336 2665 483 2724 natalitius
503 2661 607 2726 illuxit,
628 2671 687 2717 tres
708 2661 850 2732 planetae,
871 2659 1019 2724 Saturnus,
1041 2657 1151 2730 Jupiter
1171 2667 1201 2714 et
1221 2660 1372 2715 Mercurius
1393 2662 1530 2718 informa
1555 2665 1692 2737 trianguli

337 2745 463 2819 dispositi
485 2743 513 2797 iu
528 2741 620 2796 clarae
642 2759 760 2799 aurorae
780 2739 883 2794 lumine
905 2746 1081 2809 apparerent.
1110 2739 1208 2811 Itaque
1229 2741 1253 2794 si
1268 2740 1313 2811 qui
1334 2742 1406 2797 forte
1421 2745 1455 2796 ad
1471 2745 1577 2800 coelum
1598 2754 1691 2800 atten-

336 2833 449 2892 derunt,
471 2823 503 2878 iis
526 2823 595 2876 baec
616 2823 755 2894 apparitio
781 2820 877 2890 procul
903 2819 985 2872 dubio
1007 2821 1040 2873 de
1061 2817 1209 2888 incipiente
1236 2821 1347 2892 trigono
1367 2823 1451 2894 igneo
1472 2825 1590 2881 validam
1611 2827 1691 2880 fldem

336 2909 410 2965 iecit.
451 2907 521 2962 uem
542 2909 572 2957 et
592 2905 663 2959 alias
684 2904 786 2975 vulgus
807 2916 969 2971 persuasum
990 2901 1084 2964 babet,
1106 2898 1246 2972 trigonum
1267 2901 1386 2973 igneum,
1409 2921 1462 2975 quro
1476 2906 1510 2959 de
1530 2906 1613 2962 bodie
1633 2913 1690 2961 tam

335 2987 439 3046 mullus
460 3001 559 3047 sermo,
581 2984 736 3056 prodigium
757 2999 819 3037 esse
840 2981 962 3034 coeleste
982 2979 1108 3052 ignitum,
1131 2979 1159 3035 in
1180 2981 1268 3035 forma
1289 2984 1430 3056 trianguli.

425 3069 523 3138 ltaque
544 3063 568 3116 si
588 3066 683 3136 placet
702 3064 772 3128 Tibi,
799 3061 970 3134 triangulum
989 3057 1063 3114 bunc
1083 3060 1184 3115 intueri
1208 3061 1326 3132 propriis
1348 3065 1446 3129 oculis,
1468 3065 1589 3121 crastino
1610 3083 1689 3122 mane

338 3149 487 3206 etiamnum
504 3143 617 3215 junctos
633 3145 748 3200 babebis
768 3143 906 3214 planetas,
929 3141 983 3196 etsi
1003 3141 1162 3212 triangulus
1177 3159 1238 3196 cras
1253 3144 1288 3196 ob
1302 3144 1427 3200 diurnum
1440 3145 1570 3202 Mercurii
1587 3155 1690 3203 motum

336 3248 393 3287 nou
413 3229 527 3283 eandem
546 3226 679 3281 retinebit
697 3223 937 3296 pulchritudinem,
960 3224 1008 3276 sed
1028 3221 1211 3294 degenerabit
1230 3223 1259 3276 in
1279 3224 1406 3282 obtusum
1428 3215 1569 3301 angurium.

523 3373 551 3423 F·
597 3375 613 3425 2
905 3302 969 3358 Fuit
990 3309 1082 3358 autem
1102 3302 1233 3357 hodierno
1246 3319 1327 3359 mane
1347 3307 1492 3378 dispositio
1512 3309 1688 3388 planetarum

529 3389 577 3443 .¹ss·
615 3411 621 3426 ·
816 3385 889 3438 ista:

907 3464 984 3526 Quod
1010 3463 1096 3538 igitur
1120 3465 1224 3519 attinet
1254 3463 1325 3520 Mem
1350 3467 1550 3538 conjunctionis
1574 3470 1686 3526 Saturni

816 3551 847 3599 et
866 3545 956 3609 Jovis,
988 3561 1059 3615 quae
1085 3545 1216 3600 hesterno
1245 3545 1422 3603 tribuebatur
1448 3552 1485 3604 ab
1514 3551 1685 3616 astronomis,

818 3641 837 3678 a
856 3642 899 3678 me
924 3641 990 3680 vero
1011 3627 1046 3678 ad
1073 3625 1143 3679 diem
1167 3626 1212 3680 16.
1238 3627 1351 3682 1'l.rel
1381 3629 1426 3686 18.
1447 3631 1607 3686 Decembris
1635 3633 1689 3686 fuis

819 3704 927 3776 pesita;
953 3723 991 3760 ex
1011 3705 1064 3758 hac
1090 3705 1283 3760 observatione
1305 3701 1340 3762 ad
1368 3711 1476 3765 oculum
1495 3717 1590 3782 patet,
1617 3713 1688 3768 huuc

820 3791 850 3839 et
863 3786 1074 3856 praecedentem
1095 3785 1165 3840 diem
1183 3785 1267 3859 longe
1289 3791 1480 3848 antevertisse.
1512 3793 1543 3847 ld
1564 3791 1689 3865 sequenti

822 3865 929 3920 calculo
950 3866 1143 3936 comprobabo.

374 3997 380 4009 ,
909 3947 940 4000 ln
955 3946 1190 4018 animutbo45¹s,⁰
1211 3946 1427 4020 coincideruntb
1446 3957 1511 4021 ειιι
1532 3953 1560 4007 in
1574 3955 1687 4008 eundern

360 4009 775 4048 ’“““·“···“·····”····
821 4025 989 4092 ιειιίοιιιειιι,
1011 4033 1041 4080 et
1054 4026 1108 4082 fuit
1121 4027 1276 4083 differentia
1295 4031 1478 4098 altitudinum,
1500 4032 1553 4087 hoc
1566 4041 1610 4089 est
1622 4049 1688 4090 uera

342 4107 476 4163 distantia
498 4113 562 4178 sce
581 4115 618 4178 ιι,
644 4115 776 4182 quantum
801 4122 904 4161 aurora
923 4108 977 4162 fuit
995 4123 1088 4178 passa,
1113 4108 1144 4161 10
1166 4107 1222 4173 32⁴,
1244 4115 1267 4178 ιι
1286 4110 1438 4167 humiliore.

427 4190 596 4244 Assumatur
616 4191 691 4245 locus
712 4197 735 4259 ιι
758 4189 791 4241 90
812 4187 863 4242 40’
885 4192 971 4258 ,Iex
990 4187 1119 4260 Magino:
1141 4188 1191 4245 lat.
1213 4187 1262 4243 53‘
1277 4199 1348 4261 sept.
1377 4193 1454 4264 Ergo
1475 4193 1599 4249 ascensio
1613 4201 1690 4248 recta

339 4275 363 4337 ιι
384 4267 438 4323 240
461 4267 499 4333 8‘,
521 4278 551 4324 et
572 4287 609 4324 ex
630 4271 769 4326 azimutbo
791 4269 939 4322 observato
953 4269 1002 4322 liet
1022 4267 1147 4322 ascensio
1160 4277 1238 4323 recta
1259 4272 1339 4326 medii
1360 4273 1519 4330 coeli196⁰
1540 4277 1599 4340 46',
1619 4275 1689 4332 Solis

340 4365 406 4404 rere
428 4347 501 4403 2⁷3⁰
523 4348 580 4414 23‘,
602 4351 757 4406 differentia
778 4347 830 4403 ’160
852 4345 910 4412 37‘,
932 4349 1017 4402 horae
1040 4349 1065 4403 5.
1088 4347 1125 4404 θ’.
1167 4349 1285 4420 Tempus
1313 4371 1382 4424 ergo
1402 4355 1472 4408 hora
1492 4357 1519 4410 6.
1544 4352 1593 4410 54’
1613 4361 1688 4410 ante·

341 4428 508 4494 meridiana,
535 4430 640 4486 criente
665 4433 716 4486 170
736 4428 784 4487 40’
806 4433 850 4500 ,δε
875 4436 908 4482 ιιι
927 4429 1012 4483 tuerit
1031 4429 1226 4499 nonagesimus
1250 4431 1301 4486 170
1324 4435 1373 4488 40‘
1395 4439 1438 4517 dp.
1480 4435 1552 4490 Hinc
1571 4452 1623 4506 per
1643 4434 1688 4490 24.

341 4509 487 4579 problema
499 4511 551 4564 mei
567 4511 635 4582 Cap.
649 4512 699 4567 XI.
723 4517 798 4566 Astr.
821 4509 909 4580 partis
931 4509 1042 4580 Optices
1060 4509 1193 4565 distantia
1208 4514 1379 4583 nonagesimi
1393 4515 1527 4570 avertice
1542 4516 1596 4571 51⁰
1617 4509 1688 4584 δι’,

344 4590 515 4661 nonagesimi
536 4592 637 4646 aJore
658 4592 711 4647 82⁰
733 4587 780 4648 20‘
802 4589 918 4643 circiter.
945 4591 1022 4662 Ergo
1043 4589 1163 4660 angulus
1184 4592 1324 4648 verticalis
1346 4591 1387 4664 (in
1402 4613 1454 4667 quc
1476 4595 1552 4650 fuere
1573 4603 1589 4666 ι
1608 4603 1637 4650 et
1653 4591 1687 4663 ιι)

344 4685 403 4722 curn
424 4670 551 4742 ecliptica
575 4672 628 4726 50⁰
649 4672 743 4748 46¹s,‘.
777 4670 868 4732 Quare
890 4669 913 4724 si
934 4669 1067 4724 distantia
1090 4671 1121 4724 1⁰
1143 4669 1192 4724 32‘
1213 4671 1358 4730 diducatur
1378 4675 1406 4728 in
1419 4677 1532 4747 longum
1553 4683 1582 4732 et
1594 4677 1688 4738 latum,

343 4748 457 4803 veniunt
480 4751 621 4807 latitudini
644 4754 675 4807 10
699 4753 755 4818 11‘,
782 4749 947 4822 longitudini
969 4749 1027 4814 58‘,
1049 4750 1146 4822 quibus
1166 4751 1276 4822 Jupiter
1296 4755 1443 4810 Saturnum
1463 4755 1611 4828 superarit
1651 4759 1690 4810 Δι

346 4843 405 4881 curn
433 4847 563 4886 excessus
592 4840 681 4890 motus
709 4830 797 4890 diurni
821 4830 907 4897 dorii,
929 4847 982 4902 quo
1011 4837 1126 4900 superat
1150 4831 1275 4891 diurnum
1301 4836 1426 4904 Saturni,
1453 4836 1490 4892 sit
1510 4853 1641 4894 summum
1660 4829 1688 4892 θ’
