3674 5538
353 261 396 328 ῃ
770 261 871 313 Literse
889 259 992 324 ΚΜ
1010 259 1164 326 Morsque
1179 269 1281 313 saumae

353 446 473 500 utamur
503 437 578 499 liunt
601 433 639 498 -lh
659 431 712 498 331
736 432 810 508 22⁴¹,
837 431 955 494 duratio
979 429 1018 494 3¹²
1036 429 1069 496 θ’
1088 427 1164 506 44“,
1187 432 1237 496 nbi
1261 451 1317 512 ego
1342 435 1427 513 posui
1455 430 1565 498 11134‘
1589 429 1653 496 49⁴⁴
1678 434 1706 495 ui

353 527 443 588 l'allor
474 533 507 586 et
536 524 724 587 durationem
756 519 793 584 3ΙΙ
821 516 861 584 9¹.
917 518 1061 601 Sequitur
1098 522 1159 582 alin
1191 521 1343 597 conlusio,
1387 524 1466 603 quod
1499 524 1575 586 baec
1610 522 1708 584 scribo

353 615 517 678 destitutus
545 621 577 674 et
609 611 772 691 exemplari
805 617 836 671 et
866 608 927 670 tuis
960 609 1071 684 literis,
1106 610 1145 671 ad
1174 628 1248 689 quas
1272 619 1339 672 erat
1370 612 1620 692 respondendnm.
1666 609 1709 670 Et

353 721 470 767 rursum
488 701 563 764 haec
582 701 675 762 multo
698 697 924 772 absurdissima.
949 699 1028 778 quud
1050 707 1225 779 conceptum
1241 699 1393 762 literarum
1414 701 1453 762 ad
1468 699 1709 770 serenissimum,

352 789 397 854 uti
421 791 496 854 illud
519 791 711 852 decreveram
732 787 914 861 describere,
939 805 977 848 ex
1000 786 1106 848 eadem
1127 785 1165 850 D.
1187 786 1366 868 Vibepecirii
1390 789 1585 851 festinatione
1605 788 1709 868 reliqui

351 881 380 942 in
404 879 586 960 exemplario
610 876 709 939 soluto
740 884 773 937 et
804 874 976 954 constipato
1007 894 1061 936 seu
1099 875 1257 950 malleato,
1295 875 1396 956 itaque
1427 897 1493 940 cum
1526 878 1593 956 ejus
1624 879 1710 956 copia

351 987 480 1043 caream,
505 983 597 1046 cogor
620 965 703 1046 prius
727 983 766 1026 ex
788 963 832 1026 M.
857 963 892 1024 T.
918 964 1050 1034 discere,
1078 983 1118 1026 an
1141 964 1213 1026 talis
1240 963 1364 1045 scriptio
1386 965 1430 1028 eit
1459 968 1560 1029 lutura
1584 975 1710 1045 accepta

350 1065 383 1119 et
404 1057 553 1129 bouesta;
576 1053 634 1118 niel
658 1061 817 1133 pernoctet
838 1052 877 1114 D.
902 1052 1059 1132 Vihepeck
1083 1050 1207 1133 ejusque
1236 1053 1338 1115 famuli
1362 1055 1433 1116 ruibi
1456 1075 1533 1116 vasa
1556 1055 1711 1116 resolvant

350 1145 529 1225 copiamque
553 1143 678 1206 iaciant.

438 1231 602 1312 Negotium
623 1239 724 1294 autem
746 1229 953 1302 domesticum,
975 1228 1053 1308 quod
1073 1228 1144 1289 mihi
1164 1229 1281 1308 peperit
1301 1229 1356 1292 has
1378 1231 1569 1293 confusiones
1590 1231 1709 1305 (dicen-

351 1323 422 1390 ddrn
442 1319 529 1394 enim,
554 1328 588 1383 ut
609 1319 727 1381 abunde
746 1318 804 1380 sim
827 1319 1016 1391 excusatus),
1040 1318 1130 1396 plane
1154 1317 1340 1398 negotiosum
1361 1328 1417 1394 est,
1432 1328 1537 1400 utpote
1556 1319 1711 1383 muliebre.

351 1408 433 1482 Quid
466 1407 547 1472 euim
580 1407 734 1471 turbarum
760 1404 800 1470 15
825 1407 872 1468 vel
901 1402 938 1468 16
970 1405 1109 1468 mulieres
1132 1406 1171 1467 ad
1203 1425 1300 1468 meam
1333 1425 1510 1488 puerperam
1543 1409 1710 1478 vocandae,
1770 1439 1773 1447 ·

350 1497 489 1562 cubririo
510 1495 716 1577 excipiendae,
742 1493 935 1557 deducendae
950 1493 1016 1567 luc„
1037 1494 1107 1574 quid
1126 1495 1313 1574 negotiorum
1327 1515 1384 1558 nou
1405 1497 1588 1560 exhibeant?
1612 1495 1712 1560 Natus

353 1587 434 1650 enim
456 1585 530 1648 mibi
552 1585 630 1647 lilius
655 1581 685 1646 3.
710 1582 895 1656 Decembris,
921 1581 1092 1661 baptisatus
1116 1582 1232 1645 nudius.

438 1675 472 1737 Iu
496 1691 643 1757 praesens
662 1672 754 1752 igitur
776 1670 815 1732 D.
838 1669 996 1750 Vibepeck
1019 1671 1078 1733 tria
1101 1671 1191 1733 affert
1214 1671 1409 1752 exemplaria,
1434 1693 1523 1736 unum
1541 1692 1597 1754 pro
1618 1670 1710 1736 Sere-

354 1763 489 1838 nieeimn,
514 1769 611 1825 totum
632 1761 749 1823 album:
769 1759 813 1822 sic
830 1759 909 1821 enim
931 1767 962 1819 et
982 1777 1035 1838 prn
1056 1756 1210 1822 Caesarea
1225 1759 1389 1839 Majestate
1408 1762 1572 1834 adornavi;
1597 1761 1713 1843 reliqua

357 1853 416 1916 dulo
449 1853 560 1924 soluta,
594 1867 716 1930 quorum
749 1847 927 1934 eiectionem
950 1847 993 1910 Μ.
1019 1848 1054 1908 Τ.
1088 1849 1229 1912 concedo.
1276 1847 1329 1910 Sin
1360 1856 1459 1912 autem
1490 1850 1529 1912 D.
1555 1849 1712 1929 Vibepeelr

351 1943 476 2021 patitur,
500 1949 657 2018 utrumque
675 1945 741 2000 esto
760 1937 803 1998 M.
824 1937 917 1998 Tuae.
943 1935 1051 2016 Majori
1072 1937 1176 2010 forma,
1198 1937 1286 2018 quale
1304 1945 1354 1999 eet
1372 1937 1574 2012 Sereniseimi‚
1594 1947 1712 2000 tantum

356 2021 375 2110 i
402 2029 509 2100 babni,
537 2027 602 2106 jem
626 2027 790 2100 distractu,
823 2024 891 2086 miei
915 2025 994 2086 euim
1018 2033 1050 2086 et
1073 2024 1112 2086 ad
1134 2024 1331 2095 Archiducee‚
1364 2045 1430 2088 cum
1461 2037 1545 2089 esset
1568 2027 1607 2088 de
1638 2046 1714 2088 nova

353 2117 445 2181 stella
469 2115 668 2178 scribendum.

441 2203 555 2267 Addidi
580 2211 612 2266 et
635 2201 654 2266 3
679 2203 818 2282 exempla
847 2200 1000 2263 discursus
1031 2199 1148 2263 meida
1181 2220 1260 2263 nova
1287 2203 1389 2265 stella.
1437 2203 1482 2265 De
1507 2213 1612 2266 cetero
1638 2205 1714 2266 sciet

353 2294 397 2356 M.
423 2294 476 2367 T.‚
508 2292 629 2355 turbam
662 2293 815 2371 ingentem
848 2290 1011 2369 ingentium
1045 2290 1210 2369 gratiarum
1231 2291 1296 2370 jam
1327 2291 1442 2371 pridem
1475 2301 1626 2372 augustas
1659 2291 1714 2354 mei

353 2383 489 2464 pectoris
513 2380 652 2443 obsidere
675 2387 791 2460 portas,
816 2385 961 2458 tantaque
991 2377 1213 2459 compressione
1242 2381 1427 2460 eruptionem
1451 2381 1566 2456 moliri,
1592 2391 1630 2444 ut
1653 2383 1715 2462 ipsa

356 2470 446 2551 copia
468 2469 626 2532 claudatur
650 2469 769 2531 exitus:
794 2465 920 2547 gratias,
945 2465 1077 2548 inquam,
1103 2467 1188 2548 cupio
1203 2468 1247 2528 M.
1264 2468 1298 2528 T.
1322 2487 1422 2549 agere,
1448 2469 1527 2551 quod
1551 2469 1714 2532 etiamnum

356 2559 446 2622 durat
477 2556 745 2621 commendationis
777 2575 797 2617 a
828 2555 870 2618 M.
903 2556 938 2617 T.
970 2557 1112 2618 obtentae
1150 2557 1275 2618 effectus
1305 2565 1337 2618 et
1365 2557 1396 2618 in
1429 2557 1594 2620 utilitatem
1628 2559 1714 2640 plane

317 2699 322 2712 .
355 2647 528 2712 evidentem
550 2645 658 2714 evasit,
684 2646 754 2707 dom
773 2661 839 2706 eum
863 2644 1030 2724 opinionem
1055 2643 1228 2706 conciliarit
1251 2645 1390 2726 operibus
1410 2645 1494 2718 meis,
1519 2655 1554 2708 ut
1573 2665 1713 2709 remune·
1777 2701 1778 2719 ἢ

357 2737 475 2798 ratione
499 2734 591 2816 digua
614 2740 803 2796 censeantur.
850 2731 965 2793 Mentio
988 2732 1117 2795 nominis
1141 2733 1197 2794 Tui
1222 2731 1297 2814 Gap.
1319 2731 1350 2798 8.
1375 2753 1451 2814 pene
1475 2735 1611 2798 excidit:
1644 2754 1713 2814 sup-

353 2821 452 2904 pressi
474 2834 586 2898 tamen,
610 2823 681 2902 quia
704 2829 770 2883 erat
794 2828 900 2882 contre
928 2819 1116 2882 scribendum
1140 2823 1264 2900 etquis
1287 2841 1344 2884 non
1370 2823 1507 2902 quamvis
1531 2825 1714 2886 mentionem

355 2915 385 2975 in
410 2913 516 2993 quouis
541 2913 608 2974 loco
631 2919 662 2972 te
686 2928 781 2989 aequo
806 2909 904 2970 animo
929 2909 1005 2970 lerre
1030 2908 1180 2971 existimo.

443 3001 524 3063 Vale
547 2999 709 3077 Magnifice
733 2998 762 3058 ·V
765 2998 791 3058 ir
813 3015 919 3077 ineque
942 3015 1031 3077 porro
1055 2997 1296 3058 commendatum
1319 2997 1373 3059 tibi
1399 2998 1523 3061 habeas.

444 3089 562 3168 Pragae
597 3083 643 3148 10.
668 3085 742 3148 Dec.
779 3079 871 3147 1604.
918 3085 997 3148 Nob.
1029 3085 1071 3148 M.
1102 3085 1136 3148 T.
1169 3085 1338 3147 officiosius.
1369 3095 1401 3149 et
1429 3089 1714 3150 observantissimus

1337 3191 1480 3256 Jouuaee
1501 3193 1673 3278 Kepleme.

446 3349 495 3401 Die
523 3347 565 3400 22.
592 3348 650 3400 Jan.
681 3345 748 3398 leot
777 3355 908 3414 acceptum
936 3347 1010 3397 relert
1037 3345 1220 3397 Hervartns
1248 3347 1352 3398 librom:
1380 3351 1468 3401 deenen
1488 3351 1627 3404 Sebrelbeu
1654 3361 1716 3404 tamt

359 3422 431 3474 Bneb
449 3421 555 3472 habich
574 3421 732 3485 emplaugem
753 3419 843 3470 danaum
858 3419 939 3469 seiner
951 3417 1040 3466 Fllrstl.
1054 3417 1154 3468 Durcbl.
1173 3419 1218 3468 das
1230 3418 1302 3469 Buch
1314 3428 1380 3470 namt
1397 3423 1534 3476 munffirter
1551 3425 1715 3490 supplicatim
1774 3477 1775 3484 χ

357 3493 416 3542 oder
433 3492 532 3542 Remisu
550 3489 712 3557 untertbtnip
729 3491 887 3554 praesentim.
924 3489 972 3538 Die
991 3487 1072 3538 haben
1091 3503 1118 3538 es
1136 3503 1196 3554 geru
1215 3504 1386 3547 vernommen.
1406 3494 1432 3542 iu
1452 3493 1507 3543 dem
1525 3495 1601 3546 Duch
1618 3493 1715 3561 peiereu
1774 3501 1775 3504 ’

355 3563 407 3614 und
425 3561 596 3628 naebetllch
614 3561 702 3626 Tagen
730 3561 788 3610 dero
816 3559 894 3610 lbrstl.
914 3558 1077 3609 Holluammer
1103 3559 1230 3619 beroblen,
1259 3562 1315 3610 dem
1334 3559 1414 3612 Herm
1444 3561 1478 3612 12
1497 3565 1521 3613 fl.
1550 3567 1715 3616 annuordneu.

356 3633 411 3684 Dea
434 3631 507 3684 baett
525 3629 570 3682 ich
588 3631 644 3682 άοιιι
661 3631 743 3682 Herm
772 3631 932 3696 gercbriebeu
949 3629 1001 3680 und
1028 3629 1197 3688 uberrclu'clt.
1225 3645 1252 3680 so
1275 3632 1308 3680 lst
1326 3647 1352 3682 er
1376 3635 1436 3683 aber
1463 3634 1527 3685 noch
1544 3639 1585 3686 nit
1613 3636 1714 3701 erlolgt:

315 3743 318 3749 .
356 3703 518 3755 ubemebicke
536 3703 590 3754 lure
608 3701 731 3754 demnacb
749 3702 789 3752 die
809 3700 841 3752 12
860 3703 903 3761 ll.·‚
923 3715 950 3750 eo
970 3700 1010 3751 iob
1027 3699 1104 3751 sebon
1121 3703 1194 3750 veisa
1212 3702 1302 3753 wieder
1321 3717 1352 3752 nu
1370 3704 1496 3762 orbatae,
1523 3707 1578 3757 und
1595 3708 1644 3756 vill
1663 3707 1715 3756 dem

355 3775 445 3836 Herrn,
474 3790 548 3824 vanu
568 3773 612 3824 lch
631 3773 676 3824 das
694 3772 766 3822 Buch
784 3773 894 3837 palaseo,
922 3773 1007 3820 veiter
1025 3772 1105 3821 daron
1128 3770 1263 3822 schreiben.
1301 3772 1406 3824 Interim
1424 3791 1455 3824 au
1473 3777 1582 3836 melden.
1611 3777 1661 3828 bab
1678 3776 1715 3825 iob
1773 3781 1774 3824 l

356 3841 701 3910 obiterp.294(V111.2)
725 3842 844 3907 gelmon,
872 3843 930 3892 dass
949 3840 1152 3906 Llcbteubergius
1179 3849 1289 3907 tempore
1308 3841 1334 3893 S.
1355 3843 1457 3895 Martini
1486 3847 1562 3898 etlicb
1590 3847 1715 3899 nernbabe

355 3917 466 3982 Eelipeen
485 3915 639 3981 specificirte.
677 3913 735 3963 Nun
753 3915 786 3962 iet
803 3921 900 3978 tempus
918 3913 1001 3961 mortis
1020 3911 1046 3961 S.
1067 3911 1170 3962 Martini
1188 3927 1235 3978 gar
1252 3914 1337 3964 rtarck
1356 3917 1380 3964 in
1399 3913 1516 3967 bbebster
1535 3919 1713 3972 controversia:

355 3987 419 4038 bime
437 3985 560 4038 demanoln
577 3985 644 4036 mtcb
655 3999 687 4034 nu
699 3984 834 4045 berlcbten,
853 3997 905 4034 πυ
923 3981 1055 4048 elpentllcb
1069 3981 1272 4048 Debenterglm
1285 3999 1333 4034 rou
1350 3985 1436 4036 diesen
1450 3987 1589 4052 liclipribun
1607 3990 1715 4040 eobrelbe

358 4059 407 4108 und
425 4059 471 4108 mit
488 4071 540 4107 vae
559 4057 598 4106 litt
616 4055 780 4106 umunuen.
944 4067 948 4074 ·
1544 4071 1549 4076 ·
1772 4055 1773 4108 ζ

447 4127 555 4178 Sonsten
574 4127 634 4176 eber
651 4126 701 4177 hab
719 4126 760 4176 ich
779 4125 868 4176 etliche
882 4123 992 4186 Eelipaer
1011 4120 1168 4173 luminarium
1186 4126 1333 4188 suppetium,
1352 4126 1403 4176 und
1421 4133 1487 4178 vilre
1505 4131 1553 4178 mir
1570 4129 1630 4184 lieb.
1648 4143 1714 4180 'eun

357 4197 397 4247 leb
417 4197 481 4248 auch
500 4197 606 4249 anderer
632 4196 754 4247 calculum
774 4197 852 4246 daron
878 4195 960 4244 haben
985 4193 1035 4242 und
1053 4194 1098 4241 mit
1117 4193 1172 4242 deur
1200 4195 1325 4260 melnigeu
1354 4197 1492 4248 conieriren
1510 4199 1613 4250 kbunte.
1651 4201 1714 4249 Dicte

356 4267 633 4325 coenaculorum
650 4267 721 4317 nolle
739 4265 805 4316 mich
824 4264 965 4320 beriuhten.
994 4263 1047 4312 vell
1066 4262 1106 4313 lcb
1125 4263 1252 4322 rerrtehe,
1282 4265 1340 4315 daur
1359 4265 1393 4316 Er
1417 4267 1526 4319 selbsten
1547 4273 1622 4321 einen
1641 4269 1713 4320 tritb-

347 4339 473 4392 ,metleum
492 4344 519 4387 et
535 4336 742 4388 mathematicum
759 4338 800 4386 bel
817 4336 869 4386 und
886 4341 959 4384 unser
976 4333 1029 4383 lme
1046 4333 1099 4390 bet.
1119 4335 1151 4386 ob
1169 4335 1209 4384 ich
1226 4335 1266 4384 nit
1281 4336 1380 4387 mbcbte
1405 4337 1494 4389 effictus
1514 4341 1625 4391 monlon
1643 4341 1714 4402 eclip-
1771 4361 1772 4366 =

356 4409 420 4457 ulum
434 4421 465 4458 ex
476 4407 578 4458 Tabulis
591 4407 729 4458 i’rntenieie
745 4407 899 4458 bekummen.
926 4404 970 4455 Ich
981 4403 1054 4453 volte
1066 4419 1127 4469 geru
1140 4419 1182 4454 um
1198 4407 1271 4456 einen
1288 4407 1364 4468 jadau
1383 4408 1505 4461 curuum
1521 4412 1564 4462 ein
1581 4409 1714 4462 tenurae·

356 4476 482 4532 rerehren.
509 4478 625 4528 venich
652 4481 757 4532 retinete,
785 4491 837 4528 vas
856 4478 923 4527 einer
941 4475 981 4524 idr
1009 4475 1081 4524 einen
1109 4475 1231 4526 calculum
1251 4475 1314 4526 Solis
1337 4478 1389 4529 und
1406 4479 1497 4530 Lunae
1525 4479 1609 4534 baben
1627 4481 1713 4532 volita

358 4543 515 4597 Subliemilclu
532 4547 574 4598 bin
592 4547 632 4599 ich
650 4549 695 4598 mit
713 4545 857 4612 Verlangen
877 4545 1024 4598 ementend.
1044 4547 1089 4594 uie
1109 4559 1136 4593 ee
1154 4546 1199 4595 der
1210 4545 1275 4595 Herr
1291 4548 1337 4597 mit
1356 4547 1400 4598 der
1417 4541 1514 4601 theoria
1526 4549 1626 4610 Martia,
1644 4565 1713 4616 quem

358 4628 443 4664 omnes
461 4629 478 4664 a
494 4623 521 4666 te
540 4625 699 4680 expectamur
718 4623 745 4666 et
764 4624 885 4681 optamus,
903 4615 1010 4665 macheu
1028 4615 1110 4664 werde
1128 4615 1179 4665 uud
1196 4617 1243 4665 vie
1263 4631 1289 4666 es
1308 4616 1360 4667 ime
1380 4620 1477 4683 ergebe.
1506 4620 1584 4672 Danu
1603 4619 1648 4672 iob
1665 4621 1714 4669 Iure

358 4685 514 4748 tetenebrae
532 4685 623 4736 Dicunt
640 4701 671 4736 nn
689 4689 808 4736 metten
824 4685 895 4749 jeder
913 4685 970 4734 Zeit
987 4685 1061 4750 villlp
1078 4685 1130 4736 und
1148 4700 1214 4751 pann
1232 4688 1335 4752 geuetgt
1353 4689 1485 4740 rerblelbe.

447 4771 486 4820 nd
504 4771 568 4822 haee
587 4773 711 4835 respoudit
730 4773 909 4836 Keplerns:
