3566 5536
818 299 857 350 De
876 297 955 350 Stella
972 297 1044 351 Nora
1061 299 1212 365 Sarpentarii

708 477 787 534 Soles
808 477 932 532 occidere
953 483 984 532 et
1002 477 1091 534 radin
1111 484 1244 550 possunt:

706 559 792 614 Nobis
813 575 873 614 cum
894 560 980 614 semel
1001 559 1101 614 oooidit
1120 559 1211 614 brevis
1230 561 1291 625 lux,

706 639 771 694 Nox
790 645 836 696 est
854 646 993 711 perpetua
1010 656 1067 698 uns
1087 641 1254 696 domanda

417 745 474 816 ¹Me
496 761 568 806 vero
592 743 618 806 si
641 745 775 806 rationes
798 745 887 825 hujus
911 745 1081 808 sententiae
1105 745 1193 825 plane
1218 743 1470 824 constringerent,
1494 751 1602 806 umen
1629 739 1694 822 ipsa

335 834 442 914 religio
455 833 524 896 ,fait
547 832 777 895 exstimulatum
796 834 833 894 ad
849 834 943 896 nodos
958 835 1176 898 dissolvendos.
1215 834 1346 898 Primum
1365 833 1443 896 onim
1459 833 1539 896 male
1564 833 1695 903 viritnr3

335 923 441 1004 quodsi
466 922 554 985 simul
579 921 779 998 sihilariter,
804 941 933 1003 nequam
956 923 1095 992 hilaritas
1118 924 1159 986 sit
1182 932 1323 1002 oportet:
1353 940 1483 1003 nequam
1508 921 1606 1003 igitur
1629 921 1694 981 dis-

335 1012 464 1092 ciplina,
497 1029 572 1092 quae
598 1012 675 1074 hano
698 1011 885 1074 hilaritatem
918 1013 1030 1088 sancit,
1064 1021 1164 1082 tuetur
1195 1013 1427 1095 poppysmisque
1456 1012 1520 1074 suis
1551 1011 1693 1090 instigat.

334 1102 384 1164 Da
398 1102 480 1164 vitae
505 1100 711 1175 sanctitatem,
736 1102 815 1164 ratio
836 1101 938 1163 sobria
956 1103 1022 1176 erit,
1047 1109 1080 1164 et
1093 1110 1126 1164 ut
1141 1103 1260 1164 aberret
1283 1121 1395 1177 avero,
1420 1103 1531 1164 saltem
1550 1096 1692 1173 innocua,

335 1192 394 1253 imo
423 1191 565 1270 proficua.
613 1189 664 1253 Sic
694 1191 772 1252 enim
801 1199 833 1254 et
860 1189 1001 1254 Christus
1029 1191 1112 1254 Deus
1143 1199 1263 1272 gentem
1295 1211 1380 1254 snam
1411 1192 1544 1264 solatur,
1580 1199 1693 1250 metum

334 1279 538 1361 prodigiorum
570 1280 679 1354 demit,
711 1279 942 1342 sollicitudinem
967 1281 1004 1342 de
1027 1282 1180 1354 crastino,
1211 1299 1279 1343 earn
1309 1299 1386 1362 quae
1409 1299 1461 1343 cor
1487 1280 1571 1353 edit,
1605 1280 1694 1357 longe

335 1389 402 1432 esse
431 1369 535 1450 jubet;
566 1385 624 1431 nou
649 1369 728 1449 quod
758 1369 832 1432 nihil
865 1369 1020 1432 immineat
1050 1371 1195 1432 malornm
1228 1370 1387 1450 gentibus,
1420 1370 1474 1432 sed
1502 1367 1586 1450 quod
1610 1367 1693 1428 Deus

335 1457 538 1540 singularibus
559 1457 649 1521 rebus
669 1458 791 1521 intimus
812 1459 1001 1531 interveniat,
1026 1460 1089 1521 suis
1106 1459 1257 1540 praesidio
1277 1459 1326 1535 sit,
1352 1460 1536 1522 hilaritatem
1554 1459 1693 1539 ipsorum

335 1556 436 1623 amst3
468 1556 502 1610 at
524 1565 582 1609 aon
611 1546 736 1609 stultam
760 1548 855 1624 illam,
881 1567 957 1628 quas
975 1548 1010 1610 ,io
1035 1568 1067 1612 ss
1094 1549 1174 1629 ipsa,
1200 1549 1253 1610 ssd
1285 1567 1360 1630 quae
1383 1550 1413 1610 in
1436 1547 1502 1609 Deo
1532 1547 1692 1627 glorietur.

333 1640 424 1702 Illam
448 1635 526 1700 enirn
555 1637 763 1717 gloriationem
793 1637 928 1700 crastiua
960 1631 1092 1700 fortasse
1116 1637 1181 1700 dies
1204 1638 1234 1700 iu
1259 1639 1354 1700 furnos
1379 1645 1464 1718 aget,
1491 1637 1580 1698 *banc
1604 1653 1693 1697 nemo

334 1729 452 1790 soleret
475 1725 513 1788 ab
538 1728 592 1788 eis.
630 1726 747 1788 Deinde
770 1734 872 1788 movet
894 1745 942 1788 me
967 1734 997 1788 et
1020 1726 1077 1789 Dei
1095 1735 1265 1807 respectus.
1304 1729 1452 1790 Fatentur
1475 1743 1592 1798 ornnes,
1618 1743 1691 1804 per-

335 1817 435 1880 culsos
459 1832 526 1878 esse
551 1816 666 1877 animos
690 1815 841 1878 homiuum
864 1815 906 1878 rei
931 1833 1026 1878 novae
1050 1816 1079 1878 in
1104 1817 1187 1878 coelo
1212 1817 1352 1879 micantis
1376 1823 1522 1898 aspectu;
1547 1833 1643 1895 quam
1668 1813 1693 1874 si

334 1906 383 1967 rel
415 1925 504 1968 casos
527 1906 576 1967 vel
607 1913 714 1966 natura
744 1905 817 1966 tulit
839 1912 873 1966 ut
904 1912 1093 1980 nasceretur,
1128 1907 1234 1967 eadem
1266 1906 1358 1968 etiam
1390 1903 1460 1967 tulit
1489 1911 1627 1976 natura,
1663 1909 1694 1964 irt

334 1995 468 2058 homines
501 1994 531 2056 in
562 1995 607 2056 sni
641 1993 869 2056 admirationem
899 2003 1028 2074 raperet.
1076 1992 1137 2065 Qui
1167 2013 1238 2074 ergo
1271 1995 1368 2056 Deum
1398 1994 1498 2056 mundi
1533 2003 1693 2056 auctorem

334 2085 462 2153 latetur,
495 2101 561 2145 eum
592 2091 624 2145 et
655 2083 751 2144 totius
781 2093 907 2146 naturae
940 2085 1074 2146 ordinem
1098 2091 1130 2146 et
1159 2083 1260 2146 omnis
1289 2085 1353 2165 ejus
1386 2101 1478 2163 opera
1511 2082 1693 2164 singularia,

333 2173 472 2236 nimirum
496 2172 574 2234 hauc
598 2190 715 2254 qaoque
739 2173 859 2234 stellam
879 2182 1005 2254 atquae
1027 2173 1104 2244 hano
1128 2173 1321 2253 consequitur
1343 2172 1577 2235 admirationem
1593 2173 1692 2232 bomi-

333 2281 419 2334 num,
444 2261 540 2324 eidem
558 2259 624 2322 Deo
646 2261 866 2324 transscribat:
892 2262 1029 2342 equidem
1052 2263 1109 2324 boc
1132 2281 1189 2324 noa
1213 2270 1337 2334 metuet,
1363 2271 1396 2324 ut
1418 2262 1501 2322 Dens
1526 2261 1581 2322 ille
1606 2261 1693 2341 liujus

332 2350 461 2433 prodigii
484 2351 541 2412 boc
564 2350 652 2412 modo
676 2352 859 2434 constitutus
891 2360 996 2414 auctor
1026 2352 1175 2414 irascatur
1202 2351 1270 2414 huic
1298 2351 1448 2416 bominum
1481 2349 1692 2412 admirationi.

334 2439 394 2518 Qui
417 2457 489 2502 vero
512 2440 561 2501 vel
584 2439 680 2501 Deum
705 2457 821 2502 omnem
844 2449 937 2520 negat
966 2459 1032 2502 coru
1056 2441 1207 2521 Diagora,
1232 2443 1280 2502 rel
1304 2440 1400 2519 ipsum
1424 2441 1567 2502 mundum
1595 2441 1693 2502 Deum

336 2530 411 2592 facit
442 2547 508 2592 curn
531 2528 762 2610 Pythagoraeis
794 2529 948 2591 veteribus
982 2531 1031 2591 vel
1062 2549 1129 2592 oum
1166 2531 1231 2610 ipso
1264 2528 1410 2611 Epicuro,
1451 2547 1554 2590 euram
1594 2548 1693 2590 rerum

334 2627 502 2682 nostrarum
526 2618 565 2680 ab
588 2637 623 2680 eo
647 2619 765 2680 aufert:
795 2619 845 2681 ille
868 2620 961 2680 multo
989 2619 1086 2681 minus
1110 2639 1220 2682 causae
1244 2618 1381 2694 habebit,
1410 2637 1463 2680 cur
1486 2615 1631 2680 homines
1658 2619 1695 2680 ab

333 2707 389 2772 hae
412 2707 557 2771 novitatis
582 2706 780 2770 admiratione
804 2708 987 2771 dehortetur.
1026 2709 1133 2788 Itaque
1156 2717 1270 2771 certum
1289 2715 1367 2784 esto,
1391 2727 1449 2770 non
1465 2707 1579 2773 offendi
1595 2709 1695 2770 Deum

333 2799 536 2860 celebratione
555 2797 634 2859 tanti
653 2797 792 2878 prodigii.
830 2796 873 2858 At
890 2797 1025 2860 vicissim
1047 2805 1144 2860 metus
1167 2797 1282 2876 ingens,
1308 2815 1345 2859 ne
1366 2797 1492 2859 forsitan
1517 2797 1695 2860 offendatur

332 2888 415 2950 Deus
439 2886 574 2967 ejusdem
598 2887 828 2948 extenuatione:
854 2905 994 2967 quorsum
1016 2887 1097 2949 viam
1121 2869 1338 2949 affectat'haeo
1361 2885 1514 2949 sententia
1536 2905 1596 2967 per
1621 2907 1693 2948 suos

332 2985 518 3062 tesserarum
548 2975 662 3057 jactus.
715 2975 783 3038 Non
819 2995 884 3039 sum
917 2975 1058 3056 delapsum
1091 2994 1129 3038 ex
1161 2976 1284 3038 oonsilio
1319 2977 1450 3038 Deorum
1474 2971 1540 3037 'neo
1573 2985 1693 3038 certum

333 3067 465 3141 affirm03
489 3066 542 3128 sed
561 3073 661 3128 tamen
682 3065 752 3144 quid
767 3063 792 3126 si
806 3084 865 3128 nou
880 3084 978 3128 rernm
996 3073 1106 3128 natura
1119 3065 1233 3140 tulerit,
1257 3073 1290 3128 ut
1307 3066 1365 3127 hoo
1383 3065 1466 3128 sidus
1488 3065 1693 3128 nasceretur?

334 3151 413 3226 Quid
431 3155 463 3216 ai
476 3155 559 3218 Deus
583 3173 622 3218 ex
644 3153 797 3216 destinato
821 3161 908 3217 extra
927 3155 1061 3218 ordinem
1082 3155 1226 3235 peculiari
1241 3154 1375 3218 'consilio
1399 3163 1489 3234 capto
1508 3155 1692 3218 miraculum

333 3244 389 3305 hoo
413 3244 562 3322 bominum
585 3244 678 3306 oculis
703 3243 890 3324 exposuerit,
914 3244 993 3307 huuc
1014 3263 1117 3306 eorum
1141 3245 1304 3306 attonitum
1326 3251 1478 3324 stuporem
1502 3244 1694 3324 quaesiverit
1758 3295 1759 3310 .

334 3333 437 3394 dedita
468 3331 584 3411 opera?
615 3331 731 3394 seilicet
753 3339 787 3394 ut
815 3351 867 3395 eos
895 3333 1094 3396 admoueret?
1126 3331 1206 3404 Quid
1237 3343 1308 3396 tuac
1331 3334 1357 3394 ei
1387 3333 1520 3396 dicturus
1554 3333 1638 3406 sim,
1669 3333 1694 3393 ai

335 3439 412 3503 quae
435 3421 501 3502 ipse
525 3439 636 3500 magua
657 3421 753 3483 videri
775 3422 870 3484 voluit
894 3441 949 3503 ego
973 3430 1151 3485 extenuem:
1177 3421 1320 3497 nimirums
1346 3422 1467 3504 siquae
1490 3429 1563 3484 sunt
1589 3423 1620 3484 iu
1638 3423 1694 3484 boa

337 3511 435 3573 sidere
469 3510 662 3585 admiranda,
695 3511 735 3572 ad
766 3527 869 3574 casum
898 3511 1074 3575 retulerim?
1106 3513 1185 3574 Nam
1217 3512 1275 3576 etsi
1304 3530 1357 3592 per
1387 3511 1549 3593 superiora
1575 3511 1695 3592 aliquot

333 3600 436 3680 capita
463 3599 520 3662 hoc
549 3600 614 3680 egi,
648 3607 682 3662 ut
704 3599 823 3662 modum
855 3601 1036 3672 invenirem,
1067 3619 1124 3682 quo
1152 3608 1260 3664 natura
1288 3601 1356 3680 ipsa
1383 3603 1485 3663 ederet
1515 3599 1694 3680 hujusmodi

335 3691 455 3753 sidera:
488 3697 661 3752 testamen
685 3688 946 3754 adDeumrodit
973 3700 1099 3753 naturae
1132 3699 1303 3765 auctorem;
1337 3699 1369 3752 et
1390 3690 1456 3771 ipso
1486 3689 1600 3752 sideris
1623 3701 1694 3752 ortu

332 3789 459 3844 naturae
490 3777 658 3842 ordinariae
681 3780 897 3858 transscripta,
929 3779 1153 3861 relinquebatur
1175 3787 1276 3842 tamen
1306 3781 1390 3842 lo‘ons
1412 3781 1478 3841 Deo
1501 3779 1532 3841 iu
1561 3780 1694 3841 conciu-

333 3870 442 3932 naudis
474 3869 533 3932 loci
561 3877 594 3932 et
623 3868 768 3949 temporis
801 3868 1046 3932 circumstantiis.
1093 3867 1193 3932 Casus
1226 3887 1297 3930 vero
1327 3868 1398 3950 quid
1428 3867 1500 3930 est?
1538 3867 1694 3932 Nimirum

333 3956 444 4022 idolum
468 3967 516 4020 est
538 3958 837 4022 detestabilissimum
861 3968 892 4020 st
916 3945 988 4021 nihii
1012 3959 1092 4020 aliud
1117 3959 1173 4020 nisi
1197 3957 1380 4020 contumelia
1402 3956 1508 4019 summi
1532 3965 1565 4019 et
1591 3959 1692 4020 emni-

333 4048 468 4130 potentis
491 4049 562 4122 Dei,
592 4056 624 4110 st
648 4067 735 4130 quem
757 4047 807 4108 iiie
831 4048 978 4123 condidit,
1003 4048 1105 4111 mundi
1129 4046 1354 4122 absolutissimi,
1380 4047 1427 4109 cui
1450 4053 1551 4108 motus
1579 4065 1693 4108 caecus

336 4145 368 4200 et
390 4139 567 4200 temerarius
591 4146 640 4200 est
662 4157 715 4218 pro
739 4136 855 4212 anima,
881 4139 973 4200 chaos
1001 4136 1145 4201 infinitum
1169 4155 1223 4217 pro
1247 4153 1380 4216 corpore.
1427 4135 1503 4198 Huic
1527 4145 1559 4197 et
1583 4145 1691 4197 aeter-

335 4226 417 4290 nitas
441 4235 472 4289 et
494 4227 712 4307 omnipotentia
727 4235 759 4288 et
772 4227 872 4288 mundi
896 4224 1019 4302 creatio,
1044 4227 1102 4287 Dei
1123 4226 1255 4309 propria,
1279 4224 1538 4288 transscribantur
1560 4226 1692 4287 nefarie.

425 4316 493 4396 Age
525 4317 636 4395 igitur,
674 4315 862 4396 experiamur
893 4316 923 4378 iu
957 4316 1046 4396 bajus
1079 4316 1249 4378 sententiae
1286 4315 1462 4378 rationibus.
1513 4315 1630 4376 Demus
1666 4313 1694 4376 ei

337 4406 550 4469 aeternitatem
572 4413 603 4466 et
626 4424 701 4486 quae
730 4405 792 4468 alia
823 4403 948 4485 requirit
975 4407 1014 4467 ad
1042 4423 1113 4467 suos
1131 4409 1329 4468 tesserarum
1354 4405 1467 4486 jactus.
1514 4403 1597 4465 Num
1619 4403 1691 4465 ideo

338 4495 471 4558 effecerit
493 4494 612 4556 omnia?
643 4495 712 4558 Non
742 4495 839 4556 dicam
866 4494 954 4565 illud,
987 4493 1061 4556 nihil
1085 4513 1122 4557 ex
1144 4495 1275 4556 inanimo
1308 4511 1381 4555 casu
1409 4493 1575 4556 animatum
1605 4493 1692 4566 lieri:

339 4603 433 4667 neque
455 4584 542 4659 illud,
576 4601 614 4646 ex
636 4582 727 4646 simili
749 4583 846 4645 simile
870 4602 942 4645 casu
965 4601 1151 4664 nequaquam
1174 4583 1259 4646 nasci
1279 4600 1387 4663 posse:
1420 4601 1491 4644 nam
1513 4581 1591 4644 haec
1613 4582 1691 4644 nibil

340 4673 379 4734 sd
400 4682 536 4735 nostrum
557 4671 649 4735 sidus.
695 4673 754 4736 Illa
777 4691 908 4748 sumam,
938 4669 967 4756 ip
991 4673 1098 4752 quibus
1125 4671 1254 4736 maxime
1278 4691 1365 4735 ossus
1394 4669 1540 4734 dominari
1569 4671 1692 4734 intelli-

340 4759 428 4838 gitur,
452 4763 650 4841 geometricas
664 4761 775 4843 figuras
793 4779 989 4840 numerosque
1006 4761 1239 4826 innumerabiles
1253 4769 1285 4825 et
1297 4759 1466 4842 projectilia
1488 4761 1690 4824 multilatera

340 4845 423 4910 Dicit
444 4848 534 4932 igitur
556 4850 631 4913 haee
660 4847 824 4928 sententia,
848 4850 876 4912 si
895 4851 995 4931 jactus
1017 4849 1125 4915 infiniti
1147 4852 1221 4914 liant
1241 4850 1311 4914 iude
1335 4851 1374 4913 ab
1397 4859 1537 4927 aetem,
1559 4869 1691 4914 necesse
