3652 5532
750 282 833 350 ceput
849 283 942 337 xxm.
1455 285 1519 356 697

173 469 295 525 neretur
317 479 354 524 an
370 459 481 542 aliquid
497 461 534 524 de
548 459 619 524 Sole
643 469 825 543 superesset,
850 481 916 526 curn
930 481 963 525 re
976 481 1049 525 vera
1063 461 1175 542 aliquid
1190 463 1372 543 superfuerit
1389 464 1519 530 circum-

173 549 263 616 ciroa.
311 547 426 616 Couum
449 550 556 633 quippe
589 550 711 614 umbrae
734 551 864 616 Lunaris
897 551 1023 615 desiisse
1054 551 1191 632 praecise
1214 551 1243 614 iu
1266 553 1332 631 ipso
1356 555 1441 618 oculu
1465 564 1518 621 aut

171 640 262 720 paulo
285 639 377 706 etiam
401 647 481 716 aute,
507 648 540 705 ut
563 640 589 702 ei
612 640 715 704 oculus
743 641 933 704 observantis
962 642 1071 704 luisset
1093 640 1123 703 in
1146 662 1183 720 q:
1215 641 1315 722 itaque
1339 643 1444 706 statim
1468 646 1518 708 ubi

173 727 239 808 quis
271 729 430 820 vestigium
455 731 493 794 ed
525 731 623 792 latera
644 734 679 804 d,
703 753 720 792 κ
747 731 920 812 protulerit,
946 751 985 793 ex
1007 731 1110 793 umbra
1133 731 1237 792 Lunae
1260 730 1289 791 iu
1316 731 1412 794 lumen
1436 733 1517 796 Solis

173 817 409 900 venissentque
429 818 496 883 hinc
514 819 669 882 exstitisse
689 819 770 882 illurn
784 819 973 901 splendorem
992 820 1235 884 circumdantem.
1274 821 1347 882 Tale
1367 823 1517 904 quippiam

173 904 233 968 dici
255 908 362 987 possit,
388 909 442 970 sed
465 908 565 991 inepte
589 908 615 970 si
637 907 713 971 bene
741 910 920 989 perpendas.
966 910 1046 972 Nam
1069 907 1172 970 Solem
1199 917 1294 971 totum
1324 919 1437 974 tectum
1458 931 1517 974 non
1555 907 1559 912 ’

173 995 248 1058 vidit
271 1015 347 1060 unus
371 996 493 1078 aliquis,
527 998 581 1060 sed
604 1005 672 1060 tota
694 997 839 1078 Neapolis
863 1005 895 1059 et
916 998 1019 1077 procul
1050 997 1138 1061 dubio
1169 999 1233 1061 lata
1266 997 1383 1062 vicinia.
1430 1000 1517 1063 Luna

172 1085 279 1166 quippe
303 1085 418 1167 aliquot
440 1086 588 1166 scrupulis
611 1087 667 1148 mit
689 1087 783 1168 major
806 1085 891 1161 Sole,
920 1094 956 1150 ut
979 1094 1109 1150 testatur
1132 1088 1303 1167 Anglicuua
1331 1089 1515 1166 observatio,

132 1226 136 1246 ,
171 1175 281 1253 partim
306 1184 338 1237 et
359 1194 448 1251 mea3
473 1175 695 1239 consentientes
719 1195 784 1240 cnm
807 1176 1003 1257 problematis
1026 1194 1157 1240 meorum
1181 1176 1367 1256 Opticornm.
1405 1179 1515 1260 Itaque

170 1263 249 1344 linge
272 1263 431 1328 luminaria
453 1265 541 1346 plane
564 1264 594 1328 in
617 1265 731 1348 vertice
760 1265 867 1341 inisse,
897 1283 954 1346 quo
983 1266 1048 1327 loco
1072 1265 1310 1346 digredientibus
1339 1285 1396 1328 uno
1419 1269 1515 1346 gradu

170 1372 191 1414 a
204 1353 269 1416 loco
290 1353 426 1434 pristino,
448 1363 481 1416 ut
499 1355 634 1418 ostendit
647 1373 714 1416 mea
732 1352 937 1436 parallactica,
961 1355 1049 1416 Luna
1067 1363 1165 1416 mutat
1184 1356 1280 1417 locum
1298 1351 1353 1434 pei
1371 1354 1516 1419 minutum

170 1461 271 1506 unum.
315 1443 423 1524 Itaque
444 1443 470 1505 si
489 1443 604 1506 duobus
627 1443 749 1507 minutis
772 1444 957 1506 excessisset
969 1443 1057 1506 Luna
1070 1442 1191 1506 Solem:
1217 1444 1340 1507 duorum
1360 1447 1514 1525 graduum,

170 1531 226 1594 boc
249 1540 299 1594 est
329 1529 582 1603 leoministiam
613 1533 787 1596 Italicorum
815 1532 878 1595 lata
908 1534 1007 1595 lutura
1034 1533 1092 1594 init
1113 1533 1227 1596 umbra.
1274 1533 1342 1595 Jam
1368 1527 1437 1596 ve'ro
1461 1534 1514 1596 Sul

171 1615 232 1682 50⁰
255 1622 383 1701 amplius
417 1621 515 1685 abfuit
538 1623 703 1686 avertice.
749 1621 791 1684 Et
812 1621 852 1684 ibi
876 1621 947 1697 loci,
979 1622 1177 1702 parallactica
1209 1621 1315 1684 eadem
1347 1622 1453 1692 iudice.
1477 1620 1515 1687 3⁰

169 1727 346 1790 progressus
378 1710 551 1792 requiritur,
586 1712 679 1774 donee
710 1729 764 1792 per
786 1709 818 1774 2¹
846 1712 933 1774 Luna
965 1711 1064 1774 locum
1095 1720 1266 1774 commutet.
1313 1711 1348 1774 Si
1371 1709 1403 1775 3¹
1427 1714 1515 1776 Luna

169 1799 304 1862 excessit
325 1798 436 1875 Solem,
461 1796 500 1865 4⁰
523 1800 652 1881 amplius
675 1801 740 1864 lata
763 1799 820 1862 fuit
834 1800 948 1863 -umbra
968 1821 1014 1875 ra,
1039 1800 1178 1863 milliaria
1201 1800 1316 1863 scilicet
1331 1800 1513 1866 Germanica

170 1882 223 1960 60,
245 1887 356 1952 Italica
370 1884 445 1952 240.
481 1890 589 1970 Itaque
612 1890 639 1953 si
657 1890 762 1953 umbra
775 1890 903 1971 Neapoli
927 1889 1005 1969 apud
1022 1912 1037 1951 a
1054 1888 1176 1971 incepit,
1201 1890 1267 1952 linis
1291 1891 1369 1952 alter
1392 1891 1513 1953 umbrae

169 1977 198 2040 in
220 1977 348 2040 mediam
372 1977 520 2053 Siciliam,
550 1979 691 2060 quaesit
713 1978 779 2059 jam
801 1980 880 2059 apud
903 2003 928 2054 ι,
957 1975 1171 2058 penetraverit.
1217 1977 1319 2050 Quare
1344 1982 1426 2043 locus
1449 1981 1510 2054 ille,

168 2065 296 2130 materia
325 2067 395 2145 illa,
427 2068 458 2130 iu
482 2087 541 2149 qna
572 2069 704 2132 inhaesit
725 2068 774 2130 hic
803 2067 945 2150 splendor
967 2065 1048 2130 Solis
1072 2069 1189 2131 Lunam
1221 2069 1349 2148 undique
1379 2069 1513 2150 proxima

167 2155 364 2232 circumdans,
389 2175 576 2238 nequaquam
599 2157 656 2220 luit
678 2157 807 2228 humilis,
831 2175 1018 2238 nequaquam
1041 2157 1080 2218 ad
1104 2157 1190 2220 nulus
1219 2157 1356 2220 milliaris
1381 2157 1512 2220 Germa-

166 2244 224 2306 nici
249 2245 452 2322 altitudinem,
486 2247 586 2309 Terris
608 2247 638 2308 in
661 2269 692 2308 aa
714 2247 915 2329 propinquus:
950 2253 1051 2308 adrem
1079 2247 1156 2308 enim
1180 2267 1199 2308 a
1221 2247 1384 2308 meridiano
1418 2247 1512 2310 latere

165 2334 295 2398 Luuoris
327 2336 448 2398 umbrae
479 2343 630 2411 stantem,
654 2357 674 2398 a
695 2357 713 2398 a
734 2355 839 2399 versus
862 2345 914 2412 μ,’
934 2335 982 2420 qni
1007 2335 1089 2398 fuere
1111 2335 1241 2416 Neapoli
1271 2337 1350 2418 apud
1374 2359 1387 2398 e
1411 2337 1512 2400 videre

165 2442 353 2505 nequaqnam
378 2432 528 2506 poterant,
551 2444 617 2489 cum
641 2425 763 2488 Siciliae
787 2425 948 2488 verticibus
972 2431 1004 2486 et
1026 2425 1091 2488 loco
1114 2449 1124 2486 ι
1147 2425 1315 2488 immineret
1337 2435 1368 2487 et
1391 2426 1510 2489 humilis

164 2512 215 2589 sit,
240 2513 284 2576 uti
303 2513 369 2594 jam
392 2515 514 2578 dictum.
561 2513 678 2586 Quodsi
701 2514 830 2578 maxime
854 2514 915 2577 tale
938 2513 1009 2595 quid
1038 2522 1298 2594 repraesentasset
1321 2521 1374 2576 abr
1396 2515 1511 2578 vicinus

164 2601 272 2666 nobis:
304 2611 566 2683 repraesentasset
588 2605 619 2666 id
641 2621 700 2666 nou
728 2603 838 2684 integri
865 2603 968 2666 circuli
1001 2603 1097 2666 turma
1124 2602 1204 2665 circa
1226 2603 1359 2676 Lunam,
1394 2604 1447 2666 sed
1472 2605 1510 2666 ab

165 2709 202 2754 ea
225 2692 292 2755 sola
314 2702 402 2773 parte
417 2693 529 2769 Lunae,
555 2713 574 2756 a
597 2713 655 2776 qua
668 2702 754 2775 parte
778 2693 900 2755 umbrae
919 2691 1059 2754 stetisset
1076 2691 1263 2755 observator.
1289 2691 1353 2766 (Sit
1368 2715 1401 2754 n
1423 2711 1508 2755 corn-

163 2781 263 2843 munie
286 2782 382 2844 sectio
405 2782 527 2846 umbrae
551 2801 617 2846 cum
641 2789 722 2856 abre,
747 2792 778 2844 et
792 2790 895 2863 partes
917 2780 947 2842 iu
962 2783 1008 2858 tp
1030 2781 1200 2844 illustratae
1214 2802 1234 2843 a
1247 2779 1330 2843 Sole.
1360 2781 1510 2862 Splendor

164 2869 256 2950 igitur
279 2869 408 2950 partium
430 2874 471 2934 el
493 2872 575 2936 visus
600 2872 707 2935 inisset
730 2871 906 2952 apartibus
930 2871 1034 2932 Lunae
1058 2871 1087 2932 iu
1111 2866 1152 2945 ζ.)
1198 2871 1263 2933 Aut
1284 2870 1414 2932 vidisset
1437 2889 1510 2935 saue

164 2959 355 3040 splendorem
380 2959 563 3036 circularem,
588 2962 643 3026 sed
667 2961 860 3034 latissimum,
884 2959 1012 3040 Neapoli
1045 2960 1178 3041 quidem,
1213 2979 1319 3040 nempe
1343 2979 1380 3022 ex
1404 2983 1436 3035 a,
1461 2961 1511 3023 vel

163 3048 324 3112 luminaria
346 3049 478 3129 proxime
505 3051 720 3132 attingentem,
745 3050 815 3131 quia
836 3045 887 3128 eid
909 3049 939 3111 iu
964 3049 1068 3111 eadem
1092 3058 1175 3112 recta
1204 3059 1274 3112 sunt
1297 3068 1367 3112 exe
1391 3050 1509 3125 educta,

162 3139 213 3202 uel
236 3137 346 3204 etiam·
362 3140 459 3219 megia
482 3141 521 3203 ad
554 3140 790 3221 septentrionem
820 3138 986 3214 elevatum,
1019 3137 1046 3200 si
1069 3138 1153 3200 locus
1180 3139 1219 3200 ab
1243 3161 1256 3200 a
1283 3138 1458 3219 profundius
1481 3137 1510 3200 iu

162 3230 269 3292 umbra
291 3228 353 3291 sit:
378 3227 417 3290 ab
440 3237 524 3294 ortus
547 3248 617 3292 vero
641 3247 824 3310 occasusque
847 3227 946 3310 plagis
963 3227 1121 3290 dilatatum
1145 3227 1302 3304 latissime,
1329 3229 1509 3310 tandemque

161 3317 348 3381 meridionali
378 3327 465 3398 parte
496 3339 563 3381 sese
601 3318 776 3398 longissime
815 3337 907 3398 usque
939 3316 968 3378 iu
1000 3341 1036 3394 ep
1065 3316 1199 3380 Siciliam
1231 3337 1247 3379 e
1281 3327 1444 3398 conspectu
1476 3339 1511 3380 ee

96 3445 101 3454 ·
160 3407 307 3487 Neapolis
330 3411 535 3470 auferentem:
560 3417 592 3470 et
614 3408 670 3471 hoc
691 3416 815 3488 propter
837 3405 1037 3470 humilitatem
1061 3407 1150 3494 atris.
1196 3407 1305 3470 Partes
1330 3407 1407 3470 cuim
1430 3407 1510 3470 abris

163 3495 339 3576 splendidae
362 3517 406 3572 pe
428 3516 467 3558 ex
489 3519 504 3558 a
527 3497 700 3576 longissime
724 3497 803 3558 infra
826 3496 942 3558 Lunam
974 3505 1176 3563 censerentur.
1223 3493 1338 3568 Quodsi
1371 3496 1508 3572 materia,

165 3603 242 3666 quaa
273 3585 463 3668 splendorem
492 3585 574 3649 Solis
607 3585 742 3666 excepit,
772 3583 815 3648 20
843 3583 1074 3648 semidiametris
1106 3586 1217 3649 Terrae
1250 3585 1358 3648 fuisset
1390 3587 1518 3659 elavata,

163 3691 255 3754 supra
278 3674 412 3749 Terram,
435 3676 528 3738 tertia
550 3685 636 3758 parte
660 3675 823 3738 distantiae
842 3675 970 3738 Lunaris
995 3674 1054 3739 sibi
1075 3674 1229 3738 vindicata
1252 3675 1327 3748 (etsi
1350 3673 1442 3736 etiam
1465 3675 1509 3738 sic

158 3763 222 3844 jem
240 3761 270 3824 iu
284 3761 407 3826 aethere
426 3766 559 3840 sumus):
584 3765 712 3828 circulus
726 3764 815 3846 hujus
830 3764 963 3844 fuliginis
986 3765 1145 3845 splendore
1167 3762 1299 3827 inclusae
1318 3766 1509 3844 apparuisset

163 3845 204 3916 3⁰
226 3853 289 3914 l'ere
313 3850 471 3930 diametro,
495 3854 574 3918 etin
594 3855 659 3935 ejus
681 3855 837 3936 complexu
851 3845 1030 3916 Luna'Ita
1045 3871 1101 3934 qno
1122 3853 1268 3929 humilior,
1293 3851 1349 3913 boc
1367 3851 1508 3932 ampliur;

162 3959 220 4023 qno
245 3957 315 4002 vero
339 3941 440 4016 altior,
462 3943 518 4006 hoe
548 3945 661 4018 minor,
692 3945 749 4006 hoc
770 3943 897 4006 vicinior
919 3944 1023 4005 Lunae
1055 3941 1269 4022 magnitudine.
1317 3939 1392 4005 Cum
1415 3939 1507 4022 igitur

162 4029 257 4110 fuligo
281 4030 356 4093 hacc
379 4051 438 4094 uon
461 4033 568 4114 majori
600 4033 772 4114 apparuerit
803 4033 948 4095 diametro
977 4050 1066 4114 quam
1087 4031 1155 4112 ipsa
1176 4031 1277 4106 Luna,
1301 4049 1424 4094 necesse
1448 4037 1506 4106 est,

160 4117 334 4194 materiam,
368 4139 427 4202 qua
454 4123 595 4202 splendor
624 4123 672 4185 hic
700 4121 781 4186 Solis
812 4129 972 4203 exceptus,
1005 4121 1097 4184 fnisse
1125 4139 1309 4202 nequaquam
1337 4120 1507 4184 inferiorem

160 4210 261 4286 Luna,
294 4209 350 4272 sed
381 4218 434 4273 unt
455 4212 559 4275 Lunae
583 4211 612 4275 in
635 4210 674 4286 ξο
702 4220 754 4274 aut
777 4209 842 4274 Soli
873 4210 931 4291 ipsi
959 4211 987 4272 in
1012 4231 1055 4290 ρσ
1083 4208 1308 4285 circumfusam
1339 4220 1393 4273 aut
1424 4220 1505 4272 certe

7 4279 8 4314 ³
42 4336 54 4360 ι
160 4299 294 4380 utrisque
318 4300 513 4364 luminaribus
535 4303 713 4364 interfusam
736 4309 769 4362 et
790 4299 886 4363 sicin
910 4299 1040 4363 aethere.

247 4388 296 4452 Ex
319 4389 481 4452 Flaudrica
503 4391 649 4453 relatione
677 4389 856 4454 luculentius
879 4389 957 4452 idem
984 4385 1172 4469 probabitur,
1202 4407 1259 4450 nou
1287 4387 1381 4450 fuisse
1405 4393 1505 4451 adrem

160 4477 249 4540 uobis
270 4478 415 4554 ricinum,
439 4478 489 4561 qui
513 4497 581 4542 sese
604 4480 757 4561 splendori
780 4479 864 4542 Sulis
886 4478 917 4539 in
940 4477 1042 4540 circuli
1070 4477 1166 4538 sonna
1193 4476 1505 4559 subjecithuaoque

163 4567 292 4646 speciem
320 4566 525 4632 circumdedit.
571 4569 617 4633 lbi
641 4569 698 4632 loci
729 4569 838 4652 quippe
861 4567 917 4630 Sol
939 4585 998 4628 nou
1024 4573 1108 4628 totus
1139 4565 1355 4630 occultabatur.
1403 4567 1453 4632 Sit
1474 4569 1506 4632 in

163 4655 314 4720 schemate
336 4681 355 4718 n
375 4659 539 4734 Flaudria;
564 4659 706 4720 connexis
728 4655 766 4730 νζ
785 4655 880 4738 siguis
903 4656 1047 4736 producta
1071 4655 1152 4717 linea
1174 4657 1257 4719 cadit
1278 4657 1309 4719 iu
1330 4679 1353 4737 y.
1395 4657 1504 4722 Adhuc

162 4743 253 4823 igitur
275 4747 306 4809 iu
328 4769 348 4808 o
369 4747 491 4810 lucebat
512 4745 652 4828 quicquid
675 4746 731 4809 fuit
754 4747 832 4853 iuper
854 4746 896 4826 γβ.
944 4745 1167 4809 connectantur
1190 4754 1222 4808 et
1243 4751 1318 4823 o,·b
1338 4756 1450 4829 puncta
1473 4757 1505 4810 et

163 4832 240 4915 ipsis
261 4831 306 4910 νζ,
328 4841 365 4897 od
387 4836 551 4898 educantur
580 4835 679 4898 sociae
701 4857 773 4912 ooo,
796 4831 867 4916 rip:
899 4833 997 4918 sitque
1021 4831 1076 4909 δνζ
1094 4835 1211 4917 species
1233 4836 1293 4900 atri
1316 4837 1409 4903 disci:
1441 4837 1503 4904 cir-
