3694 5528
730 272 974 324 xxxvii-xum.
1390 301 1399 316 »
1466 269 1530 338 535

181 451 223 512 ΙΡ
246 450 314 531 (per
336 451 452 519 vm).
498 451 593 532 Atqui
616 450 686 514 LlO
711 449 845 528 aequalis
869 456 917 512 est
940 448 997 530 ipsi
1021 448 1110 516 NIH,
1144 448 1213 528 quia
1237 447 1299 522 AI,
1323 448 1365 510 IP
1388 445 1531 552 aequales

182 547 213 600 et
235 536 342 600 ΗΙΟ
334 539 392 619 rpsi
414 539 471 602 ΑΡ
491 540 665 619 parallelus.
711 538 874 600 Retractus
897 539 989 616 igitur
1016 536 1096 598 intra
1122 553 1230 616 eorpus
1259 536 1386 599 densum
1407 539 1532 600 veniens

182 617 324 690 incidet
316 647 346 688 m
370 646 507 688 aversam
521 629 586 708 ejus
610 628 795 710 superficiem
808 625 886 688 KIG
904 627 1004 704 (cujus
1027 624 1280 706 perpendicularis
1299 645 1352 707 per
1366 627 1381 686 I
1396 635 1444 687 est
1459 627 1531 700 AL)

183 714 291 794 angulo
316 716 365 796 qui
388 716 479 779 tertia
505 723 592 796 parte
620 717 717 795 major
744 725 792 776 est
815 734 904 796 quam
925 712 1007 775 LlO.
1054 713 1192 774 Habet'
1184 713 1241 792 igit
1242 733 1276 774 ur
1305 715 1453 776 refractus
1481 715 1531 776 ille

183 804 265 866 iutra
279 822 385 884 corpus
407 805 541 886 crystalli
565 803 790 867 inclinationis
782 824 811 865 ru
828 821 935 883 aversa
952 802 1106 882 superficie
1124 809 1229 882 partes
1245 809 1383 882 quatuor.
1419 802 1534 864 Exiens

183 911 253 952 vero
276 909 330 972 per
353 893 369 953 I
392 891 572 954 insliberum
594 899 695 954 aerem
719 891 839 953 dimidio
863 891 1008 970 majorem
1031 889 1121 952 debet
1139 893 1167 951 iu
1189 897 1257 952 aere
1282 891 1382 952 sortiri
1405 890 1532 953 inclina-

183 980 309 1054 tionem,
343 979 414 1061 quia
436 980 485 1061 qui
509 1000 547 1042 ex
569 981 620 1042 illo
651 987 721 1041 atre
753 979 858 1041 incidit
880 980 910 1039 in
936 997 1100 1039 convexum
1131 978 1307 1051 inclinatus,
1333 978 1432 1058 perdit
1455 979 1535 1041 intra

183 1086 289 1146 corpus
313 1069 436 1130 tertiam
457 1077 575 1150 partem
598 1068 800 1129 inclinationis
824 1069 893 1147 (per
916 1067 1030 1140 VIII).
1077 1065 1158 1145 Ergo
1189 1066 1350 1128 inclinatus
1373 1067 1425 1129 ille
1450 1075 1534 1128 trans

183 1156 295 1218 lentem
324 1155 353 1217 iu
385 1163 454 1218 aere
484 1156 577 1218 habet
607 1175 664 1216 sex
694 1165 815 1236 partes,
848 1155 980 1235 qualium
1012 1154 1138 1232 angulus
1170 1155 1246 1217 NIH
1268 1155 1317 1216 vel
1341 1153 1411 1217 LlO
1443 1156 1537 1217 babet

182 1252 287 1324 partes
310 1252 381 1306 tres.
428 1244 544 1326 Duplus
568 1245 659 1322 igitur
682 1252 730 1306 est
753 1245 880 1324 angulus
902 1244 984 1304 illius
1008 1242 1210 1304 inclinationis
1234 1243 1273 1304 ad
1296 1243 1438 1322 angulum
1450 1241 1534 1305 LIO.

183 1331 281 1414 Atqui
304 1331 373 1394 LIP
395 1333 488 1396 etiam
515 1334 623 1413 duplus
648 1341 695 1394 est
719 1333 756 1394 ad
781 1330 871 1407 LIO,
892 1333 961 1412 quia
983 1329 1071 1406 LIO,
1096 1327 1168 1392 ΟΙΡ
1191 1331 1342 1410 aequales.
1388 1331 1470 1411 Ergo
1493 1333 1535 1393 IP

184 1429 231 1484 est
254 1421 306 1484 ille
329 1420 367 1482 ab
387 1422 433 1483 HI
456 1423 579 1484 veniens
602 1422 760 1496 refractus,
785 1430 817 1481 et
836 1421 882 1482 bis
906 1421 1024 1500 quidem
1046 1420 1203 1495 refractus,
1228 1421 1322 1481 semel
1343 1420 1374 1480 in
1397 1421 1536 1500 ingressu

184 1511 200 1572 I
223 1509 349 1572 convexi
370 1509 458 1582 DIM,
483 1509 591 1573 iterum
613 1509 644 1570 in
668 1528 791 1588 egressu
815 1509 829 1570 l
852 1509 978 1571 convexi
1001 1505 1087 1568 (ΗΚ.
1135 1507 1236 1579 Quare
1255 1509 1281 1570 P
1304 1515 1438 1570 centrum
1462 1529 1535 1570 con-

186 1599 254 1659 vexi
277 1591 395 1659 obversi
409 1597 482 1660 BDI
505 1605 552 1660 est
575 1598 661 1660 locus·
681 1616 840 1659 concursus
863 1597 1075 1678 parallelorum
1094 1595 1158 1668 CB,
1174 1595 1243 1670 AD,
1258 1595 1322 1658 HI·
1347 1598 1373 1658 si
1393 1598 1535 1659 convexi-

185 1693 266 1767 tates
291 1686 401 1748 fuerim
425 1688 579 1767 aequales.
618 1685 784 1766 (Compara
806 1685 957 1759 XXXIV,
981 1684 1117 1760 XXXV,
1136 1683 1336 1757 XXXVIII.)
1374 1686 1538 1748 Memoriae

186 1793 280 1836 causa
294 1793 356 1836 s1c
381 1773 503 1838 tribus
526 1774 817 1836 semidiametris
836 1782 922 1855 post
945 1791 1151 1835 convexum
1175 1773 1375 1846 obversum,
1400 1775 1537 1884 duabus

186 1869 273 1942 poet
295 1880 481 1937 aversum
505 1883 575 1925 uua
596 1871 683 1942 post
705 1869 908 1942 utrumque
1524 1893 1525 1896 ¹

275 1951 343 2013 XL.
389 1951 571 2014 Porisma.
627 1952 720 2013 Patet
761 1951 848 2024 binc,
891 1951 918 2012 si
956 1949 1130 2029 inaequales
1173 1949 1283 2012 fuerint
1319 1950 1537 2027 convexitates,

186 2047 328 2118 puuctum
360 2057 521 2102 concursus
551 2042 613 2103 lore
645 2047 715 2121 post
747 2038 897 2101 leutem'
889 2059 918 2099 m
953 2037 1116 2112 distantia,
1160 2057 1235 2119 quae
1268 2037 1347 2100 inter
1383 2038 1538 2119 utriusque

187 2127 389 2190 convexitatis
416 2129 655 2192 semidiametros
685 2135 831 2190 versetur.
877 2127 978 2208 Major
1005 2126 1123 2188 scilicet
1149 2127 1374 2189 semidiametro
1404 2127 1536 2203 minoris,

188 2217 260 2296 quia
282 2216 381 2278 altera
403 2217 575 2298 superficies
598 2225 646 2280 est
669 2217 706 2278 de
733 2217 840 2296 maJori
872 2215 999 2290 circulo,
1032 2233 1108 2295 quae
1137 2215 1164 2276 si
1197 2216 1233 2276 de
1267 2215 1386 2296 aequali
1418 2215 1537 2292 luisset,

188 2304 403 2367 semidiametri
426 2325 567 2368 mensura
588 2307 619 2368 iu
642 2306 700 2367 hoc
722 2305 882 2367 intervallo
906 2303 1023 2365 fuisset.
1061 2301 1159 2365 Minor
1181 2322 1253 2364 vero
1272 2303 1420 2366 diametro
1439 2303 1538 2366 mino-

187 2393 243 2468 ris,
278 2393 349 2496 quia
378 2394 551 2496 sqperdqies
583 2393 705 2456 minoris
734 2413 793 2454 uon
821 2401 869 2456 est
891 2394 967 2455 sola.
1013 2390 1115 2453 Minor
1147 2391 1273 2472 denique
1316 2392 1538 2454 semidiametro

188 2481 328 2562 majoris,
358 2481 440 2562 quia,
473 2482 500 2544 si
523 2481 690 2562 superficiei
714 2480 836 2543 miuoris
860 2480 987 2543 circulus
1012 2479 1148 2562 aequalis
1176 2480 1299 2556 fuisset,
1329 2488 1392 2543 tum
1420 2481 1539 2543 demum

188 2570 402 2632 semidiametri
425 2571 549 2650 majoris
581 2589 721 2634 mensura
751 2569 782 2632 in
805 2570 862 2662 hoc
894 2568 1054 2631 intervallo
1078 2566 1205 2643 inisset,
1239 2587 1317 2630 nunc
1346 2577 1447 2631 autem
1479 2589 1538 2630 non

189 2659 325 2738 aequalis
348 2658 403 2720 sed
425 2659 520 2720 minor
544 2668 601 2721 est

277 2747 360 2808 XLI.
406 2747 631 2827 Propositio.
683 2745 852 2848 Longinqui
881 2745 984 2825 puncti
1016 2745 1051 2806 de
1084 2763 1117 2805 re
1149 2743 1262 2806 visibili
1294 2745 1371 2806 radii
1402 2744 1538 2824 proxime

188 2834 299 2896 lentem
331 2847 527 2911 concurrunt,
563 2835 783 2916 propinquioris
816 2834 919 2914 puncti
952 2833 1102 2896 radiorum
1133 2851 1295 2894 concursus
1327 2839 1399 2914 post
1426 2832 1539 2894 lentem

95 2962 99 2980 .
187 2930 236 2983 est
258 2922 410 2985 remotior.

274 3011 354 3074 Nam
375 3030 430 3092 per
451 3003 603 3074 XXXIV.
628 3010 764 3072 XXXV.
792 3009 978 3072 XXXVIII
1013 3008 1041 3070 in
1072 3028 1174 3072 aarum
1207 2947 1411 3073 schematibus
1441 3010 1539 3072 tribus

185 3106 296 3180 puncto
324 3099 438 3162 infinite
461 3100 588 3162 distanti
612 3117 773 3162 concursus
804 3105 852 3160 est
875 3099 909 3170 P,
934 3098 957 3160 S
981 3098 1029 3160 vel
1051 3099 1087 3161 P.
1111 3095 1257 3161 Vicissim
1284 3107 1394 3178 puncto
1418 3098 1540 3161 radiosa

187 3187 311 3250 adrem
335 3188 517 3263 accedente,
551 3196 586 3250 ut
609 3207 646 3248 ex
670 3184 831 3267 longinquo
855 3185 909 3248 fiat
931 3187 1144 3268 propinquum,
1177 3194 1210 3249 et
1232 3187 1380 3250 collocato
1404 3186 1434 3250 in
1456 3185 1540 3263 F,'S

185 3277 233 3339 vel
255 3276 291 3353 P,
316 3295 478 3340 concursus
502 3277 640 3340 excurrit·
655 3276 686 3338 in
710 3274 869 3350 infinitum,
893 3293 948 3355 per
972 3276 1093 3337 easdem
1118 3283 1149 3336 et
1171 3295 1227 3356 per
1249 3277 1308 3339 III.
1355 3277 1445 3339 Datis
1468 3293 1540 3338 vero

187 3365 332 3443 extremis
356 3366 466 3428 daut'ur
489 3373 521 3426 et
541 3364 738 3437 intermedia,
761 3370 796 3424 ut
817 3372 928 3442 puncto
951 3371 1092 3427 versante
1123 3363 1204 3426 ultra
1225 3365 1261 3439 F,
1285 3363 1309 3427 S
1332 3365 1382 3426 vel
1403 3366 1438 3440 P,
1465 3383 1541 3428 con-

187 3471 292 3516 cursus
321 3453 470 3515 radiorum
494 3454 548 3516 fiat
570 3454 651 3515 intra
673 3451 832 3526 infinitum,
866 3452 1045 3534 longinquus
1076 3461 1176 3514 tamen
1200 3451 1241 3514 sit
1265 3453 1442 3534 quantisper
1464 3453 1540 3516 visi-

187 3541 246 3602 bile
270 3541 358 3603 valde
381 3543 593 3623 propinquum,
618 3549 649 3603 et
671 3540 803 3603 vicissim
827 3540 937 3602 visibili
959 3541 989 3602 in
1010 3541 1203 3620 longinquum
1226 3549 1354 3604 exeunte
1377 3560 1539 3605 concursus

188 3627 262 3708 ipsis
275 3631 311 3703 P,
336 3627 422 3691 Svel
436 3630 462 3691 P
475 3629 670 3710 propinquet:
695 3637 728 3690 et
749 3627 875 3708 denique
891 3629 1108 3701 (XXXVIH.)
1131 3629 1158 3692 si
1180 3630 1327 3710 utrimque
1351 3649 1486 3692 convexa
1499 3630 1542 3690 sit

188 3711 264 3790 lens,
288 3724 398 3796 puncto
413 3717 531 3780 radioso
547 3717 686 3780 diametri
704 3716 864 3780 intervallo
889 3718 1015 3802 absente
1035 3739 1054 3779 a
1074 3719 1165 3792 lente,
1191 3735 1352 3781 concursus
1367 3718 1457 3780 etiam
1472 3717 1540 3780 dia-

188 3811 283 3867 metro
308 3804 398 3881 absit,
422 3805 514 3868 radiis
536 3806 567 3870 in
589 3802 670 3868 lente
693 3805 849 3886 parallelis
872 3805 1082 3870 existentibus.

630 3946 765 4009 Lentis
790 3947 934 4012 effecta
955 3965 1022 4028 per
1045 3964 1094 4007 se.

277 4067 380 4132 XLII.
425 4069 624 4133 Definitio
671 4067 748 4134 Cum
772 4071 924 4152 quaelibet
952 4069 1017 4131 lens
1041 4086 1177 4130 convexa
1207 4075 1299 4147 cogat·
1330 4069 1431 4132 radios
1454 4068 1542 4132 unius

188 4156 316 4219 lucentis
333 4157 444 4260 ‘puncti
467 4159 506 4220 ad
529 4178 619 4221 unum
643 4166 758 4221 certum
790 4168 953 4239 puuctum;
987 4157 1017 4218 id
1050 4174 1121 4219 vero
1155 4155 1273 4235 lougius
1305 4164 1376 4236 post
1406 4164 1542 4219 centrum

189 4243 290 4319 abeat,
314 4245 342 4307 si
365 4247 468 4308 lucens
491 4248 687 4327 propinquum
712 4253 773 4323 est,
796 4267 892 4332 quam
915 4246 942 4309 si
965 4244 1157 4325 longInquum
1186 4245 1255 4324 (per
1281 4245 1391 4320 XLI).
1423 4245 1541 4326 quoties

190 4331 280 4412 Igitur
305 4351 467 4398 concursus
490 4343 633 4415 puuctum
656 4333 826 4398 nominatur
850 4333 1035 4414 simpliciter,
1057 4331 1131 4394 nihil
1156 4332 1268 4402 addito.
1292 4332 1481 4412 intelligatur
1503 4332 1540 4393 de

190 4440 225 4483 eo
249 4430 381 4504 puncto,
414 4423 453 4484 ad
477 4424 558 4504 quod
581 4431 727 4502 coguntur
750 4432 782 4486 et
811 4428 992 4488 concurrunt
1023 4418 1208 4484 radiatioues
1239 4421 1343 4500 puncti
1374 4419 1539 4502 longinqui,
1633 4415 1639 4424 “

189 4509 307 4572 seilicet
329 4511 503 4590 parallelae.

279 4597 398 4661 XLIH.
435 4598 646 4661 Problema.
684 4597 782 4677 Super
797 4597 866 4661 albo
885 4597 1001 4678 pariete
1014 4597 1138 4678 pingere
1152 4595 1285 4659 visibilia
1298 4596 1379 4660 lente
1394 4615 1540 4660 convexa.

278 4686 314 4748 ln
337 4704 459 4749 camera
482 4687 612 4750 obseura
635 4685 701 4746 lene
724 4704 859 4748 convexa
882 4685 1023 4748 obsideat
1045 4685 1164 4748 unicam
1187 4686 1387 4750 fenestellam.
1438 4687 1543 4768 Papy-

192 4787 244 4834 rus
267 4771 305 4836 ad
337 4781 481 4852 punctum
512 4789 674 4838 concursus
708 4772 884 4853 applicetur.
930 4774 1010 4837 Nam
1042 4780 1186 4854 punctum
1216 4774 1260 4838 rei
1291 4772 1421 4838 visibilis
1452 4793 1543 4856 super
