3566 5536
695 301 775 367 Caput
793 302 895 355 xxvn.
1404 302 1465 368 711

121 497 217 558 neque
241 478 331 542 trium
364 497 458 559 neque
489 477 621 540 duorum.
667 479 746 542 Nam
769 481 858 544 docet
890 482 1006 562 optics,
1041 481 1066 544 si
1089 499 1166 560 quae
1189 501 1316 564 corpora
1346 485 1468 548 suntin

25 608 26 611 κ
122 568 227 630 eadem
252 578 345 644 recta,
372 587 518 648 nunqnam
542 587 578 628 ea
592 568 680 630 aliter
704 587 741 630 ex
761 578 864 632 centro
889 572 990 633 mundi
1008 571 1066 632 nisi
1082 569 1111 631 in
1126 571 1231 634 eadem
1256 580 1340 636 recta
1362 574 1467 637 videri.

121 659 166 718 At
179 656 298 739 Jupiter
320 658 401 720 linea
420 676 458 718 ex
471 657 571 744 Marte
593 657 621 718 in
636 657 755 720 Novam
773 659 830 721 fnit
848 659 933 721 initio
958 659 1140 731 orientalior,
1160 659 1308 726 Saturnus
1327 663 1468 725 occiden-

122 746 220 810 talior.
264 747 335 812 darn
357 747 449 828 igitur
476 765 570 827 neque
604 746 767 828 applicatio
799 747 950 810 radiorum
980 749 1076 812 servit
1108 751 1270 831 astrologis
1291 770 1347 831 pro
1371 753 1469 826 modo,

122 855 179 916 quo
194 835 326 914 genitum
347 835 435 899 fuerit
448 835 505 910 boc
524 837 617 898 sidus.
657 834 803 917 Superest
821 847 856 900 ut
874 839 1041 912 credamus,
1065 837 1178 902 nullum
1198 841 1316 904 omnino
1330 841 1470 904 idoneum

123 925 248 988 inveniri
270 943 359 1006 posse
383 926 512 998 modum,
537 945 594 1006 quo
618 924 831 1006 intelligamus,
856 927 996 1005 planetas
1020 927 1075 990 hos
1099 929 1282 1007 conjunctos,
1307 931 1470 1010 separatim

122 1021 154 1074 et
178 1015 347 1089 solitarios,
379 1016 460 1077 nullo
483 1015 790 1096 interventugcausae
820 1015 1002 1099 sublimioris
1033 1017 1211 1097 progressos
1234 1039 1301 1082 esse
1326 1020 1365 1082 a'd
1388 1019 1470 1082 sidus

122 1122 230 1166 novum
254 1103 444 1184 gignendum.
753 1151 778 1160 -
1104 1169 1109 1178 .

208 1193 425 1274 Explicandum
449 1192 535 1256 nobis
553 1200 602 1254 est
621 1193 761 1268 secundo,
787 1193 934 1273 quomodo
958 1193 1103 1273 astrologi
1125 1194 1168 1256 rei
1186 1196 1326 1274 naturali,
1353 1199 1471 1278 qualem

123 1282 235 1346 iaciunt
257 1299 366 1346 novem
390 1282 522 1354 stellam,
545 1281 703 1362 assignent
725 1301 847 1346 causam
871 1301 927 1344 non
953 1283 1130 1345 naturalem.
1168 1285 1203 1346 Id
1223 1305 1294 1348 vero
1318 1304 1356 1348 ex
1379 1306 1471 1367 supe-

122 1372 250 1434 rioribus
275 1373 390 1452 aliquot
413 1370 562 1452 capitibus
586 1382 634 1434 est
655 1371 809 1453 perfacile.
850 1369 1029 1451 Qonjuoctio
1054 1381 1085 1433 et
1108 1391 1210 1436 omnes
1234 1383 1376 1455 aspectus
1402 1384 1473 1440 sunt

121 1481 159 1522 ex
183 1480 290 1541 genere
314 1461 502 1524 relationum.
548 1457 593 1524 At
615 1461 811 1524 relationibus
834 1479 887 1540 per
911 1466 944 1522 se'
968 1460 1031 1522 sine
1060 1460 1230 1526 interventu
1257 1466 1365 1528 mentis
1389 1467 1472 1528 nulla
1527 1467 1531 1474 '

123 1560 172 1610 est
196 1550 331 1612 efficacia
355 1551 394 1613 ad
421 1550 600 1630 gignendum
632 1549 753 1630 aliquid.
800 1548 863 1613 Sed
893 1549 1086 1612 illustriorem
1114 1547 1215 1614 r'eddit
1244 1554 1321 1618 hano
1354 1556 1472 1618 refuta-

122 1639 233 1702 tionem
270 1640 406 1702 doctrina
436 1638 604 1719 Copernici.
659 1639 782 1702 Relatio
819 1645 945 1719 bamque
978 1639 1032 1702 illa
1068 1639 1246 1704 terminatur
1277 1642 1316 1706 ad
1348 1645 1472 1708 Terram

123 1733 214 1809 (quae
236 1748 290 1809 per
313 1731 427 1792 coelum
450 1729 602 1808 vagatur),
627 1748 685 1791 non
705 1730 743 1790 ad
762 1729 851 1792 fixum
873 1729 974 1790 rnuodi
997 1737 1141 1792 centrum.
1179 1730 1258 1794 Nam
1282 1733 1330 1813 qui
1353 1735 1471 1796 oculum

122 1817 273 1897 posuisset
296 1819 324 1882 in
340 1827 443 1882 centro
468 1819 578 1893 mundi,
603 1818 730 1880 vidisset
747 1817 784 1892 is,
809 1817 933 1897 quodie
957 1817 1041 1878 sidus
1065 1819 1187 1889 effulsit,
1203 1821 1335 1884 Martem
1355 1823 1419 1901 jam
1441 1824 1469 1886 in

123 1909 179 1968 line
205 1905 394 1986 Capricorni,
418 1907 527 1970 Jovem
549 1907 630 1970 ultra
653 1907 771 1987 quidem
794 1907 891 1969 locum
914 1906 1145 1987 conjunctionis,
1170 1910 1250 1972 intra
1272 1912 1346 1974 fines
1370 1922 1471 1976 tamen

123 1995 297 2076 Sagittarii,
326 1997 498 2078 longissime
522 1997 684 2058 distantem
708 2017 726 2058 a
749 1997 859 2059 Marte.
907 1993 993 2066 Quae
1021 1995 1123 2077 itaque
1147 2019 1166 2060 a
1189 1999 1274 2062 nobis
1303 2001 1472 2064 celebratur

124 2085 292 2165 conjunctio
315 2085 400 2150 Jovis
431 2094 462 2147 et
483 2086 606 2160 Martis,
642 2077 678 2146 en
711 2085 767 2148 luit
793 2086 838 2148 sic
869 2084 936 2146 visa
963 2081 992 2148 in
1024 2087 1090 2148 sola
1112 2087 1215 2149 Terra.
1261 2089 1353 2170 Eripe
1385 2091 1471 2153 nobis

123 2175 321 2238 conditionem
345 2175 420 2238 hanc
444 2175 520 2236 silus
544 2175 621 2238 oculi
641 2175 670 2238 in
686 2175 788 2249 Terra,
813 2174 1053 2254 conjunctionem
1077 2176 1229 2256 eripueris.
1267 2180 1373 2259 Itaque
1393 2181 1471 2242 inter

122 2266 198 2326 fixas
222 2264 362 2345 quidnam
385 2264 524 2345 gignetur
547 2265 585 2328 ab
609 2284 654 2337 eo,
678 2265 756 2346 qnod
780 2271 908 2344 apparet
931 2263 1047 2326 nonnisi
1066 2284 1104 2326 ex
1123 2265 1237 2330 Terra?
1259 2267 1338 2330 Nam
1363 2289 1381 2330 a
1403 2269 1470 2330 fisis

122 2355 148 2416 si
180 2354 244 2434 quis
278 2353 447 2434 despiceret
473 2354 503 2415 in
537 2354 688 2434 regionem
718 2353 926 2432 planetarum:
960 2371 1063 2416 omnes
1093 2356 1142 2417 vel
1175 2366 1392 2420 evanescerent
1424 2358 1470 2429 val

122 2445 227 2515 eodem
251 2443 340 2522 globo
359 2443 458 2523 juncti
481 2441 666 2506 brevissimis
690 2441 976 2521 spatiis.circumive
999 2439 1215 2520 ¹cernerentnr3
1244 2455 1325 2508 certe
1350 2447 1468 2528 saepis-

121 2535 196 2595 sime
214 2533 379 2613 junctiones
403 2541 435 2593 et
456 2531 612 2611 propiores
631 2531 812 2604 viderentur,
838 2549 927 2610 quam
941 2539 1021 2606 tunc,
1043 2549 1108 2593 cum
1128 2534 1211 2596 sidus
1231 2535 1350 2611 effirlsit,
1375 2536 1470 2598 videri

120 2633 253 2701 potuere.
733 2669 738 2684 .
792 2645 794 2653 ¹

208 2709 366 2772 Habentur
388 2708 489 2788 itaque
506 2710 567 2787 'pro
590 2713 689 2782 certo,
718 2705 904 2786 impossibile
928 2726 1010 2782 esse,
1035 2715 1069 2770 ut
1090 2709 1156 2772 sola
1184 2712 1371 2791 planetarum
1395 2733 1469 2776 cou-

117 2799 232 2877 junctio
256 2797 439 2859 concurrerit
462 2797 500 2857 ad
522 2795 702 2876 gignendum
726 2813 834 2858 novum
857 2797 913 2857 hoc
937 2797 1028 2861 sidus.

210 2884 298 2958 Quod
317 2904 388 2947 vero
408 2884 629 2965 praedictiones
647 2885 759 2956 attinet
777 2893 922 2961 cometae,
956 2885 1118 2966 respondet
1134 2885 1269 2950 Joannes
1287 2891 1468 2954 Weidnsrns

121 2976 252 3038 medicus
276 2973 403 3038 eruditis
426 2973 562 3036 versibus
585 2973 613 3034 in
637 2974 714 3036 hunc
738 2974 875 3038 modum:
965 3025 968 3032 .
1048 2997 1051 3004 ·

384 3096 424 3146 At
445 3091 468 3146 si
489 3086 549 3162 quis
570 3091 646 3145 Jovis
668 3109 701 3146 ac
721 3092 819 3146 Martis
841 3107 992 3165 congressa
1013 3093 1126 3146 duorum

384 3178 470 3227 Astra
489 3173 665 3242 planetarum
686 3173 834 3227 imberbem
854 3172 985 3244 genuisse
1006 3179 1147 3237 cometam,
1234 3197 1240 3204 ·

383 3253 611 3325 Praedictumque
631 3253 684 3308 sibi
704 3269 806 3324 magno
826 3253 976 3310 contendat
995 3253 1083 3318 hiatu,

383 3335 596 3406 Astrologaster
615 3333 706 3388 iners:
727 3339 836 3388 centruu
856 3349 1025 3404 opponemus
1047 3334 1134 3392 eidem
1223 3345 1228 3356 '

292 3431 294 3436 ⁸
382 3417 518 3470 Erronum
538 3415 626 3468 coitus
647 3415 753 3486 nullum
773 3414 903 3486 genuisse
924 3423 1075 3471 cometam:

385 3497 461 3551 Vera
480 3495 555 3566 loqui
576 3511 650 3561 casu,
672 3493 814 3550 mendacia
832 3495 907 3550 mille
927 3495 1056 3552 locutum.

210 3602 314 3682 Itaque
335 3600 393 3663 nisi
417 3607 524 3682 quarta
548 3599 753 3680 theologorum
777 3601 929 3664 sententia
956 3601 1077 3678 vicerit,
1107 3621 1196 3668 casus
1221 3604 1279 3666 sibi
1302 3605 1472 3669 vindicabit

122 3708 297 3752 concursum
320 3688 428 3752 sideris
451 3709 517 3751 cunr
541 3688 749 3770 conjunctione
773 3708 892 3769 magna.

210 3779 257 3841 At
278 3797 337 3842 non
359 3779 464 3842 minus·
479 3778 564 3841 nobis
588 3798 654 3842 cnm
678 3778 799 3858 Epicuri
826 3779 978 3842 sententia
1005 3779 1196 3859 pugnandum
1220 3780 1359 3845 existimo
1383 3784 1467 3857 (nam

121 3867 223 3948 quidni
247 3868 338 3931 liceat
360 3889 434 3948 apoc
447 3889 499 3937 esc
516 3869 638 3946 eiquoco
657 3867 894 3946 inaspectum),
918 3887 994 3948 quas
1018 3887 1107 3930 caeco
1131 3889 1204 3933 casu
1227 3879 1465 3954 tesserarumque

115 3957 263 4039 jactibus,
294 3957 465 4020 concinnius
498 3957 628 4018 sortasse
656 3976 743 4035 quern
765 3957 912 4037 Epicurus
935 3958 1000 4036 ipae
1024 3958 1155 4020 tenuius
1185 3967 1351 4022 atomorum
1375 3962 1465 4026 ober-

120 4046 287 4110 rationibus
302 4047 342 4108 ad
361 4046 486 4109 eundem
508 4053 608 4108 umen
629 4064 751 4125 scopum
772 4047 878 4120 tendit,
902 4053 937 4107 ut
951 4045 1177 4110 admirationem
1191 4048 1293 4112 demat
1315 4050 1465 4114 hominum

119 4135 245 4198 animis:
271 4156 330 4218 que
348 4145 452 4215 erepta
470 4135 565 4198 omnis
585 4153 643 4196 una
662 4141 769 4210 metus,
795 4135 891 4210 omnis
910 4133 1034 4196 sinistra
1052 4135 1203 4212 ominatio,
1227 4138 1322 4202 omnis
1338 4141 1464 4222 deniqne

120 4228 204 4290 fama
226 4224 356 4307 prodigii
380 4225 596 4304 exstinguitur:
622 4232 653 4284 et
668 4223 741 4284 illud
761 4223 920 4298 obtinetur,
941 4232 974 4285 ut
993 4224 1048 4286 lunc
1071 4225 1147 4304 quod
1168 4227 1270 4289 datum
1289 4238 1337 4291 est
1354 4231 1464 4292 homini

119 4319 211 4379 breve
241 4316 322 4378 vitae
351 4323 468 4396 tempus
491 4314 520 4375 in
543 4313 696 4375 hilaritate
719 4319 751 4373 et
779 4314 928 4374 suavitate
952 4312 1037 4375 'curis
1070 4315 1200 4378 exclusis
1228 4318 1409 4392 collocetur,
1432 4327 1464 4380 et

122 4424 181 4485 quo
205 4405 315 4469 certius
339 4404 473 4466 imminet
494 4402 618 4477 malum,
642 4401 699 4463 hou
723 4401 894 4478 diligentius
918 4402 999 4482 prior
1022 4417 1154 4484 quaeque
1178 4405 1256 4479 dies,
1284 4407 1463 4472 imminentis

122 4495 295 4558 crudelitati
309 4493 395 4576 quasi
413 4493 513 4556 furtim
533 4499 647 4572 erepta,
667 4491 696 4553 in
715 4491 894 4571 triumphum
913 4492 1002 4555 cedat
1020 4492 1118 4555 animo
1139 4494 1235 4558 hostis
1256 4497 1301 4560 sni
1321 4497 1463 4562 instantis

13 4615 16 4620 ·
123 4591 155 4646 et
176 4583 318 4648 minantis
339 4583 459 4665 procaci
483 4580 676 4646 contemtori:

490 4699 631 4764 vivamus,
651 4713 714 4751 mea
732 4695 843 4762 Lesbia,
866 4704 949 4770 atque
970 4713 1099 4763 amemus,

478 4781 677 4850 ‘Rumoresque
697 4793 792 4832 senum
811 4780 977 4834 severiorum

493 4862 593 4918 Omnes
612 4859 692 4916 unius
713 4858 888 4916 aestimemus
909 4861 987 4920 assia
