3684 5518
300 277 384 346 ,210
468 251 471 257 ἡ
538 365 540 368 Ι
790 276 980 364 Parabpcnana
997 275 1024 326 ln
1043 272 1208 328 vlaelllousru.

318 471 375 533 quo
400 460 587 531 spectatores
612 471 778 524 versemur,
803 453 846 514 oti
870 451 899 513 iu
923 451 1039 513 usitato
1068 449 1257 512 refractionis
1287 445 1422 526 negotio,
1453 447 1508 510 sed
1530 461 1676 524 vaporem

320 560 465 615 crassum,
499 543 548 621 qui
577 543 675 602 instar
697 541 784 603 uubis
813 541 843 603 in
867 539 964 602 medio
994 540 1074 602 ebria
1107 539 1246 612 haereat,
1280 544 1315 598 ut
1340 537 1383 598 sit
1409 535 1558 598 transitus
1588 531 1676 596 radio

319 630 427 692 stellae
452 631 494 690 sic
526 631 610 691 visae
640 649 677 692 ex
705 630 983 710 aetlrereprimnm
1007 629 1037 690 in
1065 634 1181 701 adrem,
1211 645 1249 686 ex
1278 632 1348 687 adra
1376 625 1405 688 in
1433 641 1577 704 vaporem
1599 641 1689 710 corr·-

318 736 435 804 vexum,
462 737 499 779 ex
522 737 633 798 vapore
656 737 789 780 convexo
818 737 920 780 rursus
944 718 973 778 in
998 723 1097 780 aerem
1123 724 1154 778 et
1183 715 1310 795 denique
1334 733 1373 776 ex
1400 721 1471 776 aare
1494 713 1523 774 iu
1547 711 1676 779 oculum,

318 808 349 869 id
373 808 450 888 quod
475 816 505 869 te
530 807 635 869 fallere
659 807 768 886 possit.

409 893 540 958 Causam
564 895 808 957 hallucinationis
828 902 899 975 puto
919 893 1029 956 multos
1053 890 1230 954 invenirem
1246 890 1319 956 vitio
1343 889 1572 971 typographico,
1597 887 1677 968 quod

319 985 433 1048 habeut
456 984 556 1050 omnia
583 985 781 1063 exemplaria,
813 985 906 1046 etiam
935 1001 1011 1062 quae
1035 982 1205 1044 Fridericus
1228 980 1375 1042 Risnerns
1406 987 1544 1041 correcta
1570 975 1677 1039 edidit.

320 1074 379 1134 Pro
404 1091 439 1134 eo
464 1073 551 1142 enim,
576 1073 652 1154 quod
678 1074 815 1152 legimus,
839 1091 942 1133 omues
967 1073 1074 1135 stellae
1100 1069 1240 1131 videntur
1268 1068 1430 1143 rotundae,
1456 1069 1596 1148 majores,
1620 1065 1677 1126 dac.

322 1161 480 1241 legendum
506 1170 553 1223 est
576 1161 716 1225 minores.

411 1247 562 1325 Ceterum,
588 1259 621 1311 nt
644 1251 691 1310 hic
715 1250 808 1310 etiam
831 1267 928 1310 meam
952 1246 1133 1308 sententiam
1158 1245 1301 1324 aperiam,
1326 1245 1445 1306 videtur
1468 1244 1522 1306 illa
1540 1242 1678 1306 aVitel-

320 1339 399 1401 lione
423 1358 461 1400 ex
486 1337 647 1402 Oleornede
672 1338 806 1416 allegata
830 1356 923 1398 causa
948 1336 1099 1415 (quamvis
1123 1335 1206 1396 illam
1235 1333 1315 1394 inira
1344 1333 1535 1396 adhibiturus
1558 1350 1623 1394 snm
1647 1332 1679 1392 in

322 1427 556 1490 demonstrando
581 1427 640 1488 alio
665 1427 887 1507 phaenomeuo)
912 1443 1016 1504 parum
1039 1425 1125 1485 lirma
1147 1423 1235 1501 hujus
1260 1423 1436 1484 accidentis.
1475 1419 1595 1484 Causae
1620 1420 1679 1481 hae

322 1523 401 1579 sunt.
444 1514 663 1578 Creberrimum
687 1515 743 1576 hoc
767 1523 824 1588 est,
849 1521 883 1576 ut
906 1515 1004 1576 ventis
1028 1521 1081 1574 aut
1103 1520 1174 1590 post
1197 1511 1272 1572 dura
1295 1511 1408 1590 frigora
1430 1519 1533 1590 tepore
1556 1510 1678 1572 matan-

323 1606 419 1676 tibns,
443 1604 579 1684 ingentia
609 1604 694 1666 nobis
718 1603 877 1664 videantur
906 1601 1073 1664 stellarum·
1093 1601 1212 1662 lumina.
1258 1600 1293 1661 Id
1317 1600 1500 1662 Aristoteles
1523 1605 1599 1662 aeut.
1625 1593 1679 1660 26.

324 1713 353 1774 q.
379 1689 431 1756 54.
455 1693 545 1773 plane
570 1693 714 1767 aflinnat,
739 1691 820 1752 Euro
845 1692 936 1754 flaute
965 1690 1082 1769 majora
1111 1687 1206 1751 videri
1230 1689 1338 1751 omnia.
1386 1687 1462 1752 Cum
1490 1689 1592 1768 itaque
1615 1694 1680 1748 mm

327 1781 432 1844 crebro
456 1781 512 1843 hoc
536 1781 664 1855 accidat,
690 1799 749 1842 non
773 1779 909 1861 equidem
933 1779 1064 1840 existere
1088 1779 1200 1858 poterit
1223 1796 1260 1838 ex
1284 1778 1407 1840 fortuito
1423 1777 1544 1856 vaporis
1558 1775 1680 1854 objectu

326 1889 381 1932 uos
401 1871 480 1932 inter
505 1879 536 1932 et
558 1870 676 1932 stellas.
723 1869 888 1932 Praeterea
911 1887 1014 1928 omnes
1037 1871 1132 1930 totins
1155 1865 1369 1945 hemisphaerii
1392 1866 1501 1928 stellae
1525 1865 1615 1928 simnl
1633 1865 1682 1925 ita

326 1960 486 2020 videntur:
511 1967 545 2020 at
569 1958 595 2020 si
619 1976 714 2038 vapor
737 1957 845 2038 aliquis
859 1957 1025 2036 pellucidus
1050 1964 1080 2017 et
1094 1964 1229 2018 secretus
1254 1973 1311 2017 uno
1336 1956 1400 2017 loco
1425 1962 1508 2016 esset
1525 1954 1556 2015 in
1575 1973 1679 2026 causa,

326 2055 497 2110 cerneretur
520 2047 577 2110 hoo
601 2047 741 2108 accidens
765 2046 912 2108 interdum
937 2064 975 2106 ex
998 2064 1057 2106 nna
1080 2051 1166 2124 parte
1190 2045 1275 2106 coeli.
1315 2040 1391 2106 Tunl
1414 2063 1473 2125 qua
1495 2043 1535 2118 vi,
1555 2060 1680 2122 quaeso,

326 2153 420 2216 vapor
449 2136 615 2216 pellucidae
650 2154 813 2216 suspensus
841 2135 870 2196 in
905 2141 975 2196 altre
1005 2133 1154 2208 haereret,
1193 2139 1263 2194 abre
1287 2133 1381 2195 multo
1405 2133 1534 2212 gravior,
1572 2129 1679 2209 utqui

326 2225 423 2286 instar
446 2224 685 2303 perspicillornm
710 2244 747 2286 ex
770 2225 848 2285 vitro
873 2231 926 2284 aut
948 2223 1093 2304 crystallo
1120 2223 1324 2284 confectorum
1357 2221 1464 2285 stellas
1495 2219 1680 2300 amplificare

325 2311 447 2392 possit?
492 2313 557 2376 Nec
580 2313 665 2375 valet
686 2311 833 2374 instantia
863 2311 992 2374 nubium.
1038 2310 1143 2374 Nubes
1177 2313 1254 2372 euim
1286 2311 1317 2372 in
1351 2318 1421 2373 abre
1448 2310 1615 2390 pendentes
1648 2316 1682 2368 et

225 2465 228 2472 ,
326 2400 453 2464 nebulae
475 2409 507 2462 et
530 2420 605 2482 qnae
630 2409 702 2464 sunt
722 2401 900 2482 hujusmodi,
917 2399 1134 2462 obscuritatem
1154 2400 1308 2474 inducunt,
1331 2399 1499 2480 pellucidae
1514 2416 1572 2460 non
1587 2405 1680 2470 sunt3

326 2509 450 2570 cumque
474 2491 633 2552 videantur
648 2499 773 2554 naturae
789 2490 878 2570 paulo
898 2487 1048 2563 aridioris,
1072 2496 1231 2569 postquam
1256 2489 1426 2569 depluerint
1448 2490 1532 2561 (nam
1556 2487 1680 2550 humore

326 2598 435 2660 graves
459 2599 517 2641 non
541 2579 682 2658 pendent,
708 2580 762 2642 sed
785 2579 927 2659 guttatim
951 2577 1108 2651 decidunt)
1138 2597 1195 2640 non
1219 2577 1326 2640 mirum
1359 2585 1391 2640 et
1413 2577 1531 2639 fluitare
1557 2576 1626 2638 illas
1649 2575 1680 2634 in

326 2675 406 2745 aare,
431 2675 464 2729 nt
486 2668 570 2748 ligna
588 2668 619 2730 in
638 2687 726 2748 aqua.
765 2668 870 2747 Vapor
893 2685 964 2728 vero
988 2665 1135 2741 humidus,
1161 2665 1337 2746 pellucidae,
1362 2665 1481 2740 fluidus,
1506 2683 1629 2726 crassus
1648 2669 1681 2724 et

326 2758 437 2837 gravis,
477 2758 623 2837 quomodo
656 2757 683 2818 iu
713 2763 783 2819 abre
817 2775 884 2818 sese
916 2757 1010 2818 multo
1043 2754 1148 2816 leviori
1180 2775 1344 2836 suspensus
1377 2753 1552 2817 tenebitur?
1598 2750 1680 2823 Quin

325 2847 440 2926 potius,
471 2865 537 2908 cum
568 2846 623 2907 boc
653 2846 778 2920 accidit,
802 2845 912 2906 indicio
946 2852 1002 2919 est,
1037 2862 1074 2905 ex
1097 2843 1165 2904 imis
1189 2845 1300 2906 Terrae
1323 2843 1489 2906 visceribus
1514 2842 1680 2904 ascendere

326 2934 484 2997 materiam
499 2935 650 2997 humidam
675 2943 707 2996 et
729 2934 872 2996 inferiora
894 2934 1064 3013 Terraeque
1085 2940 1120 2994 et
1142 2932 1236 2994 oculis
1259 2933 1372 2995 nostris
1392 2932 1535 3012 contigua
1553 2930 1680 3011 primurn

325 3023 457 3103 impleri:
482 3023 619 3103 idemque
644 3023 730 3086 nobis
754 3022 882 3096 evenire,
909 3022 987 3102 quod
1012 3021 1262 3083 lacrumantibus:
1292 3021 1449 3100 utrobique
1473 3019 1552 3083 enim
1575 3017 1679 3081 oculus

326 3110 446 3173 humido
471 3111 663 3190 contingitur.
710 3113 798 3174 Adde
823 3111 901 3191 quod
929 3111 1035 3172 cadem
1063 3111 1092 3170 in
1123 3110 1306 3173 refractione
1344 3110 1443 3173 solent
1479 3108 1616 3171 accidere
1649 3115 1681 3168 et

327 3199 482 3260 diametris
506 3200 648 3262 luminum
673 3209 705 3261 et
727 3199 890 3262 distantiis.
938 3199 983 3262 At
1012 3199 1069 3260 hoo
1102 3199 1242 3262 accidens
1275 3200 1314 3261 ad
1339 3199 1501 3262 distantias
1526 3217 1583 3259 nou
1607 3215 1680 3276 per·-

326 3287 427 3366 tingit.
473 3286 633 3367 Nunquam
655 3286 735 3350 enim
768 3296 817 3350 est
844 3287 1047 3360 observatum,
1081 3287 1243 3350 distantias
1266 3289 1396 3368 majores
1419 3303 1566 3369 apparere
1590 3303 1680 3366 quam

327 3376 446 3450 debent,
472 3394 591 3454 semper
614 3384 667 3437 aut
687 3377 787 3456 justas
810 3385 864 3439 ant
882 3377 966 3455 justo
991 3375 1128 3438 minores.
1166 3377 1302 3459 Denique
1326 3377 1382 3439 hoc
1406 3377 1547 3439 accidens
1570 3373 1679 3446 stellis,

326 3471 543 3543 contraquam
567 3463 772 3538 refractiouea,
803 3465 832 3526 in
861 3464 974 3526 vertice
1003 3483 1061 3526 non
1088 3465 1185 3527 minus
1215 3484 1305 3545 quam
1337 3467 1367 3527 in
1391 3465 1544 3540 horizonte
1568 3461 1679 3524 evenit.

326 3551 429 3624 Quare
453 3571 578 3614 necesse
601 3560 659 3627 est,
684 3561 718 3614 ut
740 3571 798 3615 non
822 3553 943 3616 sithoc
967 3571 1004 3614 ex
1027 3571 1063 3614 eo
1087 3571 1197 3633 genere
1220 3553 1420 3630 retractionis,
1453 3554 1492 3615 de
1514 3569 1572 3632 quo
1601 3551 1677 3611 hac·

327 3649 416 3704 tenus
441 3639 580 3704 diximus.
626 3641 695 3704 Non
718 3640 811 3722 igitur
833 3643 893 3703 erit
916 3641 1095 3721 quantitatis
1119 3650 1172 3704 aut
1195 3645 1371 3724 angulorum
1392 3642 1570 3706 visoriornm
1594 3639 1679 3701 acci·

326 3731 411 3805 dens,
437 3730 490 3792 sed
516 3728 635 3791 luminis
654 3729 763 3804 solius3
787 3729 953 3811 cujusmodi
977 3731 1038 3792 lere
1062 3739 1133 3792 sunt
1155 3731 1290 3808 halones,
1315 3731 1417 3808 irides,
1447 3727 1624 3794 scintillatio
1648 3733 1680 3787 et

327 3819 445 3882 similia.
494 3817 626 3889 Quomm
651 3818 768 3899 quidem
792 3827 991 3883 meteororum
1015 3837 1124 3882 causae
1148 3819 1294 3885 hactenus
1327 3839 1385 3882 non
1409 3821 1486 3883 satis
1509 3817 1680 3898 explicatae

327 3909 484 3970 videntur:
509 3907 565 3968 sed
588 3925 656 3969 cnm
679 3907 740 3971 sint
763 3909 801 3970 ad
825 3909 1045 3970 astronomicas
1069 3907 1327 3973 considerationes
1349 3904 1679 3990 parumnecessariae,

326 3996 473 4060 hactenus
496 3995 678 4076 peculiarem
702 3995 762 4059 illis
786 4015 886 4060 curam
909 4015 969 4060 non
992 3995 1132 4078 impendi.

416 4084 521 4146 Tertia
543 4103 645 4160 causa,
670 4104 729 4165 qua
753 4085 880 4148 Vitellio
904 4085 949 4148 ait
970 4085 1082 4148 vanari
1105 4085 1237 4150 siderum
1261 4095 1443 4167 apparentes
1462 4084 1626 4148 diametros
1649 4087 1683 4144 et

327 4173 500 4247 distantias,
539 4191 609 4236 vere
642 4181 691 4236 est
714 4174 829 4254 nptias,
855 4181 1001 4255 nocetque
1034 4193 1092 4237 non
1116 4175 1228 4249 lumini,
1253 4183 1288 4237 nt
1310 4176 1452 4250 secunda,
1489 4191 1547 4236 non
1570 4171 1682 4251 angulo

327 4262 439 4325 risorio
463 4269 495 4324 et
518 4262 681 4342 quantitati
704 4262 762 4342 ipsi
786 4263 913 4343 speciei,
937 4270 972 4325 nt
993 4263 1109 4343 prima3
1139 4280 1194 4334 nec
1222 4264 1339 4326 minora
1370 4264 1473 4338 allicit,
1507 4279 1583 4343 quae
1612 4266 1684 4322 snnt

327 4351 476 4414 horizonti
498 4351 682 4432 propinqua;
707 4351 760 4413 sed
784 4360 873 4414 nocet
896 4351 1098 4414 aestimationi
1122 4348 1301 4433 quantitatis
1325 4359 1358 4414 et
1380 4351 1493 4432 decipit
1506 4351 1584 4412 banc
1598 4349 1683 4410 visus

329 4440 515 4515 facultatem,
551 4449 587 4501 nt
608 4457 672 4501 rem
695 4437 753 4501 sibi
787 4441 930 4520 majorem
960 4438 1142 4520 imaginetur
1177 4450 1268 4524 atque
1300 4441 1417 4503 ratione
1450 4439 1552 4520 auguli
1578 4435 1682 4499 visorii

329 4546 476 4608 apparere
500 4527 601 4591 debet.
648 4528 728 4590 Nam
751 4527 820 4589 dum
844 4528 922 4590 oculi
945 4547 1063 4591 sursum
1086 4538 1253 4604 vertumni,
1279 4529 1352 4593 nibil
1374 4527 1450 4610 ipsis
1473 4525 1684 4590 intermedium

330 4617 474 4690 occurrit,
499 4635 538 4678 ex
561 4636 619 4697 quo
640 4615 802 4680 distantias
825 4615 957 4678 siderum
981 4617 1152 4681 aestiment.
1199 4618 1301 4681 Valde*
1324 4617 1415 4698 igitur
1437 4617 1603 4699 propinqua
1630 4613 1685 4674 illa

330 4703 491 4766 verticalla
513 4706 615 4768 sidera
637 4713 777 4786 putamus
801 4703 926 4786 ideoque
946 4713 978 4766 et
996 4705 1121 4781 minora,
1145 4714 1287 4770 manente
1303 4707 1408 4770 eodem
1422 4706 1541 4786 angulo.
1568 4699 1685 4766 Contra

330 4791 363 4852 fit
388 4793 416 4854 in
441 4791 613 4856 horizonte:
643 4801 713 4856 tunc
738 4793 816 4856 enim
840 4801 988 4856 terrarum
1010 4794 1040 4858 in
1064 4813 1122 4857 uno
1145 4794 1303 4858 horizonte
1326 4803 1443 4861 nactus
1466 4791 1627 4872 trauecti,
1657 4788 1686 4852 ei
