3694 5528
245 317 246 322 q
336 257 403 326 403
938 257 1087 310 neamus

337 437 443 500 Lunae
467 435 676 498 circumfundis
704 435 864 514 sphaeram
893 436 1020 510 adriam,
1051 435 1181 515 quaein
1204 432 1321 494 devexa
1350 431 1431 511 globi
1462 432 1591 494 reducta
1617 449 1692 510 pro-

337 525 517 589 funditatem
535 524 665 602 aliquam
689 523 781 585 radiis
800 521 958 586 Solaribus
973 533 1004 586 et
1018 522 1224 586 Terrestribus
1248 522 1382 600 adeoque
1401 529 1433 582 et
1455 519 1571 582 nostris
1595 519 1692 582 oculis

340 613 482 693 objiciat;
505 612 582 672 unde
606 612 650 672 illi
675 612 756 673 limbi
784 631 882 673 merus
907 621 938 674 et
961 613 1148 674 emaculatus
1179 609 1321 689 splendor
1344 615 1411 670 tota
1440 607 1574 670 interiori
1602 607 1690 681 facie,

339 722 399 784 qua
412 719 471 762 non
486 700 531 760 ita
544 700 691 778 profunde
705 700 817 762 nostris
832 700 986 762 obtutibus
1006 701 1109 762 obstat
1123 700 1170 762 hic
1186 705 1248 771 altr,
1269 697 1382 758 crebris
1397 697 1523 758 maculis
1538 702 1690 758 scatente.

428 789 533 850 Potuit
556 798 586 848 te
609 788 695 868 hujus
719 788 799 850 ebria
823 789 952 850 Lunaris
980 789 1139 850 admonere
1170 787 1244 864 liber
1274 805 1357 846 meus
1382 785 1433 847 iol.
1459 783 1534 848 287.
1560 791 1592 846 et
1616 780 1694 854 319.

339 898 416 960 quae
439 876 507 938 libri
525 877 584 938 mei
599 877 667 938 loca
685 877 745 938 tuis
760 877 807 938 hic
832 877 1044 954 experimentis
1064 875 1183 955 egregie
1207 875 1374 936 confirmas.
1413 873 1494 936 Saue
1515 872 1690 946 consideo,

339 967 388 1048 qui
421 964 573 1028 Selenitae
606 965 650 1026 illi
679 965 708 1025 in
736 965 916 1043 plenilunio,
960 966 1039 1045 qnod
1077 985 1131 1026 nos
1164 964 1298 1025 videmus
1331 963 1498 1041 (ceterique
1532 960 1692 1022 invisibilis

339 1052 551 1133 hemisphaerii
575 1054 604 1114 in
628 1053 810 1126 novilunio),
845 1054 950 1132 quibus
974 1052 1156 1131 temporibus
1185 1050 1259 1130 ipsis
1284 1060 1332 1117 est
1356 1051 1513 1124 meridies,
1545 1048 1690 1110 immanes

340 1142 422 1208 Solis
446 1148 550 1203 aestus
574 1141 703 1202 tolerare
726 1140 860 1220 possint,
890 1142 916 1202 si
940 1161 998 1203 nou
1023 1149 1075 1204 a'er
1102 1141 1239 1204 turbidus
1263 1138 1366 1202 Solem
1397 1139 1473 1210 illis,
1498 1143 1533 1200 ut
1555 1139 1589 1200 tit
1613 1137 1692 1215 apud

339 1233 506 1297 Peruanos.
533 1229 637 1291 crebro
661 1239 748 1308 teget
776 1238 949 1310 aestumque
977 1231 1099 1292 humore
1123 1237 1290 1308 temperet;
1323 1228 1373 1307 qni
1397 1235 1450 1288 atr
1472 1226 1502 1286 in
1531 1224 1693 1304 plenilunio

341 1329 374 1380 et
396 1319 531 1380 maculas
554 1318 651 1398 magis
675 1319 818 1394 occultat,
843 1327 875 1380 et
893 1319 1083 1396 splendorem
1103 1337 1140 1380 ex
1160 1317 1233 1380 Sole
1256 1316 1409 1396 ingentem
1433 1314 1577 1376 combibit
1595 1314 1692 1392 adque

338 1427 394 1468 nos
418 1406 561 1469 revibrat.

428 1493 509 1565 Quid
533 1503 565 1554 tn
589 1494 625 1554 de
650 1499 720 1556 aere
744 1493 819 1555 dicis
843 1494 1065 1568 circaLunam,
1089 1511 1154 1556 cum
1173 1492 1396 1556 Maestlinus
1420 1491 1522 1553 libello
1537 1479 1691 1568 Tubiugae

338 1584 420 1644 odito
455 1604 483 1645 a.
520 1578 604 1645 1606
637 1589 792 1655 (Disputatio
821 1591 852 1640 de
878 1589 1017 1642 multifariis
1048 1597 1159 1642 motuum
1183 1591 1340 1656 planetarum
1365 1591 1391 1638 in
1419 1588 1488 1640 eaelo
1517 1587 1693 1650 apparentibus

341 1675 576 1746 magmentarium)
605 1671 696 1730 etiarn
728 1669 847 1749 pluvias
879 1671 908 1731 in
937 1690 974 1731 ea
1006 1671 1220 1750 conspexerit?
1253 1670 1305 1732 Sic
1335 1669 1412 1730 enirn
1447 1669 1496 1730 ille
1526 1668 1582 1728 Th.
1611 1663 1691 1730 152:

342 1761 397 1834 „In
428 1759 533 1838 eclipsi
562 1758 675 1820 Lunari
705 1777 830 1837 vespere
864 1759 1040 1820 Dominicae
1071 1761 1244 1821 Palmarum
1274 1758 1345 1820 anni
1380 1753 1474 1820 1605.
1508 1756 1538 1818 iu
1568 1771 1693 1832 corpore

341 1849 446 1910 Lunae
469 1866 574 1908 versus
597 1847 719 1909 boream
743 1847 893 1926 nigricans
926 1849 1073 1927 quaedam
1095 1849 1214 1909 macula
1244 1857 1407 1926 conspecta
1437 1846 1507 1915 luit,
1541 1843 1694 1906 obscurior

340 1943 442 1998 cetero
465 1942 531 1996 toto
556 1953 690 2014 corpore,
716 1936 793 2014 quod
817 1937 974 1997 candentis
1003 1937 1073 1998 ferri
1097 1937 1220 2014 figuram
1249 1934 1507 2014 repraesentabat.
1553 1930 1693 1994 Dixisaes

342 2023 445 2086 nubila
460 2023 489 2084 in
504 2025 629 2085 multum
647 2023 799 2102 regionem
819 2033 956 2096 extensa,
980 2026 1090 2103 pluviis
1109 2033 1141 2085 et
1160 2022 1373 2102 tempestuosis
1394 2021 1537 2085 imbribus
1556 2019 1693 2099 gravida,

341 2111 508 2190 cujusmodi
537 2112 574 2172 ab
603 2112 789 2174 excelsorum
809 2112 953 2174 montium
970 2113 1053 2192 jugis
1072 2113 1100 2174 in
1125 2113 1283 2174 humiliora
1305 2112 1485 2174 convallium
1505 2111 1573 2170 loca
1592 2106 1693 2170 videre

341 2217 400 2260 nou
424 2217 492 2260 raro
515 2199 675 2278 contigit.“
705 2200 881 2262 ‘Haecille
919 2201 966 2262 Ne
990 2219 1061 2262 vero
1084 2209 1172 2281 putea
1196 2201 1384 2280 autiquamm
1398 2199 1582 2260 macularum
1606 2207 1694 2258 unam

342 2286 446 2360 luisse,
470 2288 650 2349 monstravit
673 2287 738 2365 ipse
761 2289 832 2349 mihi
855 2288 1036 2350 Maestlinus
1060 2309 1137 2351 anno
1165 2289 1311 2370 superiori
1340 2290 1527 2366 diagramma
1535 2288 1544 2358 ;'
1577 2285 1695 2346 macula

344 2382 410 2436 erat
434 2381 465 2436 et
495 2375 555 2436 situ
588 2381 620 2436 et
649 2376 853 2453 magnitudine
884 2377 1043 2452 differens,
1078 2379 1186 2458 quippe
1217 2396 1293 2457 quae
1327 2386 1466 2456 quartam
1499 2375 1621 2435 circiter
1644 2379 1695 2434 aut

270 2527 292 2558 a
345 2463 481 2543 quintam
512 2470 630 2543 partem
662 2465 798 2543 planitiei
821 2465 951 2526 Lunaris
984 2467 1171 2546 occupabat,
1205 2475 1237 2526 et
1262 2473 1422 2544 praeterea
1446 2463 1521 2524 adeo
1552 2470 1640 2534 atra,
1664 2468 1697 2522 ut

342 2552 435 2612 etiam
458 2550 488 2612 in
513 2551 711 2614 obtenebrata
733 2553 820 2614 Luna
852 2553 994 2616 eluceret.
1041 2555 1148 2616 Tradit
1180 2573 1214 2616 eo
1248 2555 1350 2616 libello
1380 2573 1399 2612 a
1425 2551 1481 2612 Th.
1506 2549 1560 2614 88.
1590 2550 1695 2611 Lunae

343 2639 522 2701 affinitatem
542 2658 608 2700 cum
628 2640 731 2712 Terra,
755 2641 785 2702 in
810 2641 971 2717 densitate,
996 2644 1109 2717 umbra,
1134 2643 1272 2720 caligine,
1297 2643 1361 2703 lnce
1383 2639 1487 2702 aSole
1511 2638 1693 2710 mutuatitia,

342 2747 419 2809 quaa
451 2727 572 2808 globum
599 2737 755 2811 utrumqne
784 2730 1044 2804 circumambutet,
1078 2751 1154 2810 quae
1183 2730 1325 2810 aequales
1357 2738 1390 2791 et
1417 2727 1568 2790 terricolis
1593 2727 1694 2788 Lunae

340 2817 454 2899 phasea
478 2816 603 2878 exhibet
626 2825 658 2878 et
682 2818 818 2880 lunicolis
833 2819 955 2893 Terrae,
980 2829 1013 2880 ut
1036 2828 1191 2899 utmmque
1214 2837 1323 2899 corpus
1345 2819 1383 2880 ab
1407 2810 1504 2878 altero
1529 2814 1695 2894 aequaliter

340 2905 533 2980 illuminetur,
550 2923 607 2984 qno
623 2906 688 2967 loco
704 2926 845 2984 maguam
863 2915 980 2987 partem
997 2907 1207 2987 complectitur
1220 2927 1305 2969 meae
1323 2904 1539 2968 Astronumiae
1554 2902 1693 2966 Lunaris.

314 2994 482 3067 ,Alterum
506 2994 632 3072 gradum
656 2995 845 3074 cognationis
868 2995 974 3057 horum
998 3015 1154 3075 corporum
1178 2996 1233 3059 Th.
1250 2993 1302 3059 92.
1325 2995 1458 3057 'collocat
1479 2993 1510 3054 in
1531 2991 1695 3072 asperitate

343 3080 579 3161 superficierum,
614 3083 748 3163 quodque
782 3091 888 3145 notatu
921 3085 1041 3164 dignum
1066 3093 1128 3159 est,
1161 3103 1199 3146 ex
1227 3083 1323 3146 tribus
1353 3083 1428 3145 locis
1450 3081 1597 3144 Averrois
1621 3079 1695 3141 citat

345 3169 457 3231 dictum
480 3167 658 3231 Aristotelis
682 3189 720 3232 ex
751 3171 827 3233 libro
852 3173 890 3234 de
911 3173 1121 3246 Animalibus,
1145 3174 1245 3253 „quod
1272 3173 1360 3234 Luna
1389 3172 1540 3232 Turrense
1572 3176 1695 3230 naturae

348 3257 507 3318 admodum
530 3256 571 3317 sit
594 3258 725 3320 affinis.“
771 3261 807 3322 In
836 3261 937 3341 specie
962 3262 997 3322 de
1027 3268 1097 3324 altro
1126 3262 1207 3324 circa
1233 3261 1353 3322 Lunare
1384 3279 1493 3340 corpus
1521 3255 1696 3320 circumfuso

348 3365 368 3406 a
391 3344 446 3407 Th.
475 3340 548 3406 145.
573 3365 611 3406 ex
633 3348 771 3424 professo
795 3349 869 3427 agit,
894 3350 979 3429 cnjus
1002 3351 1064 3412 ista
1087 3357 1158 3412 sunt
1180 3350 1273 3411 verba
1295 3350 1351 3412 Th.
1379 3345 1452 3412 tte.
1476 3347 1537 3408 tuis
1561 3344 1696 3408 Galilaea

346 3432 447 3494 verbis
471 3432 547 3494 adeo
571 3432 690 3510 similis,
714 3445 748 3496 ut
771 3453 808 3497 ex
827 3444 879 3498 tuo
902 3438 1005 3499 libello
1028 3440 1168 3500 desumta
1185 3438 1363 3500 videantur:
1388 3435 1443 3512 ,Si
1457 3437 1563 3498 Lunae
1581 3451 1696 3512 corpus,

347 3519 459 3602 iuquit,
494 3539 668 3602 quacunque
691 3523 786 3602 phase
809 3526 901 3604 probe
925 3526 1085 3602 intuearis,
1119 3533 1283 3590 extremam
1307 3545 1391 3589 oram
1414 3525 1507 3586 multo
1541 3517 1696 3601 limpidiorl

345 3608 516 3692 puriorique
547 3611 611 3672 luce
640 3611 753 3674 claram
777 3631 832 3674 nec
860 3616 929 3676 ullis
959 3615 1085 3676 maculis
1118 3633 1309 3695 conspersam
1339 3614 1473 3676 videbis:
1508 3631 1574 3674 cnm
1597 3620 1696 3672 tamen
1788 3655 1792 3662 .

345 3697 385 3760 ah
408 3698 545 3760 interiori
569 3717 693 3779 corpore
720 3701 866 3780 plurimae
894 3703 1078 3782 nigricantes
1106 3713 1196 3766 notae
1224 3704 1340 3784 passim
1367 3701 1506 3764 emicent.
1553 3699 1631 3770 Quis
1652 3698 1697 3760 hic

348 3787 439 3862 dicet,
464 3785 619 3849 uniformis
642 3788 723 3852 illius
746 3790 822 3852 lucis
845 3809 903 3851 uon
927 3811 996 3852 esse
1024 3792 1120 3866 aliud,
1151 3811 1238 3872 qnam
1262 3791 1350 3870 hujus
1380 3789 1561 3852 obscurioris
1589 3786 1696 3854 turbidi

348 3883 380 3936 et
402 3875 547 3937 maculati
570 3877 739 3957 splendoris
763 3879 974 3958 subjectum?“
1009 3878 1170 3943 Concludit
1192 3881 1271 3954 hinc,
1300 3898 1408 3959 corpus
1430 3878 1514 3940 limbi
1537 3897 1605 3940 esse
1628 3893 1696 3956 per-

346 3963 486 4038 lucidum,
512 3965 599 4043 quasi
620 3964 765 4042 vitreum,
790 3967 912 4042 ebrium,
937 3969 1168 4049 homogmmm,
1193 3969 1320 4050 denique
1344 3968 1424 4029 adria
1451 3967 1547 4028 nostri
1571 3965 1697 4027 eircum-

343 4052 498 4116 terrestris
521 4052 611 4132 plane
634 4055 742 4117 simile.

433 4139 550 4201 Multus
574 4142 693 4221 quidem
717 4151 766 4224 est
787 4144 818 4206 in
842 4162 892 4218 eo,
917 4152 951 4206 ut
973 4152 1072 4208 tecum
1098 4143 1236 4206 Galilaee
1260 4145 1337 4206 huuc
1365 4151 1464 4206 alerem
1488 4162 1526 4204 ex
1549 4161 1584 4204 eo
1609 4141 1699 4204 etiam

345 4227 430 4308 signo
454 4228 580 4306 probet,
616 4232 715 4311 „quod
744 4250 816 4312 pars
850 4232 960 4295 lumine
989 4233 1070 4296 Solis
1102 4235 1225 4313 perfusa
1258 4233 1411 4313 amplioris
1443 4231 1699 4294 circumferentiae

346 4322 493 4395 apparet,
528 4335 615 4396 quarn
639 4319 784 4400 reliquum
815 4321 895 4384 orbis
923 4323 1116 4384 tenebrosi“:
1138 4323 1229 4401 quod
1252 4321 1433 4383 Maestlinns
1464 4319 1566 4380 multis
1593 4320 1700 4400 probat

343 4403 575 4483 experimentis,
609 4426 669 4468 non
694 4409 848 4471 nocturnis
872 4417 1006 4486 tantum,
1040 4430 1163 4490 quornm
1187 4429 1280 4472 causa
1303 4410 1332 4470 in
1360 4409 1458 4470 visum
1481 4406 1564 4486 rejici
1587 4413 1699 4487 pos'set,

341 4493 397 4554 sed
421 4499 453 4554 et
476 4493 601 4570 diurnis,
628 4497 746 4575 quando
771 4497 863 4559 stella
877 4499 1006 4560 Veneris
1030 4517 1063 4559 se
1086 4507 1158 4580 post
1176 4501 1281 4562 Lunae
1307 4498 1414 4559 bifidae
1437 4504 1554 4574 partem
1579 4495 1700 4556 umbro-

343 4599 410 4641 sam
433 4581 551 4660 recipit.
599 4583 713 4646 Verum
735 4603 811 4664 pace
834 4594 938 4646 vestre
968 4586 1039 4647 mihi
1069 4586 1175 4655 liceat.
1207 4605 1263 4666 ego
1287 4585 1346 4647 etsi
1375 4592 1476 4648 adrem
1499 4583 1604 4645 Lunae
1628 4602 1700 4645 cou-

344 4668 428 4744 cedo,
454 4675 555 4730 tamen
582 4690 672 4751 super
694 4674 751 4734 hoc
775 4673 979 4752 experimento
1002 4693 1109 4736 maneo
1132 4675 1163 4736 iu
1186 4674 1358 4736 sententia:
1383 4675 1482 4735 lumen
1506 4671 1575 4734 hinc
1597 4672 1701 4734 Lunae

344 4754 414 4823 inda
446 4757 555 4824 stellae
587 4760 623 4822 de
652 4761 700 4822 die
732 4761 825 4823 etiam
852 4779 920 4823 sese
950 4761 981 4824 iu
1016 4764 1102 4826 oculo
1132 4762 1278 4844 ampliare
1310 4763 1466 4843 lucumque
1492 4760 1591 4840 partis
1614 4769 1702 4822 tenea·
