3700 5530
344 263 409 345 574
733 283 914 332 anemonas
932 277 1039 332 Editorir
1057 282 1083 330 ln
1100 277 1247 346 Dicptricen
1266 278 1312 332 dc.

433 454 480 517 24)
499 471 524 522 p.
544 455 604 508 524.
641 457 747 508 Pena:
767 455 882 508 Euclides
900 464 985 522 aperte
1004 458 1090 514 docet,
1110 463 1239 521 aspectum
1256 457 1310 507 deri
1328 469 1373 520 per
1390 455 1472 506 radios
1488 461 1652 520 properantes
1669 456 1702 506 ab

344 530 420 580 oculis
440 529 472 578 ad
490 543 529 580 res
547 532 620 580 visas.
657 528 766 592 Legerat
784 525 886 578 Vitellio
909 535 1023 580 auctores
1041 544 1090 578 non
1116 530 1247 586 obscuros,
1275 529 1317 592 qui
1335 527 1459 585 dicerem,
1486 534 1599 578 mutuam
1623 528 1701 576 inter-

344 602 480 652 sectionem
499 615 626 650 nervorum
639 601 783 663 opticorum,
803 605 936 664 antequam
950 601 981 650 ad
995 601 1077 650 oculos
1090 601 1244 664 perveniant,
1258 613 1360 650 causam
1373 613 1437 655 esse,
1456 613 1500 648 cur
1510 613 1563 650 una
1574 605 1601 648 ei
1613 599 1704 648 eaden

344 687 397 729 rea.
423 673 499 721 etiam
516 671 537 719 ei
556 687 572 720 a
590 671 684 722 dnobus
704 670 779 720 oculis
808 673 986 734 conspiciatur,
1015 686 1067 722 nna
1084 677 1169 722 tamen
1188 687 1238 722 aon
1256 677 1342 722 autam
1359 671 1461 734 gemina
1479 676 1607 733 appareat
1643 669 1703 720 Hac

344 743 458 807 opinione
476 742 584 791 imbutus
602 741 782 806 pronunciarit,
802 743 917 792 unionem
935 743 1068 792 formarum
1081 744 1107 792 in
1119 757 1247 792 nmrorum
1265 742 1442 792 intersectione
1459 741 1567 797 efficere,
1586 746 1616 790 ut
1626 743 1705 790 unica

343 827 382 864 rer
400 813 475 862 unica
494 819 621 876 appareat.
660 812 742 873 Quam
761 826 862 862 causam
882 816 934 876 quis
953 829 1002 862 non
1020 813 1176 864 inefficacem
1193 806 1311 874 judicati
1335 812 1435 862 Etenim
1452 813 1473 862 si
1492 811 1635 873 conjunctio
1652 811 1702 860 ior-

343 893 439 934 marum
458 885 484 931 in
502 885 676 933 intersectione
694 898 822 932 nervorum
842 887 977 948 optinorum
995 885 1028 933 sit
1046 899 1136 945 cauas,
1156 899 1200 934 cur
1212 897 1264 934 una
1282 883 1418 947 eademque
1430 897 1469 934 rea
1488 883 1606 934 ambobus
1624 883 1703 932 oculis

343 957 420 1004 unica
438 961 574 1017 appareat,
601 956 642 1018 qui
660 954 714 1004 fleri
731 956 836 1016 poterit,
864 962 892 1004 ιι
910 957 986 1020 digito
1012 955 1117 1005 altarum
1144 955 1269 1005 oculorum
1296 961 1423 1018 premente
1449 955 1526 1004 unica
1542 967 1581 1002 res
1600 954 1704 1018 gemina

341 1027 462 1082 rideatur,
482 1039 537 1075 cnm
557 1039 589 1076 aa
606 1025 671 1075 oculi
690 1027 782 1088 pressio
800 1041 889 1076 nervos
908 1028 1004 1090 opticor
1022 1041 1072 1076 uon
1091 1024 1210 1076 dirimat?
1228 1027 1264 1074 Δι
1282 1026 1359 1090 digito
1378 1025 1483 1074 alterum
1502 1024 1627 1074 oculorum
1645 1037 1703 1087 pre·

342 1103 435 1153 mente,
454 1109 507 1146 uns
524 1102 551 1147 et
569 1096 658 1147 eadem
675 1111 714 1146 res
733 1111 782 1146 non
794 1111 847 1146 una
864 1097 908 1147 sed
927 1098 1028 1162 gemina
1045 1104 1157 1160 apparet.
1183 1095 1268 1146 Gaura
1284 1097 1361 1162 igitur
1372 1095 1435 1146 haec
1449 1095 1482 1146 ad
1501 1095 1702 1156 coniunctionem

341 1169 474 1218 formarum
491 1167 518 1216 in
544 1169 720 1218 interseptione
748 1169 880 1218 referende
903 1183 953 1218 non
981 1169 1034 1217 init.
1072 1168 1159 1232 ltaque
1179 1167 1289 1218 Gdenus
1312 1167 1348 1216 vis
1370 1173 1398 1216 nt
1423 1168 1449 1216 in
1476 1166 1657 1216 medicinalia
1673 1167 1701 1214 in

342 1239 430 1302 cpticis
447 1239 556 1301 primus,
576 1255 631 1289 curn
651 1253 707 1288 eam
725 1252 827 1288 causam
851 1239 966 1303 frigidam
984 1245 1010 1288 ct
1027 1240 1128 1288 inanem
1150 1253 1205 1288 esse
1230 1238 1392 1303 intelligeret,
1412 1238 1445 1288 ad
1463 1237 1701 1288 demonstrationem

342 1323 473 1360 conversus
492 1311 591 1374 reperit,
610 1310 763 1374 pyramidum
782 1311 827 1358 snb
845 1311 920 1359 radiis
938 1311 970 1359 ab
989 1310 1058 1360 oculo
1077 1311 1156 1358 missis
1169 1310 1398 1373 comprehensarum
1418 1308 1524 1358 eandem
1544 1322 1599 1358 esre
1616 1308 1698 1362 basin.

345 1381 375 1429 ob
393 1379 467 1443 idque
484 1395 561 1430 unam
580 1387 606 1430 et
625 1381 730 1430 eandem
748 1396 798 1430 rem
818 1381 912 1430 dnobus
931 1381 1007 1430 oculis
1025 1395 1101 1430 unam
1120 1393 1255 1444 apparere:
1280 1379 1357 1444 digito
1375 1394 1432 1430 vero
1451 1380 1557 1429 alterum
1576 1378 1703 1429 oculorum

341 1459 478 1515 premente,
498 1453 571 1500 hasce
589 1451 644 1501 ilias
663 1452 784 1514 geminari
803 1459 828 1500 et
847 1453 932 1510 dirimi,
953 1453 983 1500 ob
1002 1451 1075 1518 idque
1093 1452 1197 1502 eandem
1215 1466 1268 1500 rem
1285 1451 1411 1516 geminem
1430 1451 1504 1500 cerni.

431 1521 476 1583 25)
495 1537 518 1585 p.
540 1519 600 1570 524.
638 1521 759 1572 Libellum
778 1522 810 1571 de
834 1537 860 1571 re
882 1525 937 1586 ipsa
954 1522 1077 1586 chlarus
1103 1537 1152 1572 non
1179 1523 1329 1585 conscripsit.
1366 1521 1454 1571 Pauca
1476 1519 1591 1570 additia
1610 1515 1702 1582 Optica

342 1606 397 1656 cap.
418 1593 463 1641 lv.
483 1589 554 1658 (pag.
575 1589 647 1654 21¹).
678 1592 708 1642 ln
727 1593 835 1657 epistolis
854 1594 977 1657 quaedam
995 1595 1026 1644 dc
1044 1591 1083 1644 his
1102 1599 1247 1650 occurrunt,
1266 1607 1322 1642 cum
1340 1592 1365 1640 in
1383 1592 1429 1648 iia,
1449 1606 1511 1658 quas
1529 1591 1702 1654 praemisimus

344 1663 457 1728 Optime,
483 1671 535 1714 tum
554 1665 580 1714 in
598 1662 707 1727 epistolia
727 1664 760 1713 ad
776 1664 822 1714 Jo.
842 1664 983 1722 Remum,
1003 1678 1069 1714 auno
1084 1661 1160 1713 1619.
1179 1665 1252 1720 datia,
1272 1677 1342 1728 quas,
1360 1669 1482 1727 qnatenus
1499 1661 1548 1712 huc
1565 1661 1701 1728 pertinent,

343 1744 466 1794 addimur.
494 1745 581 1808 Agens
599 1745 630 1794 do
650 1750 748 1794 cometa
758 1744 883 1808 Keplerua
900 1745 1051 1810 haec'ierma
1070 1745 1180 1796 dixerat:
1200 1738 1222 1790 si
1238 1743 1346 1790 cometa
1359 1743 1434 1790 esset
1451 1734 1566 1790 reflexio
1580 1731 1701 1796 luminis,

274 1841 279 1844 ·
344 1825 411 1871 tunc
432 1833 501 1870 sane
522 1835 560 1871 ex
573 1817 717 1886 parallaxi
738 1819 771 1870 de
786 1817 846 1886 ejus
868 1817 1015 1872 altitudine
1030 1817 1105 1872 nihii
1126 1817 1352 1878 concludentium
1375 1817 1427 1870 ino
1441 1815 1465 1870 si
1486 1831 1586 1883 corpus
1606 1813 1700 1868 radies

343 1897 417 1952 Solis
438 1896 628 1966 repercutiens
650 1903 725 1949 esset
752 1897 938 1966 aequabiliter
957 1899 1086 1967 planum,
1108 1899 1193 1968 plane
1213 1897 1292 1950 nulia
1310 1902 1387 1950 esset
1406 1895 1580 1965 parallaxis:
1607 1910 1701 1948 omnes

343 1977 464 2030 enimin
492 1982 552 2030 toto
580 1977 725 2030 lierrmum
752 1978 817 2031 orbe
839 1985 974 2032 cometem
995 1978 1021 2030 in
1042 1979 1138 2031 eadem
1160 1993 1178 2030 a
1191 1977 1255 2031 Sole
1276 1976 1427 2030 remotione
1448 1977 1543 2029 eodem
1563 1979 1701 2028 momento

344 2061 490 2112 cernerent
511 2049 570 2126 (qui
597 2057 703 2126 quidem
729 2053 900 2123 cernerent),
923 2058 989 2128 quia
1009 2059 1112 2112 Terrae
1141 2057 1282 2128 quantitas
1309 2057 1344 2108 ad
1365 2055 1437 2110 Solis
1465 2053 1626 2109 distantiam
1646 2071 1701 2106 non

345 2144 390 2192 εει
417 2135 563 2192 sensibilis.
604 2136 649 2190 Sic
675 2133 768 2190 iridem
795 2137 910 2208 quilibet
938 2153 1015 2194 suam
1035 2138 1133 2201 uidet,
1162 2137 1310 2190 distantem
1338 2151 1356 2188 a
1376 2135 1440 2189 Sole
1466 2151 1518 2206 per
1544 2133 1624 2198 135⁰,
1646 2149 1701 2186 nen

344 2216 468 2287 quidem,
500 2215 566 2286 quia
595 2216 690 2286 aliqua
720 2217 807 2285 plana
836 2218 994 2288 superficies
1021 2225 1073 2281 est,
1095 2219 1143 2270 sed
1170 2215 1234 2287 quia
1255 2219 1305 2268 adr
1325 2232 1374 2269 seu
1403 2231 1491 2284 vapor
1511 2214 1540 2268 in
1566 2214 1700 2267 rotundas

345 2295 510 2365 sphaerulas
537 2301 650 2350 coactus
678 2302 736 2359 eet,
764 2314 879 2367 quarum
905 2297 1076 2369 singularum
1103 2297 1283 2352 retractiones
1311 2295 1415 2367 singuli
1440 2293 1534 2350 vident
1559 2293 1640 2348 oculi.
1664 2322 1698 2330 -

346 2373 442 2433 Quibus
460 2373 586 2436 respondit
603 2372 735 2423 Remus:
755 2373 795 2424 De
813 2375 882 2429 iride.
901 2375 1001 2433 halone
1019 2390 1058 2424 ree
1076 2375 1149 2442 longe
1169 2373 1316 2424 difficiliores
1334 2379 1392 2424 aunt
1411 2374 1556 2436 cujusquam
1575 2371 1698 2436 opinione.

347 2443 447 2496 Dentur
465 2444 530 2493 enim
548 2445 625 2508 primo
654 2451 738 2496 certae
763 2446 945 2496 observationes
963 2448 989 2496 in
1006 2447 1072 2496 horis
1092 2452 1117 2495 et
1134 2446 1250 2502 minutia,
1270 2451 1296 2493 et
1318 2444 1518 2509 magnitudines,
1546 2442 1613 2508 quod
1629 2457 1701 2492 nemo

347 2515 430 2566 adhuc
457 2516 576 2573 tenurit,
604 2515 669 2566 latet
695 2523 722 2568 et
749 2516 812 2568 alius
839 2518 917 2568 nodus
936 2517 967 2567 de
984 2517 1128 2576 halonibus‚
1151 2515 1251 2581 pareliis
1269 2513 1314 2564 dic.
1333 2538 1368 2546 —
1404 2514 1568 2579 Keplerus
1597 2520 1701 2564 conus:

345 2591 380 2642 de
400 2588 503 2642 halone
524 2595 555 2642 et
574 2587 687 2642 iridibus
709 2589 804 2660 aliqua
823 2591 910 2659 plana
926 2590 986 2659 jam
1008 2599 1081 2645 sunt.
1116 2592 1188 2645 Nam
1208 2587 1283 2642 iridis
1304 2587 1507 2642 semidiameter
1527 2582 1700 2658 (primariae)

344 2674 389 2722 est
410 2667 470 2732 45⁰,
492 2667 602 2722 halonia
624 2669 720 2738 2273
742 2669 816 2723 iridis
838 2670 1017 2726 secundariae
1042 2672 1092 2726 11⁰
1114 2669 1240 2740 amplius.
1281 2668 1365 2722 Ratio
1390 2670 1513 2738 petenda
1531 2683 1570 2722 ex
1597 2666 1700 2720 refrac-

345 2749 420 2803 tione
442 2748 564 2802 maxime
584 2749 611 2802 in
633 2763 713 2820 equa.
749 2749 820 2803 Nam
841 2750 887 2804 ubi
909 2751 1037 2810 maxima,
1050 2751 1189 2815 retractio,
1211 2747 1249 2802 ibi
1270 2747 1376 2802 colores
1398 2748 1531 2804 oriuntur.
1562 2747 1613 2802 Iris
1628 2745 1700 2800 enim

344 2833 456 2882 constat
476 2845 513 2882 ex
543 2829 634 2900 guttis
661 2830 794 2883 rotundis.
838 2832 936 2901 ltaque
968 2833 1033 2884 dato
1064 2831 1169 2906 aqgarlo
1190 2831 1226 2883 ad
1256 2829 1366 2882 oculum
1390 2845 1428 2881 ex
1451 2843 1510 2882 una
1540 2827 1699 2897 sphaerula,

344 2911 427 2962 datur
448 2907 564 2962 circulus
587 2907 661 2964 iridis
684 2927 721 2962 ex
742 2909 854 2964 infinitis
882 2911 972 2982 guttis
998 2911 1121 2966 rotundis
1150 2907 1326 2978 compositus.
1369 2909 1400 2961 ln
1420 2904 1589 2979 pareliorum
1608 2913 1699 2960 tamen

344 2983 431 3059 (quae
453 2995 518 3042 sunt
538 2988 631 3043 latera
651 2984 775 3058 halonis)
797 2991 888 3044 causis
910 2989 1036 3046 eruendis
1058 2991 1147 3044 adhuc
1168 2990 1279 3044 haereo.
1320 2987 1407 3042 Video
1428 2987 1531 3058 aliquid
1553 2987 1630 3058 qnasi
1652 3001 1701 3056 per

344 3067 542 3137 crepusculum,
566 3071 637 3140 quod
658 3070 795 3140 exprimo
816 3071 870 3125 hac
891 3071 1065 3126 defiuitione:
1087 3070 1224 3141 paralium
1238 3075 1282 3122 est
1296 3069 1382 3122 sectio
1403 3074 1500 3121 mutua
1520 3067 1651 3121 helenum
1671 3073 1700 3118 ei

344 3148 496 3210 columnae,
519 3149 566 3202 uhi
587 3151 714 3204 columna
733 3151 895 3221 plerumque
917 3168 947 3206 se
973 3149 1035 3220 ipsa
1054 3157 1251 3222 praeterquam
1271 3148 1299 3201 in
1320 3148 1369 3203 illc
1391 3164 1524 3202 concursu
1545 3153 1589 3204 est
1608 3147 1698 3200 incon-

344 3226 458 3296 spicua:
480 3228 663 3298 reduplicatio
685 3247 750 3284 vero
771 3231 880 3287 luminis
901 3231 929 3286 in
951 3247 1084 3288 concursu
1105 3231 1173 3284 facit
1193 3229 1298 3285 enitere
1316 3227 1464 3298 paralium.
1494 3229 1557 3281 lam
1578 3225 1701 3295 explicet

345 3305 404 3376 quis
426 3306 491 3359 mihi
512 3324 610 3362 causas
633 3311 793 3373 columnae;
823 3327 871 3364 cur
892 3312 937 3364 vel
957 3311 1093 3365 horizonti
1122 3310 1263 3380 parallelo.
1283 3325 1334 3378 per
1355 3315 1478 3372 centrum
1498 3307 1579 3373 Selia,
1601 3307 1647 3360 vel
1666 3306 1701 3358 ad

342 3385 515 3440 horizontem
544 3389 798 3456 perpendicularis,
829 3391 938 3460 qualem
965 3391 1024 3444 ridi·
1045 3389 1137 3446 orium
1155 3396 1234 3447 *ante
1258 3395 1373 3444 mortem
1394 3387 1522 3443 (iaceatis
1543 3386 1699 3442 Matthiae:

343 3465 461 3521 dixisses
478 3465 570 3521 Solem
585 3475 737 3535 cornutum.
766 3471 838 3524 Erat
852 3471 989 3540 paralium
1003 3471 1087 3524 altius
1103 3469 1167 3524 Sele
1182 3469 1279 3538 22¹(,⁰.
1307 3469 1402 3523 Visum
1415 3468 1480 3522 olim
1494 3467 1700 3539 ethioguutiee

345 3547 411 3608 tale,
433 3551 467 3600 ut
490 3547 600 3617 scripsit
621 3551 655 3602 ad
676 3565 719 3603 me
740 3551 953 3604 mathematicus
975 3551 1006 3605 P.
1019 3551 1164 3622 Zieglerus
1184 3552 1220 3617 (a
1238 3551 1323 3612 16063
1342 3569 1421 3618 comp.
1439 3554 1593 3604 Hanachinm
1610 3569 1635 3617 p.
1648 3549 1700 3601 356

342 3639 368 3684 ει
387 3631 444 3696 Opt.
464 3648 488 3698 p.
509 3631 563 3695 71).
597 3629 668 3682 Erat
682 3630 769 3700 igitur
782 3631 847 3684 halo
862 3647 974 3684 eversus
990 3631 1060 3685 etin
1075 3645 1207 3683 concursu
1226 3628 1335 3682 halonis
1349 3636 1379 3681 et
1393 3629 1535 3682 columnae
1557 3626 1698 3696 pareiinna

342 3707 424 3762 Tales
447 3713 476 3760 et
497 3707 524 3760 in
537 3707 618 3764 Luna
638 3709 724 3778 plene
744 3711 880 3764 interdurn
900 3711 1027 3764 visuntur
1047 3711 1198 3771 columnae,
1221 3715 1251 3762 et
1264 3711 1336 3779 quod
1357 3709 1476 3763 maxime
1496 3707 1611 3771 mireris,
1632 3705 1698 3759 halo

345 3789 418 3842 circa
441 3789 597 3857 oppositum
611 3789 716 3843 Lunae.
755 3798 794 3847 Ad
812 3797 875 3847 haec
895 3797 1026 3847 Remus:
1045 3797 1136 3846 iridem
1153 3797 1202 3846 ridi
1221 3797 1348 3846 dimidiam
1359 3795 1474 3846 Viennae
1494 3792 1518 3842 2.
1533 3793 1590 3845 Oct
1605 3789 1698 3854 (1619)

344 3867 409 3916 inter
422 3865 545 3915 Graecum
558 3873 584 3916 et
596 3867 715 3928 Lassata,
736 3883 785 3918 non
799 3869 894 3918 durarit
911 3869 978 3918 ultra
995 3869 1167 3932 quadrantem.
1190 3867 1280 3932 Scripsi
1294 3866 1405 3916 Galilaeo
1424 3865 1548 3930 quaedam
1566 3871 1592 3915 at
1604 3865 1699 3928 copiam

343 3937 388 3988 tibi
407 3939 556 3987 transmitto.
584 3937 672 3995 Credo,
692 3940 757 4002 quod
770 3940 864 3990 calleas
877 3940 1055 4006 quodammodo
1069 3939 1184 3989 Italicam
1196 3939 1321 4004 linguam
1340 3940 1361 3987 si
1373 3937 1455 4004 legisti
1467 3938 1580 3988 remittas
1598 3949 1697 4002 quaeso.

433 4007 504 4070 Quae
524 4008 595 4060 docte
615 4017 641 4060 et
658 4011 797 4074 pererudite
823 4011 929 4074 explicas
948 4011 978 4060 de
997 4011 1058 4060 iride
1077 4017 1103 4060 et
1126 4010 1230 4068 halone,
1254 4014 1306 4074 jam
1325 4024 1374 4060 non
1398 4009 1465 4059 valet
1482 4023 1530 4059 nec
1548 4009 1635 4074 genius
1652 4020 1699 4055 nec

344 4087 450 4143 tempus,
469 4094 517 4128 nec
537 4082 601 4129 enim
621 4081 683 4131 adeo
702 4081 760 4131 ieiix
778 4088 823 4131 aut
849 4082 997 4132 exercitatus
1016 4097 1070 4130 sum
1088 4083 1114 4130 in
1137 4082 1287 4132 sectionibus
1310 4081 1401 4132 conicis
1421 4079 1507 4146 (chl.
1526 4081 1553 4129 in
1570 4079 1697 4146 margine:

342 4150 373 4200 da
393 4151 444 4200 alia
462 4153 572 4200 sectione
591 4153 676 4219 loquor
695 4149 762 4218 ego),
783 4159 924 4216 exoptarem
943 4154 1095 4217 magistrum,
1116 4159 1144 4202 nt
1161 4167 1245 4203 rerem
1263 4153 1352 4201 fatear.

431 4218 477 4282 26)
496 4238 520 4286 p.
542 4218 601 4271 549.
639 4223 703 4273 Huic
722 4225 868 4288 problemati
885 4226 952 4273 inest
970 4224 1119 4274 constructio
1138 4225 1191 4272 tubi
1209 4225 1292 4287 optici,
1313 4237 1385 4286 quem
1403 4223 1461 4272 inde
1481 4237 1497 4272 a
1514 4220 1696 4284 Kapleritcm·

341 4293 438 4356 poribus
456 4295 612 4343 nominamus
635 4295 742 4344 tubum
767 4296 1025 4345 astronomicum
1043 4309 1086 4344 seu
1106 4295 1351 4357 Keplarianum.
1388 4293 1512 4357 Keplerus
1531 4292 1628 4356 quidem
1646 4293 1698 4355 ipse

343 4363 475 4413 destitutus
494 4366 559 4414 omni
579 4372 700 4429 apparatu
719 4371 745 4416 et
762 4367 884 4423 subsidiis,
904 4365 979 4416 talem
998 4366 1083 4416 tubum
1095 4380 1146 4415 non
1163 4365 1285 4428 coniecit3
1303 4366 1393 4429 primus
1406 4363 1559 4430 quiKepleri
1575 4363 1699 4427 problema

341 4434 485 4487 mechanica
498 4436 576 4495 scirit,
590 4435 665 4486 irrisae
677 4437 773 4487 ridetur
786 4438 814 4487 P.
829 4437 992 4495 Schoinos,
1011 4439 1096 4501 quiin
1116 4435 1201 4496 „Rosa
1219 4435 1326 4486 Ursina¹⁶
1347 4433 1399 4498 (ed.
1418 4437 1553 4488 Braeciaui
1572 4449 1596 4489 a.
1619 4431 1697 4492 tcto)

342 4507 418 4555 tuem
443 4508 528 4557 tubum
547 4519 574 4556 se
593 4508 734 4558 adhibuisse
759 4509 833 4559 refert
851 4508 885 4558 ad
902 4509 1084 4558 observationes
1103 4509 1289 4559 astronomicas.

431 4575 477 4640 27)
501 4595 525 4642 p.
554 4575 614 4628 550.
661 4579 757 4630 Tubum
785 4580 823 4630 hia
850 4580 961 4629 innixum
988 4580 1112 4644 principiis
1143 4581 1279 4630 construxit
1304 4578 1360 4630 Chr.
1390 4579 1565 4641 Scheiner‚
1595 4591 1698 4642 eumque

343 4647 459 4698 decutit
476 4649 502 4700 in
521 4664 593 4714 opere
612 4665 657 4700 suo
676 4649 830 4715 quodmodo
850 4651 962 4700 dhimus.
