3674 5538
796 335 877 406 Caput
894 337 925 392 ll.

268 508 344 573 Cum
362 530 445 594 ergo
472 531 526 593 per
554 513 687 593 quintam
711 533 835 580 necesse
859 517 900 578 sit

184 599 322 660 confundi
346 601 622 680 figuramlueentis
645 603 844 666 acuminatam
868 614 899 666 et

184 687 332 750 fenestrae
347 689 521 763 rotundam,
543 708 599 770 per
622 690 810 754 corollarium
826 711 898 754 vero

182 775 301 838 tertium
334 778 471 857 eJusdem
505 778 640 840 confusio
670 778 745 842 haee
777 781 898 854 circulo,
1033 829 1037 837 s

182 872 329 944 quatenus
344 865 488 940 eirenlns,
514 866 585 928 nihil
601 867 638 928 de
657 867 768 947 figurae
788 869 897 931 simili-

182 952 283 1014 tudine
317 953 475 1030 detrahat,
508 955 563 1016 sed
595 957 801 1018 tantummodo
825 975 897 1038 pro·
1020 1021 1022 1028 ,

181 1049 303 1103 moreat
329 1043 477 1104 terminos
509 1044 659 1105 fenestrae
690 1045 729 1118 D,
744 1045 780 1120 Ε,
802 1043 838 1119 C,
857 1047 897 1118 A,

180 1129 959 1210 meselemiaaolaigimrcornuac,1).a
1244 1119 1265 1160 ‘⁸'
1501 1192 1517 1237 ὓ

182 1218 355 1280 acuminata
378 1227 503 1280 manent
520 1221 548 1281 in
567 1239 668 1294 eausa,
694 1221 898 1282 circumducta
1015 1287 1020 1300 ,
1177 1270 1181 1295 ,
1467 1280 1479 1294 ,

183 1305 260 1368 eninr
294 1308 459 1370 secundnm
491 1309 761 1371 circumferentiam
784 1310 897 1388 figurae
967 1319 975 1364 l
1021 1305 1066 1442 Χ
1178 1369 1182 1382 ,

182 1394 336 1456 fenestrae
360 1395 496 1458 scribunt
513 1403 545 1458 st
562 1395 631 1476 ipsa
651 1398 743 1459 talem
768 1398 896 1460 circom-
982 1403 1005 1492 't
1067 1443 1082 1484 p

183 1482 343 1546 ferentianr
356 1483 413 1557 HI,
427 1484 491 1556 ΚΕ,
516 1486 559 1546 uti
576 1503 660 1565 prop.
681 1493 769 1548 sexta
787 1487 895 1565 patuit.
1010 1505 1066 1622 Χ
1143 1481 1152 1510 s
1299 1559 1301 1564 ,
1351 1453 1465 1680 s

1191 1628 1298 1654 v!

268 1571 359 1650 Prop.
382 1571 440 1634 XI.
487 1573 674 1636 Diameter
706 1574 830 1636 Lunae
862 1575 896 1636 in

183 1659 394 1739 hujusmodi
437 1660 699 1724 radio‘minor
743 1671 898 1742 apparet
1084 1673 1348 1737 ixx-s

182 1765 282 1826 quarn
308 1749 401 1810 foris
425 1749 459 1811 in
484 1751 599 1812 eoelo.
636 1751 780 1812 Manente
803 1751 898 1832 figura

181 1835 271 1914 priori
295 1837 486 1899 continuetur
508 1836 595 1900 DAO
619 1846 820 1918 segmentum,
846 1839 970 1922 ejusque
1000 1836 1102 1900 circuli
1132 1845 1268 1899 centrum
1292 1837 1319 1898 L
1342 1845 1539 1899 connectatur

182 1942 248 1986 oum
272 1923 308 1999 O,
334 1926 375 1999 A,
399 1925 437 1986 1).
484 1923 684 1990 continuetur
707 1927 799 1989 etiam
822 1927 905 2004 DEO
935 1935 1122 2006 segmentum
1145 1943 1200 2006 per
1223 1925 1262 1994 N,
1287 1925 1410 2005 ejusque
1434 1926 1536 1988 circuli

182 2020 317 2074 neutrum
340 2015 370 2074 A
395 2021 593 2076 connectatur
620 2035 686 2077 oum
710 2013 751 2087 C,
774 2015 815 2089 Ε,
840 2017 868 2078 D
891 2013 1030 2096 pauoris,
1067 2021 1099 2076 et
1125 2013 1307 2094 producatur
1330 2015 1358 2074 in
1382 2012 1422 2088 K,
1448 2011 1487 2087 G,
1511 2013 1536 2076 1.

183 2099 258 2162 Cum
282 2119 356 2181 ergo
380 2099 494 2164 DECA
518 2120 572 2181 per
604 2103 794 2166 corollarium
826 2105 935 2165 tertiae
959 2103 1001 2164 sit
1025 2111 1134 2164 exacta
1161 2101 1256 2182 figura
1283 2101 1380 2182 partis
1404 2101 1441 2162 de
1466 2099 1557 2179 Sole,

183 2189 341 2250 deficiente
370 2190 523 2264 residuae,
557 2192 722 2270 cujusmodi
745 2209 816 2254 vare
839 2193 869 2253 iu
894 2190 978 2254 coelo
1002 2199 1144 2272 apparet,
1177 2191 1303 2270 ideoque
1326 2189 1384 2252 LA
1408 2190 1447 2251 ad
1469 2188 1537 2259 ΑΕ,

182 2279 228 2338 rel
252 2277 311 2338 LD
333 2278 373 2339 ad
396 2277 471 2353 DA,
494 2279 542 2339 rel
566 2279 619 2342 LO
645 2280 683 2341 ad
708 2277 779 2356 CA,
805 2289 853 2344 est
874 2299 947 2344 vera
975 2279 1129 2360 proportio
1159 2277 1377 2342 dimetientium
1402 2276 1483 2339 Solis
1507 2284 1539 2338 et

182 2365 296 2426 Lunae.

267 2453 316 2516 At
338 2471 409 2514 vero
433 2472 500 2515 cum
523 2452 685 2517 IGKFBH
712 2455 753 2516 sit
785 2456 932 2536 ampliata
964 2455 1093 2536 undique
1126 2453 1349 2517 semidiametro
1385 2453 1537 2515 fenestrae

180 2540 302 2603 nevel
317 2540 383 2615 CK,
409 2541 467 2602 don
491 2561 561 2621 ergo
586 2543 613 2603 in
638 2542 716 2605 idem
739 2553 929 2618 concurrunt,
954 2544 1049 2624 primo
1066 2543 1134 2618 AD,
1151 2543 1218 2615 ΑΕ,
1239 2539 1295 2602 AO
1320 2541 1537 2604 semidiametri

182 2629 262 2691 Solis
286 2637 453 2708 augentur,
475 2631 605 2710 fiuntque
630 2632 684 2705 AI,
708 2630 788 2706 AG,
813 2632 883 2694 ΑΚ.
931 2630 1033 2702 Quare
1058 2631 1109 2704 (Ε.
1137 2631 1176 2704 V,
1201 2628 1237 2702 8)
1266 2629 1362 2708 major
1392 2636 1440 2690 eet
1462 2647 1535 2708 pro-

181 2717 280 2796 portio
303 2717 351 2779 AI
380 2718 418 2778 ad
449 2719 506 2780 AL
536 2737 623 2798 quam
646 2720 706 2780 AD
730 2721 768 2782 ad
793 2719 859 2781 AL.
905 2720 1023 2782 Deinde
1047 2719 1113 2789 LD,
1138 2720 1210 2790 LA,
1234 2715 1288 2780 LO
1319 2718 1537 2780 semidiametri

181 2806 287 2868 Lunae
310 2806 482 2868 minuuntur
503 2807 636 2888 fiuntque
660 2807 726 2882 ΕΗ,
751 2808 815 2880 ΕΒ,
840 2809 892 2869 LF
915 2809 987 2869 item
1020 2808 1181 2888 aequales,
1216 2806 1286 2886 quia
1316 2805 1457 2884 aequalia
1480 2805 1536 2866 de-

181 2903 310 2956 mantur.
359 2891 461 2964 Quare
492 2895 587 2974 major
609 2903 658 2957 eet
683 2897 837 2976 proportio
861 2897 921 2958 AD
945 2896 984 2959 ad
1007 2897 1061 2957 BL
1090 2914 1179 2975 quarn
1203 2894 1261 2956 AD
1285 2895 1324 2954 ad
1348 2894 1414 2968 AL,
1441 2893 1537 2970 major

182 2989 283 3045 autem
312 2982 370 3044 fuit
398 2990 430 3044 et
451 2983 497 3045 AI
521 2984 561 3045 ad
583 2984 641 3046 AL
672 3003 761 3064 quam
784 2985 844 3046 AD
868 2986 907 3047 ad
930 2984 1007 3058 AL,
1037 2984 1132 3046 multo
1165 2983 1256 3064 igitur
1287 2983 1385 3063 major
1417 2987 1467 3042 est
1490 2981 1555 3046 ΑΙ,

182 3071 406 3133 semidiameter
429 3069 511 3133 Solis
540 3071 569 3132 in
598 3070 682 3133 radio
712 3073 750 3134 ad
773 3073 828 3136 BL
861 3072 1115 3136 semidiaruetmm
1139 3073 1165 3144 L
1192 3071 1220 3134 in
1245 3070 1330 3132 radio
1365 3088 1453 3150 quam
1476 3069 1536 3131 AD

182 3159 406 3222 semidiameter
421 3155 462 3236 Θ
486 3159 515 3220 iu
539 3160 624 3223 eaelo
643 3160 682 3222 ad
700 3161 758 3223 AL
782 3161 1076 3232 semidiametrum)
1094 3162 1126 3223 in
1150 3160 1242 3221 coelo.
1280 3159 1365 3220 Haec
1389 3157 1536 3238 inaequa-

181 3249 252 3310 litas
276 3248 440 3310 admodum
464 3255 513 3309 est
536 3248 696 3322 sensibilis,
723 3249 792 3329 quia
816 3250 951 3312 fenestra
973 3250 1036 3311 fers
1060 3249 1223 3328 assumitur
1247 3247 1323 3310 satis
1347 3247 1460 3327 ampla.

268 3337 358 3416 Prnp.
375 3336 449 3398 XII.
486 3336 604 3417 Digiti
627 3338 794 3416 ecliptiei
814 3339 1011 3417 pauciores
1035 3344 1222 3417 apparent
1240 3336 1275 3397 in
1298 3335 1404 3398 radio
1429 3353 1536 3415 quam

181 3424 213 3486 in
235 3426 352 3489 coelo.
402 3422 603 3487 Gontinnetur
630 3427 709 3487 onim
733 3427 762 3487 io
795 3427 949 3488 schemate
977 3425 1067 3505 priori
1098 3433 1285 3505 segmentum
1312 3423 1390 3486 IGK
1414 3443 1468 3504 per
1485 3424 1531 3494 M.

182 3509 253 3577 cnm
277 3532 352 3594 argo
376 3513 436 3577 EN
460 3513 499 3574 ad
521 3513 581 3576 NA
604 3512 646 3576 sit
669 3515 820 3593 proportio
853 3515 993 3577 diametri
1017 3512 1098 3576 Solis
1123 3515 1160 3576 ad
1184 3521 1302 3593 partem
1337 3513 1533 3582 deficientem,

176 3599 240 3665 GM
262 3621 334 3666 vern
359 3602 404 3664 sit
428 3601 547 3662 auctior
570 3621 659 3683 quarn
678 3601 735 3664 ΕΝ
759 3603 875 3665 duabus
899 3602 1131 3665 semidiametris
1156 3603 1317 3676 fenestrae,
1341 3599 1401 3663 EG
1415 3600 1533 3674 etNM,

179 3692 268 3756 minor
291 3702 341 3755 est
365 3708 443 3770 ergo
467 3690 620 3770 proportio
644 3691 703 3752 NA
727 3692 765 3753 ad
789 3691 863 3767 MG,
888 3709 977 3772 quam
995 3691 1056 3753 NA
1071 3691 1109 3752 ad
1124 3691 1191 3754 ΝΕ.
1230 3689 1293 3752 Sed
1317 3690 1378 3750 NA
1400 3687 1535 3766 aequalis

177 3789 220 3844 est
239 3783 313 3855 ΜΒ,
338 3786 512 3864 propterea
535 3779 604 3858 quia
627 3778 684 3841 AB
708 3789 739 3840 et
755 3781 818 3841 MN
842 3781 995 3859 aequales,
1020 3779 1115 3840 minor
1138 3787 1186 3840 est
1209 3795 1281 3857 ergo
1305 3775 1459 3856 proportio
1474 3774 1535 3834 ΜΒ

171 3873 263 3956 partis
288 3873 329 3935 de
354 3867 450 3933 radio
475 3867 640 3928 deficientis
664 3866 702 3926 ad
717 3867 783 3930 ΜΟ
806 3869 984 3930 diametrum
1007 3866 1082 3930 radii
1107 3883 1196 3946 quam
1211 3865 1271 3928 NA
1294 3863 1391 3946 partis
1411 3861 1448 3922 de
1462 3859 1534 3922 Sole

168 3961 332 4027 dedolantis
359 3957 404 4020 ad
432 3953 492 4019 ΝΕ
523 3955 700 4016 diametmrn
724 3955 824 4019 Solis:
858 3956 947 4035 idque
971 3974 1062 4035 saepe
1096 3961 1205 4034 quarta
1227 3952 1275 4014 vel
1308 3950 1402 4013 tertia
1435 3955 1533 4028 parts,

162 4071 210 4134 pro
233 4047 456 4133 amplitudine
482 4043 643 4105 fenestrae.
