3700 5530
283 255 349 325 318
775 259 949 313 macoma
967 257 1028 312 l‘srs
1047 254 1147 326 opaea

283 434 445 509 detexerit,
470 436 589 516 quaudo
604 435 643 497 ab
657 433 771 514 eclipsi,
798 453 885 515 quam
900 433 967 516 ipse
981 436 1109 512 rideret,
1135 455 1268 511 exorsus,
1293 453 1462 500 sermonem
1480 439 1510 500 in
1532 455 1643 517 genere

284 525 397 599 nectit;
420 535 510 602 Luna,
527 523 634 606 inquit,
657 533 767 588 etiamsi
793 539 882 588 totum
907 537 1056 607 aliquando
1077 537 1169 592 Solem
1197 535 1330 601 occultet,
1360 543 1454 592 tanuen
1474 535 1497 591 is
1518 536 1643 592 defectus

284 615 434 674 latitudine
454 621 486 670 ec
504 621 629 685 tempore
649 619 728 668 soret
750 613 901 692 (regulam
924 633 962 675 ex
985 633 1039 676 suo
1065 615 1140 678 iacit
1169 616 1321 697 exemplo,
1356 616 1505 678 diversum
1539 615 1644 676 vidisti

286 702 316 765 iu
345 703 584 764 commemoratis
612 701 790 781 exemplis),
825 713 873 766 sed
903 713 1014 784 quidam
1041 713 1134 769 elucet
1162 716 1294 786 splendor
1320 715 1394 772 circa
1423 715 1558 780 orbitam,
1589 731 1644 770 non

285 794 378 850 sinens
399 793 487 848 dmm
506 792 671 864 nimiamque
691 791 751 846 fleri
771 792 904 848 umbram
954 793 1003 854 lta
1034 793 1124 873 plane
1163 801 1229 868 est,
1264 795 1400 876 quamvis
1433 793 1488 857 Sol
1521 799 1646 874 tegatur

286 888 378 953 totus,
404 885 458 941 adr
480 889 582 943 tamen
607 878 710 942 Solem
734 881 944 956 circumstans,
970 899 1028 961 quo
1051 881 1116 944 Seli
1139 883 1271 963 propior,
1296 885 1353 946 boc
1374 882 1561 964 splendidior
1584 887 1643 945 est

286 969 403 1043 Quare,
438 968 465 1029 si
488 969 620 1032 crassior
644 969 736 1031 luerit
759 975 826 1044 aer,
860 970 956 1050 deque
979 971 1033 1032 illo
1057 971 1167 1051 exigua
1199 971 1301 1052 aliqua
1332 974 1499 1053 particula,
1533 978 1646 1053 quanta

286 1075 363 1120 cono
395 1055 454 1119 visi
482 1056 564 1122 Solis
597 1057 803 1137 intercipitur,
837 1057 927 1120 fuam
956 1057 1136 1135 obscurata,
1171 1059 1369 1124 circumstans
1402 1069 1456 1124 atr
1487 1061 1645 1140 splendere

287 1145 437 1208 videbitur
477 1145 615 1210 circulari
653 1147 759 1209 forma.
813 1147 973 1210 Accedunt
1012 1148 1076 1211 alia
1110 1149 1325 1229 experimenta.
1378 1148 1544 1214 Confirmat
1574 1146 1649 1212 milri

289 1255 362 1298 sana
387 1234 426 1296 D.
450 1234 617 1312 Jessenius,
642 1235 726 1316 cujus
750 1252 816 1315 cap.
833 1236 874 1296 V.
899 1236 1082 1299 mentionem
1105 1237 1172 1312 ieci,
1198 1258 1276 1302 suno
1303 1235 1399 1304 1598.
1425 1237 1478 1303 25.
1501 1237 1574 1300 Feb.
1599 1237 1648 1299 vel

289 1323 319 1388 7.
344 1324 448 1386 Martii
479 1325 604 1406 eclipsin
628 1324 710 1387 Solis
740 1324 797 1387 sibi
821 1324 851 1386 iu
880 1326 950 1387 aula
974 1325 1120 1405 Torgeusi
1144 1346 1199 1408 per
1221 1328 1316 1392 nubes
1348 1328 1455 1403 uisam,
1487 1327 1649 1408 splendore

288 1414 405 1476 Lunam
429 1415 518 1494 plene
543 1415 702 1494 cingente3
726 1431 817 1496 seque
842 1433 910 1482 sam
929 1412 1012 1476 Solis
1037 1414 1202 1478 laborantis
1227 1418 1352 1480 formam
1377 1417 1593 1497 epigrammate
1618 1422 1651 1477 et
1720 1419 1725 1428 '

289 1502 440 1581 allegoria
462 1512 665 1584 prosecutum.
712 1503 771 1564 llla
799 1511 899 1564 tamen
929 1503 1051 1583 eclipsis
1075 1503 1104 1567 in
1128 1504 1290 1568 Brabesno
1313 1507 1429 1570 calculo
1451 1506 1559 1568 totalis
1581 1522 1651 1568 esse

290 1609 350 1654 non
373 1591 490 1672 potuit,
523 1611 561 1654 ne
585 1590 704 1672 quidem
727 1609 782 1671 ρετ
811 1591 978 1670 legitimam
1001 1592 1107 1654 Lunae
1136 1594 1316 1658 diametrum
1339 1617 1357 1656 a
1380 1593 1523 1675 perigaeo
1548 1593 1649 1656 disce·

290 1681 401 1742 dentis.
439 1682 507 1745 Non
531 1681 631 1760 potuit
653 1679 745 1760 igitur
760 1679 918 1743 Jessenius
941 1681 1070 1762 undique
1085 1679 1189 1746 Solem
1208 1683 1320 1761 videre,
1344 1681 1398 1746 sed
1418 1684 1496 1765 quod
1519 1683 1650 1763 undique

290 1769 408 1833 Lunam
432 1771 627 1834 circumstare
651 1769 739 1842 vidit,
763 1769 905 1850 splendor
929 1778 995 1831 erat
1018 1767 1108 1832 adria.
1125 1763 1167 1846 ¹⁸)

380 1858 469 1922 Anno
492 1853 587 1922 1603.
612 1849 698 1942 8118.
711 1857 861 1932 Januerii,
885 1857 960 1921 bora
975 1877 1035 1920 una
1053 1867 1124 1938 post
1146 1878 1286 1923 occasum
1301 1859 1393 1936 Solis,
1412 1861 1529 1924 Lunam
1552 1867 1650 1922 totam

293 1948 469 2011 obstruente
501 1947 564 2029 pila
602 1947 708 2019 turris,
750 1946 940 2009 nihilominus
970 1948 1052 2010 orbis
1079 1948 1166 2012 albus
1195 1948 1272 2012 satis
1300 1949 1399 2012 clarus
1431 1949 1586 2030 appamit,
1618 1955 1653 2010 ut

294 2046 418 2118 putares
451 2057 518 2100 esse
543 2037 659 2099 Lunam
687 2053 742 2114 per
774 2053 901 2115 aqueam
932 2035 1054 2104 nubem,
1087 2045 1141 2100 aut
1170 2038 1360 2118 splendorem
1383 2038 1488 2103 Lunae
1512 2037 1598 2118 quasi
1621 2037 1652 2099 in

295 2144 374 2206 aqua
406 2125 541 2187 dilutum.
588 2124 656 2187 Nou
689 2123 795 2185 babuit
825 2133 925 2186 tamen
959 2124 1129 2190 evidentem
1159 2127 1261 2201 finem,
1294 2127 1348 2188 sed
1382 2127 1599 2190 obliterabatur
1622 2125 1652 2187 iu

294 2213 413 2277 nubem.
459 2213 502 2275 Et
527 2213 614 2275 facile
639 2212 781 2292 splendor
804 2212 852 2275 bic
876 2212 1004 2292 abipso
1032 2233 1158 2295 corpore
1186 2216 1413 2278 discernebatur
1439 2225 1520 2278 moto
1544 2215 1653 2295 capite.

295 2301 402 2364 Simile
427 2302 496 2382 quid
521 2302 592 2364 mibi
616 2301 727 2364 accidit
750 2302 886 2382 sequenti
910 2299 959 2364 16.
976 2296 1027 2368 26.
1043 2302 1180 2367 Jauuarii
1204 2305 1332 2383 vesperi,
1356 2305 1442 2366 Luna
1461 2307 1491 2366 in
1510 2306 1653 2385 perigaeo

293 2400 452 2465 versante,
476 2410 543 2453 oum
566 2391 696 2472 plurima
719 2390 926 2454 admiratione.
973 2391 1116 2455 Rotulam
1146 2411 1272 2454 aeneam
1301 2395 1449 2474 exquisite
1478 2393 1654 2456 circularem

294 2481 376 2562 stylo
400 2479 587 2542 infibulatam
612 2479 641 2542 in
663 2479 798 2560 perticae
831 2479 987 2542 duodecim
1011 2481 1105 2560 pedes
1132 2481 1242 2561 longae
1275 2483 1401 2544 termino
1436 2482 1533 2544 altero
1571 2481 1654 2544 erexi

293 2569 593 2650 perpendiculariter,
620 2587 658 2630 ex
678 2569 775 2629 altero
795 2569 922 2630 termino
943 2570 1092 2649 applicavi
1109 2569 1235 2646 oculum,
1261 2579 1292 2631 et
1306 2579 1376 2632 ante
1400 2571 1517 2633 oculum
1536 2570 1654 2632 tenuis-

294 2657 402 2720 simum
426 2657 561 2721 foramen
581 2656 611 2719 in
636 2657 735 2720 altera
761 2656 905 2719 laminula
924 2675 1023 2732 aerea,
1047 2659 1090 2721 sic
1105 2666 1137 2720 ut
1153 2660 1238 2720 oculo
1253 2676 1307 2738 per
1331 2660 1462 2721 foramen
1477 2658 1507 2720 iu
1526 2659 1654 2722 rotulam

292 2745 549 2827 perpendicularis
581 2755 664 2808 esset
695 2755 891 2826 prospectus,
923 2748 1159 2828 necquicquam
1190 2748 1267 2809 oculi
1299 2746 1466 2810 latitudiuis
1497 2748 1656 2811 occasione

292 2842 401 2915 posset
423 2835 609 2916 contingere.
649 2833 785 2915 Cumque
800 2835 931 2916 qualium
954 2835 1146 2899 intervallum
1166 2837 1245 2898 oculi
1264 2844 1296 2898 et
1312 2835 1428 2899 rotulae
1453 2844 1521 2900 erat
1537 2832 1655 2911 10068,

293 2925 402 2992 ¹talium
426 2925 543 2986 rotulae
570 2924 702 2987 latitudo
721 2918 783 2987 104
803 2933 895 3000 esset,
920 2933 1028 3006 tegens
1053 2943 1152 2987 arcum
1168 2923 1211 2989 34
1221 2918 1268 3009 'l,‘
1292 2924 1452 3006 sperabam
1472 2926 1533 2987 ista
1555 2925 1656 2987 rotula

293 3012 413 3074 Lunam
435 3013 526 3092 plane
551 3020 665 3075 tectum
691 3011 736 3088 iri,
759 3020 885 3094 propter
908 3013 983 3074 alios
1002 3015 1107 3076 modos
1131 3015 1321 3084 observandi,
1345 3033 1419 3095 quos
1442 3033 1503 3076 nna
1525 3013 1655 3076 adbibe-

297 3099 378 3162 bam.
427 3101 522 3180 Atqui
555 3100 751 3164 circumcirca
779 3102 868 3164 Luna
897 3102 1066 3182 prominere
1099 3102 1266 3164 videbatur.
1313 3103 1371 3165 Hic
1403 3121 1449 3164 me
1482 3101 1654 3166 sollicitudo

294 3186 487 3264 incessebat,
512 3208 548 3250 ue
573 3189 715 3252 fortassis
738 3190 789 3251 alii
812 3190 905 3265 modi,
932 3190 1038 3271 quibus
1071 3191 1228 3271 plurimum
1251 3191 1320 3268 fido,
1355 3191 1423 3253 falsi
1448 3197 1561 3254 essent.
1609 3191 1654 3252 At

295 3276 451 3339 fallaciam
484 3296 552 3338 esse
588 3277 695 3340 statim
725 3279 838 3359 patuit,
869 3279 954 3340 oculo
983 3279 1022 3342 ad
1059 3279 1187 3342 rotulam
1217 3279 1487 3360 appropinquante.
1533 3279 1655 3342 Etenim

293 3365 425 3428 nondum
455 3385 524 3428 sese
548 3365 715 3446 recipiebat
738 3367 834 3430 omnis
855 3368 912 3430 illa
933 3367 1080 3430 claritudo
1099 3375 1169 3449 post
1190 3369 1328 3443 rotulam,
1354 3369 1446 3431 etiam
1469 3387 1536 3432 cum
1555 3369 1594 3430 ad
1613 3365 1655 3430 10

294 3453 405 3534 pedum
430 3453 690 3535 propinquitatem
714 3456 817 3518 oculus
837 3455 962 3531 veniret,
988 3458 1134 3537 quomodo
1152 3457 1270 3519 Lunam
1293 3457 1373 3520 ultra
1393 3453 1447 3519 41¹
1470 3474 1654 3536 repraesen-

293 3553 361 3604 tare
385 3543 578 3623 oportuisset,
612 3543 690 3624 qnod
707 3543 806 3606 sciunt
830 3561 932 3606 omnes
957 3545 1067 3607 falsum
1081 3563 1160 3608 esse.
1195 3545 1299 3624 Neque
1314 3545 1398 3626 potui
1421 3544 1655 3608 determinatam

294 3647 460 3711 agnoscere
497 3631 688 3707 distantiam,
725 3651 763 3694 ex
785 3650 844 3714 qua
876 3640 1030 3713 tegeretur
1052 3632 1154 3708 Luna,
1188 3633 1406 3714 compererim
1429 3634 1559 3697 lucidum
1583 3631 1655 3713 quid

293 3721 493 3783 circumcirca
516 3718 592 3792 vidi,
617 3721 709 3783 etiam
734 3743 752 3782 a
776 3730 891 3801 septem
915 3723 1025 3802 pedum
1053 3721 1223 3785 intervallo.
1269 3723 1334 3784 Nec
1357 3723 1451 3784 multo
1475 3721 1555 3784 aliud
1580 3719 1653 3782 mibi

296 3827 375 3872 anno
417 3805 511 3873 1600.
549 3807 651 3872 Gratii
683 3809 882 3890 objiciebatur
918 3812 999 3872 circa
1030 3810 1270 3873 observationem
1304 3811 1442 3874 diametri
1477 3809 1559 3873 Solis
1600 3827 1654 3890 per

295 3898 428 3961 toramen
458 3897 633 3961 intromissi.
679 3899 806 3981 Apertis
829 3899 909 3962 enim
933 3898 1048 3962 duobus
1077 3899 1287 3975 foraminibus,
1318 3899 1414 3962 altero
1435 3899 1526 3974 milii,
1555 3898 1653 3960 altero

294 3986 355 4068 pisi
378 3987 594 4067 magnitudine,
620 3987 797 4068 circulisque
817 3987 896 4050 binis
915 3987 945 4050 in
969 3987 1084 4050 tabella
1107 3987 1248 4068 opposita
1271 3987 1408 4069 depictis,
1432 4006 1555 4068 quorum
1575 3987 1655 4048 alter

296 4075 425 4138 altemm
448 4075 610 4156 excederet
631 4076 792 4138 intervallo
816 4084 912 4153 tauto,
937 4083 1049 4158 quanto
1073 4077 1207 4139 foramen
1231 4078 1328 4157 majus
1352 4097 1371 4138 a
1394 4076 1507 4138 minore
1531 4073 1654 4136 didere·

294 4163 367 4224 bat:
394 4163 496 4226 radius
526 4163 645 4246 quidem
668 4163 751 4227 Solis
774 4185 828 4246 per
856 4165 953 4245 majus
983 4166 1116 4226 foramen
1148 4165 1298 4227 immissus
1328 4165 1482 4244 aequabat
1509 4163 1654 4243 majorem

296 4250 448 4327 circulum,
473 4261 507 4314 at
530 4252 637 4333 majori
660 4253 807 4315 foramina
831 4252 1000 4328 obstructo,
1026 4253 1074 4333 qui
1098 4269 1152 4331 per
1175 4253 1274 4314 minus
1297 4251 1532 4333 ingrediebatur,
1557 4266 1654 4331 neque

296 4339 455 4402 terminum
478 4341 685 4419 conspicuum,
719 4349 750 4402 et
773 4342 895 4404 limbum
922 4341 1069 4421 paulatim
1093 4341 1123 4402 in
1148 4341 1263 4402 luscum
1290 4341 1420 4402 colorem
1443 4346 1655 4404 transeuntem

296 4425 470 4503 obtinebat,
499 4429 625 4510 denique
648 4429 791 4492 minorem
819 4431 960 4493 circulum
984 4430 1072 4508 louge
1100 4428 1274 4509 superabat.
1320 4427 1437 4491 Radius
1466 4429 1544 4491 enim
1570 4425 1654 4490 Solis

296 4531 352 4595 per
379 4523 442 4578 tam
470 4527 632 4595 angustum
664 4519 796 4580 toramen
824 4517 914 4580 valde
946 4524 1121 4580 attenuatus
1148 4535 1207 4578 non
1235 4518 1328 4578 multo
1362 4517 1471 4578 clarius
1500 4516 1654 4577 illustrans

296 4610 420 4682 poterat
444 4621 608 4687 papyrum,
643 4623 732 4687 quam
762 4605 838 4668 radii
867 4625 905 4667 ex
931 4611 1002 4668 aere
1027 4603 1131 4668 Solem
1162 4603 1396 4678 circumstante,
1430 4621 1556 4684 quorum
1586 4621 1655 4665 cum

297 4687 455 4753 Solaribus
479 4692 665 4756 continuatio
695 4693 840 4772 majorem
863 4693 949 4773 justo
979 4693 1206 4772 amplitudinem
1241 4700 1273 4755 et
1302 4692 1497 4773 fuliginosam
1520 4691 1655 4753 colorem

297 4779 559 4860 repraesentabat.
581 4779 660 4844 Erat
673 4789 775 4844 autem
786 4781 852 4862 ejus
864 4781 925 4846 diei
934 4787 988 4846 atr
1000 4797 1093 4862 supra
1104 4781 1225 4845 modom
1239 4779 1425 4861 splendidus,
1440 4779 1530 4858 louge
1540 4801 1560 4842 a
1569 4777 1654 4843 Sole.
