3652 5532
359 242 422 312 744
827 242 867 296 n·
886 222 1218 310 sarantasmum

260 481 262 486 ,
353 422 496 488 Pellimur
518 399 556 482 ab
580 417 692 482 oriente
714 419 745 482 in
768 421 960 498 occidentem,
983 421 1103 486 ibinus
1127 439 1254 487 cceauru
1278 417 1404 500 excipit,
1428 419 1561 482 suntad
1582 437 1695 482 manua

354 521 435 576 artes
458 518 489 572 et
510 508 670 587 navigandi
691 508 800 588 peritia
823 511 980 592 stupenda,
1004 519 1035 574 et
1057 509 1248 574 crebrescens
1270 509 1302 572 in
1316 508 1382 570 dies
1405 509 1537 570 studium
1559 507 1696 570 adeundi

353 621 447 666 novas
471 597 582 660 Indiae.
628 597 692 659 Neo
714 598 823 661 desunt
851 600 988 681 exempla
1010 619 1048 663 ex
1069 599 1264 682 antiquitate,
1293 597 1441 680 quomodo
1472 605 1581 678 gentes
1610 597 1694 658 aliae

353 691 429 754 alias
467 685 649 767 expulerint,
684 686 856 769 plerumque
894 688 1053 770 Scythicae
1088 689 1279 770 Europaeas,
1315 687 1487 769 plemmque
1524 685 1694 749 orientales

356 778 503 843 occiduas.
543 773 624 846 Quid
643 774 669 837 si
693 793 763 856 ergo
787 776 892 856 ingens
915 777 1016 860 aliqua
1037 777 1132 841 instat
1153 775 1269 841 droam
1291 796 1329 837 ex
1350 775 1491 838 universa
1511 776 1638 856 Europa
1658 775 1696 836 in

352 869 422 931 illos
445 874 591 926 terramm
620 871 753 938 tractus,
784 873 816 928 et
836 866 1013 947 propagatio
1043 866 1114 930 fidei
1137 865 1328 930 Christianae
1356 867 1435 928 inter
1465 863 1631 939 barbaros,
1659 871 1697 924 et

351 955 499 1019 traductio
522 951 639 1014 illomm
662 953 701 1014 ad
730 953 921 1030 civilitatem,
944 963 976 1017 et
997 975 1056 1018 non
1077 956 1255 1037 parentium,
1278 962 1312 1018 ut
1333 953 1403 1017 olim
1427 953 1692 1028 Chauanaeorum,

352 1054 486 1107 extrema
500 1041 701 1122 exstirpatio?
724 1041 874 1114 Quorsum
889 1044 1013 1124 digitum
1031 1044 1159 1107 intendit
1174 1063 1212 1106 ex
1225 1044 1410 1108 astronomia
1424 1043 1552 1106 circulus
1569 1042 1695 1115 stellae,

352 1153 389 1196 ex
411 1129 578 1210 astrologia
600 1129 759 1210 Sagittarii
782 1132 898 1212 signum
922 1141 953 1194 et
972 1134 1110 1214 trigonus
1133 1134 1252 1214 ignens,
1280 1153 1366 1216 quern
1394 1132 1541 1212 astrologi
1564 1131 1696 1193 credunt

351 1224 452 1286 lavere
483 1220 620 1298 religioni
644 1218 854 1296 Christianae,
883 1228 917 1284 ut
938 1228 970 1284 ct
998 1223 1110 1303 spicam
1133 1222 1286 1304 Virginis,
1315 1241 1381 1284 cum
1408 1242 1485 1303 qua,
1509 1228 1543 1284 ut
1571 1219 1696 1282 notavit

349 1311 503 1383 Rtslinus,
527 1308 581 1372 Sol
604 1309 689 1370 stetit
711 1309 764 1370 sub
788 1319 893 1372 exortu
916 1311 1022 1373 stellae
1046 1311 1148 1375 sextili
1169 1312 1338 1375 illustratus
1361 1333 1380 1373 a
1403 1310 1514 1374 stella?
1542 1308 1694 1372 Ponimns

350 1402 472 1483 quippe,
500 1399 597 1460 Deum
627 1397 675 1460 his
704 1396 748 1458 uti
779 1400 972 1481 conceptibus
1003 1402 1224 1482 astrologorum
1250 1401 1290 1462 ad
1316 1400 1541 1482 significandum
1573 1397 1693 1479 aliquid

352 1487 530 1552 hominibus.
1530 1539 1534 1549 .

438 1585 691 1650 Circumferuntur
726 1584 841 1664 passim
875 1587 1019 1650 vaticinia
1050 1588 1344 1662 Mahumetanorum,
1386 1605 1424 1649 cx
1459 1585 1567 1669 quibus
1598 1584 1691 1647 multi

349 1676 485 1738 evincere
506 1674 621 1748 volunt,
645 1673 700 1734 boc
719 1691 786 1736 esse
808 1681 935 1757 tempus,
959 1695 1015 1758 qno
1035 1676 1076 1738 sit
1097 1677 1255 1741 interitura
1275 1677 1409 1757 ipsorum
1429 1675 1553 1756 religio:
1579 1673 1691 1756 quibus

349 1764 490 1848 placebit,
512 1764 609 1825 Deum
630 1761 687 1824 hoc
707 1761 805 1841 ipsum
827 1763 959 1827 indicare
981 1765 1128 1842 voluisse,
1160 1767 1283 1830 incensa
1311 1785 1390 1829 nova
1412 1765 1503 1828 stella
1524 1764 1556 1826 in
1579 1763 1691 1843 sagit

349 1856 438 1929 tario,
462 1871 536 1934 quae
559 1858 607 1912 est
628 1849 790 1930 triplicitas
808 1851 891 1916 Solis
910 1861 941 1915 et
955 1855 1075 1930 Martis,
1098 1855 1203 1918 domus
1225 1855 1331 1931 Jovis;
1356 1873 1422 1917 cnm
1445 1853 1500 1918 Sol
1518 1861 1551 1914 et
1567 1852 1692 1932 Jupiter

350 1941 531 2007 Christianis
569 1938 668 2000 lavere
707 1939 824 2002 dicatur
854 1942 891 2004 ab
928 1944 1089 2024 astrologis
1121 1947 1259 2027 (qnorum
1295 1943 1487 2025 conceptibus
1522 1945 1606 2006 Dens
1642 1941 1691 2002 uti

348 2033 492 2113 ponitur),
515 2031 599 2091 Mars
621 2046 693 2089 vero
717 2030 830 2092 lhrcis.
866 2031 908 2094 Et
930 2033 1049 2114 quidem
1072 2033 1162 2096 stella
1183 2034 1280 2114 magis
1304 2052 1370 2096 cum
1391 2033 1468 2096 Jove
1491 2029 1691 2093 concordavit

348 2122 379 2183 in
402 2119 568 2182 latitudinis
589 2117 695 2198 plaga,
718 2119 803 2180 Mars
825 2138 897 2182 vero
920 2121 978 2183 fuit
999 2121 1030 2184 in
1051 2123 1182 2184 maxima
1209 2122 1368 2185 latitudine
1390 2121 1531 2195 australi,
1555 2119 1605 2202 qui
1628 2119 1689 2180 hac

347 2211 413 2271 vice
437 2227 504 2272 esse
525 2205 622 2289 potuit
645 2206 804 2285 depressus
821 2208 921 2288 igitur.
958 2211 1036 2275 Hinc
1058 2212 1185 2274 victoria
1206 2211 1361 2292 religionis
1377 2209 1570 2274 Christianae
1593 2226 1690 2287 supra

347 2298 503 2362 'Ihrcicam
525 2293 706 2374 astrologice
729 2297 921 2359 concluditur.
968 2298 1085 2371 Quodsi
1111 2301 1285 2364 hodiernum
1309 2300 1548 2363 Christianorum
1572 2296 1690 2358 cultum

346 2386 503 2467 inspicias,
534 2402 682 2464 nunquam
705 2384 782 2446 torta
809 2386 948 2450 meliores
979 2389 1153 2452 occasiones
1175 2410 1264 2473 quam
1286 2388 1393 2451 hodie:
1422 2388 1590 2470 perpendat
1619 2405 1687 2448 rem

346 2476 440 2538 lector
462 2493 563 2538 secum
585 2473 658 2552 ipse.
703 2473 753 2534 An
773 2481 820 2536 est
842 2475 1026 2557 impossibile
1044 2479 1119 2555 Deo,
1144 2497 1182 2540 ex
1202 2479 1252 2542 his
1274 2487 1336 2540 tam
1358 2477 1572 2557 multiplicibus
1594 2483 1688 2537 cene-

344 2565 407 2628 bris
431 2574 462 2626 et
489 2559 728 2626 contentionibus
752 2561 991 2628 Christianitatis
1021 2567 1146 2630 educere
1169 2568 1265 2630 lucem
1296 2565 1452 2648 aliquam?
1483 2567 1534 2628 An
1556 2571 1607 2626 est
1634 2563 1687 2624 in-

345 2652 503 2729 credibile,
532 2653 611 2714 inter
634 2667 751 2726 causas,
776 2652 814 2715 ob
838 2673 912 2735 quas
944 2655 1084 2719 haereses
1111 2657 1330 2738 permittuntur,
1361 2675 1450 2717 unam
1482 2655 1573 2716 etiam
1603 2653 1688 2715 hanc

345 2761 423 2818 esse,
446 2743 616 2805 natureae
638 2737 687 2800 his
709 2741 853 2820 gradibus
875 2741 1003 2820 invitati,
1027 2762 1065 2807 ex
1085 2745 1161 2807 mari
1184 2743 1489 2826 flagitiosissimorum
1510 2742 1688 2823 opinionum

342 2833 373 2894 in
395 2850 502 2893 navem
531 2827 676 2893 ecclesiae
710 2830 885 2893 enitantur?
916 2831 987 2896 Scio
1011 2852 1049 2895 ex
1070 2833 1118 2896 his
1141 2833 1258 2915 aliquos
1280 2833 1392 2914 grados
1415 2851 1499 2908 esse,
1532 2831 1642 2914 quibus
1665 2851 1688 2891 a

344 2919 574 2986 christianismo
597 2916 733 2980 deiecere
757 2919 889 2982 nonnulli
913 2922 952 2984 ad
978 2921 1250 2988 Mahumetismum
1295 2924 1341 2985 At
1366 2921 1451 2985 lubet
1477 2919 1688 3001 argumentari

343 3022 410 3072 tum
431 3011 466 3071 B.
490 3008 585 3072 Paulo
597 3029 610 3069 t
632 3015 783 3090 „Numquid
802 3019 841 3074 ric
861 3021 1030 3076 offendanmt
1048 3029 1082 3077 ut
1101 3025 1250 3078 caderent?
1269 3022 1359 3087 Absit,
1381 3022 1430 3076 aad
1442 3021 1552 3076 illoram
1572 3018 1678 3074 delicta

343 3109 419 3162 salus
439 3113 484 3162 cat
507 3104 653 3181 gentibur‘*
679 3097 911 3161 Mahumetanis.
957 3100 1009 3164 Sic
1042 3101 1113 3164 olim
1136 3101 1230 3166 Gothi
1259 3101 1386 3182 primum
1417 3100 1455 3162 ab
1486 3098 1611 3162 Arianis
1644 3096 1686 3158 ad

344 3185 607 3251 Christianismum
622 3186 767 3257 conversi.
786 3188 912 3269 denique
926 3189 966 3250 ad
980 3190 1159 3260 catholicam
1172 3191 1330 3253 ecclesiam
1344 3188 1464 3270 penitus
1477 3193 1683 3250 accesserunt.

433 3296 562 3362 Constat
583 3298 717 3362 Judaeos
741 3303 916 3378 exspectare
938 3297 1100 3373 hiesdem,
1123 3297 1173 3380 qui
1196 3297 1237 3360 sit
1263 3297 1347 3378 ipsos
1369 3295 1549 3359 liberaturus
1573 3313 1589 3356 e
1613 3313 1684 3356 ser-

342 3385 437 3448 vitute
460 3385 601 3464 gentium.
648 3387 764 3460 Quibus
787 3384 934 3448 Saturnus
956 3385 1102 3466 placebit,
1134 3387 1318 3449 concordans
1341 3404 1407 3448 cum
1440 3383 1532 3447 stella
1552 3383 1589 3446 in·
1605 3381 1683 3445 lati-

341 3475 442 3537 tudine
472 3474 574 3556 illique
607 3476 668 3538 fere
699 3474 894 3554 corporaliter
920 3473 1043 3554 junctus
1076 3475 1125 3538 11.
1149 3477 1222 3539 Dec.
1254 3494 1332 3538 anno
1358 3469 1451 3538 1604.
1483 3481 1515 3535 et
1543 3472 1684 3555 sequenti

340 3565 479 3643 Augusto
519 3564 679 3628 stationem
716 3563 795 3644 apud
834 3563 918 3625 illam
952 3564 1110 3644 perficiens
1147 3571 1214 3636 (vida
1237 3587 1295 3639 paq.
1315 3569 1379 3633 tet)
1414 3571 1446 3624 et
1479 3560 1683 3643 conjunctioni

339 3671 467 3734 magnae
491 3670 597 3715 nomen
617 3654 700 3716 dans.
736 3652 911 3715 &aeficitur
934 3662 1033 3716 autem
1047 3652 1084 3715 ab
1103 3654 1266 3733 astrologis
1287 3652 1454 3718 ludaismo.
1491 3651 1560 3714 Etsi
1577 3651 1681 3732 itaque

342 3739 508 3807 Christiani
530 3744 635 3807 Jesum
656 3740 773 3806 Mariae
800 3740 893 3804 lilium
915 3760 932 3803 e
954 3742 1034 3805 trihu
1056 3742 1172 3817 David,
1204 3743 1255 3824 qui
1286 3749 1357 3803 ante
1378 3740 1434 3803 hos
1461 3735 1553 3803 1600.
1583 3757 1681 3801 annos

340 3841 429 3894 natus
454 3839 510 3908 est,
533 3851 587 3913 pro
609 3851 681 3896 vero
701 3830 888 3912 aprophetis
911 3831 1059 3911 promisso
1081 3831 1219 3894 Messiah
1241 3831 1431 3912 agnoscimus
1453 3829 1577 3910 ideoque
1598 3827 1680 3890 hunc

339 3921 498 3986 Dominum
520 3930 553 3982 et
572 3923 669 3985 Deum
695 3927 830 3984 nostrum
856 3919 1081 3999 religiosissime
1111 3919 1253 3997 colimus,
1275 3921 1458 3983 ludaeorum
1481 3937 1554 3979 vero
1577 3915 1680 3978 caeci-

340 4016 436 4072 tatem
468 4010 675 4091 deploramus,
706 4009 757 4092 qui
780 4017 880 4090 spreto
902 4009 960 4071 hoc
992 4018 1144 4074 servatore
1177 4009 1230 4072 alii
1257 4017 1382 4071 venturo
1412 4005 1543 4070 inhiant:
1576 4013 1680 4068 tamen

340 4118 400 4161 non
430 4100 547 4161 omnino
577 4099 778 4162 frustraneam
806 4117 873 4159 esse
896 4098 1028 4179 ipsorum
1060 4091 1314 4181 exspectationem
1337 4096 1423 4161 multi
1452 4105 1484 4158 et
1511 4095 1591 4158 inter
1620 4094 1678 4156 hos

340 4187 442 4270 Tycho
465 4188 564 4250 Brahe
588 4189 640 4250 iol.
663 4186 737 4252 808.
762 4186 906 4267 colligunt
928 4207 966 4249 ex
987 4188 1129 4252 vaticinio
1151 4191 1186 4251 B.
1203 4188 1291 4252 Pauli
1307 4187 1346 4249 ad
1360 4187 1512 4250 Romanos
1530 4184 1604 4266 Cap.
1618 4181 1676 4257 XI,

265 4287 269 4296 '
340 4295 419 4338 vers,
443 4273 494 4338 25.
540 4285 626 4350 ,Nolo
654 4288 724 4342 anim
749 4303 798 4341 vor
822 4286 950 4360 ignorare
977 4287 1078 4343 matres
1103 4286 1262 4360 mysterium
1285 4287 1338 4340 hoc
1362 4281 1408 4356 (ut
1431 4304 1486 4340 non
1511 4285 1571 4340 ritis
1598 4283 1677 4338 vohis

343 4367 411 4437 ipsis
433 4363 595 4436 sapientes),
618 4367 682 4438 quia
703 4367 821 4421 caecitas
842 4385 878 4421 ex
892 4375 973 4437 parte
987 4368 1104 4440 contigit
1123 4369 1152 4422 in
1169 4368 1264 4432 lsrael,
1285 4369 1370 4422 donec
1390 4366 1531 4437 plenitudo
1552 4363 1677 4436 gentium

340 4448 457 4501 intraret
477 4450 609 4521 (alcrltq)
633 4455 664 4500 et
676 4447 715 4500 sic
735 4447 819 4501 omnis
839 4449 928 4502 Israel
948 4447 1041 4502 salvus
1055 4441 1134 4503 fieret
1155 4453 1341 4518 (σωθησειιιι).
1374 4447 1451 4502 Sicut
1471 4445 1601 4516 scriptum
1621 4451 1676 4510 cat,

317 4594 321 4606 Ι
340 4527 456 4584 veniet
476 4543 517 4582 ax
537 4525 619 4580 Sion
639 4527 693 4598 qui
713 4527 843 4596 eripiat
862 4533 892 4582 et
911 4534 1023 4583 avertat
1041 4529 1347 4601 impietatemaJaccb.
1388 4527 1426 4581 Et
1445 4527 1498 4580 hoc
1517 4526 1572 4580 illis
1593 4541 1612 4578 a
1631 4541 1676 4580 ms

340 4621 544 4680 termentum,
566 4631 626 4669 cum
646 4616 788 4672 abstulero
807 4621 924 4687 peccata
943 4617 1062 4674 sorum.“
1108 4607 1178 4672 Etsi
1205 4626 1277 4670 vero
1308 4605 1585 4686 interpretationem
1615 4603 1677 4664 loci

342 4693 469 4757 difficilis
491 4693 564 4756 mihi
587 4713 646 4756 non
669 4714 767 4770 sumo,
794 4702 894 4757 tamen
916 4694 1015 4757 facilis
1037 4716 1104 4759 sum·
1128 4705 1250 4778 propter
1273 4696 1350 4758 alias
1377 4693 1618 4758 circumstantias
1640 4701 1677 4754 ut

342 4783 459 4846 credam
462 4831 476 4892 3
505 4783 659 4848 imminere
688 4784 818 4865 aliquam
845 4785 1016 4864 generalem
1046 4787 1271 4851 conversionem
1298 4783 1397 4865 gentis
1423 4784 1606 4849 ludaeorum
1634 4781 1677 4845 ad
