3464 5524
616 275 646 324 a
664 274 736 324 reta
756 273 858 338 opaea.
884 241 888 246 ’
1368 277 1411 346 53

101 449 156 510 tione
171 449 247 510 medii
278 449 442 512 densioris.
491 447 571 519 Quid
603 457 705 512 autem
738 450 778 511 de⁴
804 449 958 529 geminata
986 451 1075 529 iride,
1110 453 1147 514 de
1178 458 1355 519 monstrosis
1380 467 1411 520 et

100 536 205 600 tarenis
225 538 409 600 halonibus?
455 537 577 600 Nescio.

157 625 284 704 Epistola
307 627 521 689 concludenda
544 633 602 689 est.
640 628 684 688 Tu
699 627 844 688 meditare
869 635 900 688 et
924 646 998 708 quae
1013 629 1163 691 inveneris
1187 631 1259 692 mihi
1281 631 1410 712 imperti.

96 715 183 786 Quaero
203 725 299 778 tamen
320 723 486 797 antequam
506 715 689 790 concludam,
716 734 791 796 quae
815 716 933 777 tua-sit
956 718 1108 798 sententia
1123 719 1168 780 'de
1192 719 1409 782 illuminatione

93 805 260 866 chasuetum?
305 805 391 868 Nam
414 804 533 866 videtur
556 824 648 866 causa
672 807 786 884 opilea,
821 805 890 884 quia
918 825 1036 886 semper
1060 806 1089 866 iu
1113 807 1318 886 septentrione
1341 829 1410 872 oer-

91 901 172 955 tttttiltir
190 899 275 966 (comp.
287 903 338 952 roi.
349 902 373 952 1.
391 916 416 966 p.
431 897 505 963 ³⁴0).

153 983 223 1043 Vale
245 983 388 1062 denique*
402 990 434 1043 et
456 981 522 1043 rudi
546 989 635 1064 atque
659 982 833 1060 properanti
856 982 1012 1061 scriptioni
1036 979 1170 1064 ignosce:
1194 1003 1271 1048 nunc
1287 985 1364 1048 enim
1380 988 1408 1048 in

88 1071 208 1150 procinctu
229 1091 293 1132 sum
309 1071 495 1133 breviusculi
518 1069 672 1149 cujusdam
689 1069 819 1145 itineris,
845 1071 946 1152 itaque
961 1071 1043 1150 prius
1064 1073 1280 1152 expediendam
1303 1075 1409 1156 scripsi

87 1162 143 1220 banc
162 1159 314 1238 epistolam
340 1179 400 1222 non
426 1159 489 1222 sine
512 1160 606 1220 multa
629 1160 802 1221 confusione
826 1160 1052 1239 cogitationum:

153 1248 259 1327 Pragae
288 1248 340 1312 17.
366 1247 437 1310 Jau.
465 1242 558 1310 1605.

152 1335 215 1397 Quae
225 1337 354 1401 Keplerne
367 1337 454 1386 nidmu
466 1337 519 1386 loeo
534 1335 564 1384 de
578 1333 647 1393 ,rudi
659 1347 706 1384 rua
719 1333 866 1399 scriptioue¹⁴
881 1335 948 1396 dieit',
971 1337 1080 1386 maxima
1096 1349 1126 1386 ex
1138 1343 1208 1400 parte
1222 1335 1255 1386 ad
1268 1341 1408 1400 ,quassae-

85 1421 126 1456 ιιι
134 1407 190 1456 llam
201 1409 327 1472 opticarn“
344 1409 375 1459 da
388 1408 450 1457 iride
463 1409 584 1470 pertinere
597 1405 719 1462 ridentur,
742 1421 807 1470 qnae
827 1421 856 1456 ex
868 1413 940 1471 parte
953 1408 1051 1472 quidem
1071 1421 1158 1470 pamm
1177 1408 1271 1458 habeat
1283 1408 1353 1466 lucis,
1373 1412 1411 1459 ita

85 1489 104 1528 ιι
120 1479 258 1528 bidentem
275 1481 302 1528 in
312 1479 445 1530 Hansehio
459 1476 500 1539 (ut
512 1479 588 1527 etlam
607 1477 632 1525 iu
645 1477 722 1525 literis
739 1479 920 1542 manuscriptis,
941 1492 1003 1543 quas
1023 1484 1153 1529 conservat
1171 1477 1321 1529 bibliotheca
1333 1479 1409 1530 Vien-

85 1548 157 1609 usun‘r)
167 1549 266 1615 figuram
278 1552 444 1615 posteriorem
456 1563 505 1598 non
519 1549 573 1596 ausi
585 1549 661 1596 aimus
674 1548 815 1612 depingere.
846 1569 850 1576 ·

148 1620 365 1686 brenggerus,
388 1635 440 1669 non
460 1625 560 1670 secutus
572 1618 675 1681 Kepleri
689 1619 834 1681 exemplum,
857 1620 897 1684 qui
919 1620 986 1668 iutra
998 1616 1013 1668 3
1024 1619 1176 1682 septimanas
1197 1621 1230 1670 ad
1246 1620 1311 1670 illius
1324 1621 1409 1671 literas
1453 1673 1458 1686 ,

85 1691 221 1754 moderat,
243 1707 289 1756 per
302 1693 439 1742 trienninm
458 1691 508 1740 iere
529 1705 578 1738 non
588 1689 719 1752 rescripsit.
746 1688 834 1740 Mense
847 1691 944 1740 demum
957 1689 1024 1754 Sept.
1040 1691 1099 1739 anni
1113 1687 1181 1738 1607
1193 1691 1327 1756 KepIerum
1349 1693 1410 1752 adit,

83 1763 165 1826 patrm
176 1763 276 1826 Kepleri
290 1777 367 1828 opere
381 1763 412 1812 de
426 1775 491 1810 nora
503 1761 584 1818 stella,
607 1775 728 1809 excusans
748 1760 870 1810 silentium
888 1775 966 1821 snum,
987 1762 1077 1810 deinde
1095 1760 1218 1824 judicium
1235 1777 1305 1812 suum
1322 1763 1410 1812 ιι111ι

84 1847 138 1896 opere
151 1848 282 1897 proponens
296 1832 394 1897 (comp.
407 1833 486 1896 prael.
502 1831 535 1881 ad
556 1831 643 1880 librum
662 1830 692 1880 de
706 1829 786 1881 Stella
801 1828 885 1893 nora).
923 1833 1101 1882 Excusationes
1126 1833 1216 1882 silentii
1238 1835 1275 1882 sui
1294 1834 1410 1892 diuturni,

83 1905 171 1968 aquibus
182 1905 306 1955 exorditur
318 1906 489 1969 Branggerus,
509 1902 541 1950 ad
553 1902 600 1950 hoc
612 1902 724 1962 redeunt,
745 1905 898 1967 proposuisse
915 1904 960 1952 sibi
975 1902 1090 1967 Optioam
1105 1903 1202 1962 ,denuo
1223 1905 1342 1953 amentius
1354 1919 1409 1968 per-

82 1975 165 2038 legas“.
176 1976 217 2025 sed
228 1990 330 2040 semper
342 1991 370 2026 se
383 1975 417 2024 ad
430 1975 482 2023 alia
494 1973 639 2022 distractum
650 1973 735 2023 hissa.
773 1973 845 2035 Quae
861 1976 890 2024 in
905 1974 944 2023 his
956 1974 1033 2024 literis
1048 1973 1081 2024 ad
1093 1973 1195 2039 Keplsri
1208 1973 1323 2038 Opticam
1335 1977 1410 2038 perti-

82 2057 132 2102 ιιι,
148 2047 228 2096 eadem
240 2061 293 2110 qna
305 2049 391 2111 priora
403 2047 499 2095 ratione
511 2044 671 2108 proponenda
683 2058 820 2102 censemus,
840 2046 986 2096 intermixtis
995 2045 1097 2110 Kepleri
1115 2046 1311 2108 responsionibus
1325 2046 1358 2096 ad
1370 2059 1410 2104 ea,

81 2131 128 2179 quse
137 2117 284 2184 Brenggarns
297 2119 419 2168 dubitans
431 2122 477 2165 aut
488 2131 530 2180 pre
544 2121 611 2164 certo
624 2115 750 2165 affirmans
763 2115 843 2166 affert.

147 2188 220 2244 Nunc,
239 2189 329 2239 scribit
340 2189 427 2238 Bran
432 2203 449 2252 g
454 2201 560 2252 gerne,
582 2187 640 2236 ordo
654 2188 751 2251 exigere
761 2187 864 2247 ridetur,
888 2187 1005 2237 ucetiam
1021 2186 1119 2244 dalilis,
1140 2200 1203 2251 quae
1217 2187 1274 2236 olim
1287 2187 1410 2240 internos

81 2257 180 2321 ιιιιιιιι
190 2259 267 2319 luere,
282 2259 380 2324 aliquid
393 2258 493 2308 addam.
535 2257 628 2306 Verum
641 2259 708 2321 quia,
722 2264 837 2324 utsupra
849 2259 957 2314 memini.
971 2264 1017 2306 tua
1028 2256 1218 2321 Paralipomena
1230 2258 1288 2306 mihi
1302 2259 1411 2309 revidere

82 2330 164 2378 ιιιιιιι
175 2331 257 2380 datum
269 2331 329 2388 fuit,
342 2331 435 2380 saltem
452 2329 538 2392 paucis
551 2341 583 2377 ea
595 2329 725 2392 attingam.

147 2399 230 2451 Scribis
252 2407 279 2451 is
299 2400 437 2451 universali
458 2399 545 2465 regula
561 2398 641 2448 locum
658 2401 772 2464 imaginis
795 2414 838 2462 per
854 2399 1012 2448 reflexionem
1030 2400 1173 2462 apparentis
1195 2399 1318 2450 definiisse
1337 2403 1411 2466 atque

81 2471 154 2520 duabus
164 2473 350 2536 exceptionibus
364 2471 508 2526 ostendisse.
531 2470 629 2534 qnando
641 2472 723 2535 imago
744 2473 777 2520 sit
795 2476 865 2520 extra
877 2469 1012 2528 cathetum,
1034 2484 1137 2535 quarum
1150 2485 1202 2521 una
1215 2479 1261 2526 est,
1281 2471 1339 2522 dum
1352 2487 1410 2523 ocu·

80 2541 138 2590 lerum
148 2544 234 2606 positas
247 2552 359 2593 naturae
373 2543 452 2591 ordini
467 2547 601 2597 aversatur,
616 2539 703 2597 altera.
723 2542 782 2590 dum
794 2540 921 2604 speculum
939 2546 977 2589 est
995 2541 1087 2591 mixtae
1107 2541 1201 2607 figurae
1216 2539 1306 2606 (comp.
1320 2559 1344 2607 p.
1354 2540 1410 2603 42).

80 2611 117 2660 Sed
140 2615 196 2664 istae
216 2616 381 2678 exceptiones
401 2628 451 2661 non
477 2611 614 2668 sufficiunt,
645 2611 709 2676 quod
735 2613 908 2662 demonstrabo
934 2612 1044 2674 exemplo
1069 2610 1154 2662 Viteli.
1181 2611 1238 2677 Opt.
1264 2612 1341 2671 VIII,
1369 2613 1410 2662 11.

80 2681 107 2731 Sit
121 2683 189 2734 inille
201 2685 282 2750 figura
296 2683 354 2750 (lig.
367 2680 414 2743 21)
428 2682 552 2732 oculorum
566 2681 629 2732 alter
647 2683 713 2732 solus
732 2688 833 2747 apertus
846 2685 872 2732 in
885 2685 907 2731 Δ
921 2679 991 2744 (nam
1005 2683 1024 2730 si
1037 2689 1167 2748 utrumque
1181 2685 1287 2746 aperias,
1305 2691 1411 2748 puncto·

79 2768 117 2802 ιιι
133 2757 246 2820 imagines
268 2763 397 2821 apparent
415 2751 550 2819 geminae).
587 2753 636 2802 Hic
657 2755 718 2802 situs
739 2755 804 2804 oculi
825 2759 931 2803 naturae
956 2759 995 2802 est
1016 2767 1146 2818 congruas,
1169 2759 1195 2803 et
1212 2754 1339 2819 speculum
1361 2771 1411 2806 uon

79 2825 220 2880 natumsed
233 2827 397 2891 sphaericum
411 2839 552 2874 concavum.
573 2825 638 2888 Ergo
653 2827 726 2886 Juxta
737 2831 807 2874 tuam
820 2825 930 2890 regulam
947 2825 1034 2887 puncti
1047 2823 1070 2885 Q
1082 2826 1165 2889 imago
1179 2824 1280 2875 deberet
1289 2840 1410 2890 apparere

79 2897 201 2947 amthsto.
237 2898 337 2948 Verum
350 2896 420 2947 aliod
432 2895 541 2944 ostendit
553 2897 713 2958 experientia,
732 2910 795 2960 quae
808 2895 877 2944 illam
889 2910 939 2944 nou
951 2897 977 2942 in
990 2893 1012 2944 0
1024 2900 1116 2958 puncto
1129 2894 1221 2945 catheti
1234 2903 1290 2960 post
1302 2897 1409 2958 oculum,

78 2965 110 3014 sed
120 2967 141 3014 ir
151 2969 213 3019 linea
224 2969 271 3019 AG
283 2975 344 3033 post
357 2967 484 3032 speculum
497 2968 600 3030 reponit,
620 2968 646 3015 in
658 2967 712 3017 loco
725 2981 741 3016 a
753 2966 854 3016 catheto
868 2971 968 3016 remoto.
1006 2965 1043 3014 Ex
1055 2980 1102 3030 quo
1115 2965 1192 3022 rides,
1214 2967 1327 3032 regulam
1340 2973 1409 3017 tuam

78 3038 115 3085 rire
125 3042 272 3103 exceptiones
286 3055 340 3089 non
353 3038 466 3088 omnibns
481 3037 578 3086 casibus
591 3037 743 3087 satisfacere.

146 3110 304 3174 Ksplerns
324 3108 451 3173 respondit
470 3105 506 3166 (in
526 3108 603 3156 literis
624 3108 687 3158 dd.
701 3105 742 3158 ³0.
756 3107 819 3158 Nor.
834 3104 912 3166 1607,
933 3121 1036 3173 quaram
1050 3115 1146 3172 partem
1158 3111 1277 3173 potiorem
1298 3109 1406 3160 exhihui-

78 3180 263 3244 nusinprosnrio
277 3181 313 3232 ad
324 3181 414 3230 librum
426 3180 457 3228 de
470 3179 543 3228 stella
555 3175 644 3240 nora):

148 3271 194 3332 Ad
217 3271 345 3353 Optica.
393 3269 480 3330 Meas
505 3267 710 3348 exceptiones,
733 3268 793 3340 ais,
819 3285 876 3329 uon
901 3285 968 3330 esse
984 3269 1178 3332 sufficientes.
1226 3270 1352 3344 Fateor,
1377 3276 1410 3332 at

81 3358 130 3434 quis
150 3377 249 3422 omnes
274 3357 472 3439 exceptiones
496 3356 714 3437 persequatur?
751 3355 827 3418 Mihi
850 3355 961 3418 sufficit
985 3357 1082 3421 locum
1106 3357 1245 3440 imaginis
1269 3358 1408 3421 definisse

80 3464 123 3508 non
142 3465 191 3526 per
211 3451 384 3522 cathetum;
409 3446 511 3508 thema
533 3463 592 3506 non
615 3446 730 3507 affirmo
754 3452 786 3506 et
808 3447 889 3507 iusto
913 3446 1064 3532 contraid
1087 3447 1116 3509 in
1142 3449 1253 3528 specie.
1305 3448 1408 3510 Iustas

81 3546 104 3594 et
121 3543 161 3611 tu,
192 3546 221 3600 et
244 3555 303 3620 per
325 3555 373 3598 me
399 3534 478 3596 licet.
526 3533 625 3605 Quam
649 3553 721 3596 vero
745 3542 777 3595 tu
801 3535 889 3596 affers
913 3535 1104 3612 instantiam,
1138 3535 1197 3599 etsi
1216 3537 1281 3616 jam
1305 3535 1408 3598 Vitel-

81 3621 148 3685 lionis
167 3627 242 3688 liber
266 3643 327 3689 non
352 3633 403 3686 est
435 3625 473 3686 ad
496 3642 615 3698 manus,
649 3623 737 3684 video
770 3629 871 3684 tamen
904 3641 963 3684 ιιι
993 3625 1227 3700 admittendam,
1262 3624 1320 3687 etsi
1344 3643 1411 3686 mea

80 3711 135 3774 nihil
155 3715 292 3779 interest.
339 3713 420 3775 Dum
444 3712 522 3775 euim
545 3711 604 3786 ais,
639 3719 765 3792 utroque
788 3711 873 3773 oculo
907 3719 1012 3791 aperto
1035 3714 1111 3782 duas
1133 3714 1230 3776 videri
1252 3713 1408 3792 imagines,

80 3815 105 3859 eo
124 3804 230 3880 prodis,
265 3806 364 3866 locum
387 3803 429 3864 ibi
453 3801 593 3882 imaginis
617 3821 684 3863 esse
713 3800 792 3862 inter
823 3801 940 3862 oculum
964 3809 997 3862 et
1019 3802 1181 3882 speculum.
1227 3798 1315 3870 Quod
1337 3817 1408 3861 vero

80 3887 157 3969 luogo
177 3911 231 3971 per
253 3912 344 3955 unum
368 3892 486 3952 oculum
509 3893 600 3953 situm
623 3890 742 3951 videtur
756 3889 902 3968 accipere,
927 3889 966 3950 ad
989 3889 1020 3951 id
1035 3896 1106 3970 puto
1122 3908 1296 3952 concurrere
1311 3888 1408 3949 aesti-

80 3978 217 4044 mationem
251 3979 434 4062 quantitatis
466 3979 587 4060 speciei.
633 3979 713 4040 Nam
736 3977 762 4038 si
785 3978 903 4057 species
926 3978 982 4039 hoc
1006 3980 1115 4058 angulo
1139 3997 1266 4058 aequare
1289 3976 1410 4058 ponitur

81 4065 176 4144 taciem,
199 4079 271 4134 tunc
295 4069 433 4149 sequitur
456 4076 540 4132 certa
563 4067 630 4146 ejus
653 4065 789 4129 remotio.
837 4065 949 4129 Nescio
973 4073 1073 4128 tamen
1098 4067 1219 4129 delinire
1242 4065 1307 4128 'sine
1331 4065 1408 4127 libro

81 4163 104 4213 tt
121 4159 273 4222 schemate.
321 4157 395 4221 Sive
428 4157 519 4238 igitur
551 4164 613 4219 stet
644 4164 697 4218 tua
728 4155 856 4234 objectio
881 4154 943 4216 sive
966 4156 1072 4230 cadat,
1096 4156 1187 4220 ,nullo
1211 4174 1277 4216 meo
1300 4155 1408 4217 damno

81 4259 168 4322 oagm
189 4248 366 4322 concludes,
393 4247 585 4326 exceptiones
608 4264 692 4308 meas
715 4263 773 4306 non
798 4243 933 4306 omnibus
958 4245 1079 4308 casibus
1102 4245 1298 4320 satisfacere,
1321 4244 1408 4305 dum·

82 4335 149 4396 nudo
169 4335 239 4398 illud
271 4336 426 4414 corrigas:
462 4334 616 4414 „regulam
649 4333 712 4396 sive
742 4333 954 4412 exceptiones“
980 4334 1033 4396 &a
1080 4333 1209 4395 Diversa
1232 4333 1310 4394 euim
1333 4332 1408 4393 haec

82 4430 146 4484 unt:
167 4426 268 4505 regula
290 4423 523 4496 universalium,
548 4422 739 4504 exceptiones
763 4421 966 4502 singularium.
1190 4427 1193 4430 ’

150 4531 370 4599 Brenggerus:
390 4529 489 4579 Deinde
500 4543 550 4579 non
562 4531 647 4593 probo,
667 4530 732 4593 quod
743 4529 825 4579 iocum
836 4529 951 4594 imaginis
965 4535 990 4576 et
1001 4529 1081 4590 ipsam
1092 4526 1222 4576 locationis
1235 4527 1288 4588 sior
1305 4539 1409 4576 causam

82 4593 128 4646 11ῑῆ
138 4613 275 4654 matonam
294 4601 422 4652 radiorum
441 4601 579 4658 rmuaiium,
598 4615 643 4650 ιιι
661 4601 784 4650 linearum
795 4601 962 4650 metatricium
981 4613 1010 4646 ex
1030 4603 1130 4660 uaeque
1144 4597 1214 4646 oculo
1234 4597 1409 4660 productorum

83 4665 153 4734 immp.
164 4688 186 4736 p.
200 4671 252 4734 tt).
291 4673 386 4726 Primo.
406 4667 525 4736 quianon
538 4686 598 4736 opus
611 4678 649 4721 est
662 4671 756 4721 duobus
769 4672 854 4729 oculis,
875 4685 929 4721 eum
948 4683 997 4718 uno
1011 4666 1081 4715 oculo
1094 4667 1170 4716 etiam
1180 4673 1305 4731 spectetur
1325 4669 1408 4734 imago

83 4737 163 4792 *imm
196 4743 241 4795 Hic
259 4751 289 4794 tu
307 4742 464 4808 adpupillae
481 4742 636 4793 latitudinem
655 4743 776 4808 coniugis,
798 4750 827 4793 ut
845 4741 991 4791 dualitatem
1009 4743 1106 4788 ιιιιιιι
1130 4739 1294 4790 metatricinnr
1316 4741 1409 4790 tuearis

84 4807 151 4862 *illm
166 4815 189 4868 ia
206 4829 253 4868 ιιι
275 4815 368 4873 oculor
388 4813 434 4865 sed
444 4813 504 4866 nihii
517 4813 602 4880 attica,
625 4828 684 4866 nam
696 4829 768 4866 neme
782 4814 916 4880 opticernm
933 4811 1053 4862 ιιιιιιιι
1067 4807 1158 4866 docuit.
1181 4811 1253 4863 nnius
1266 4811 1350 4877 puncti
1369 4812 1404 4862 rei
