3476 5532
435 905 790 1048 menmium
826 943 896 1045 nr
931 943 1088 1046 soen.

178 1260 455 1352 InAstronomiee
478 1295 565 1370 perte
590 1286 702 1370 Optice
723 1291 780 1356 sub
807 1289 895 1352 finem
919 1287 1028 1370 cepitis
1050 1289 1137 1354 VHl.
1160 1288 1211 1351 nbi
1233 1287 1271 1352 de
1301 1287 1437 1352 occulte-

88 1378 218 1442 tionibns
241 1377 372 1440 sidemm
396 1375 474 1440 iuter
496 1397 530 1438 se
551 1384 654 1442 mutuo
678 1397 746 1460 ego,
771 1386 895 1443 exsmnt
917 1379 992 1442 haec
1015 1377 1127 1442 verba:

102 1505 103 1510 κ
179 1466 339 1542 „Mercurii
361 1467 431 1538 nodi
454 1465 484 1528 in
507 1466 598 1554 peuri
622 1475 653 1530 et
675 1465 850 1549 Scorpionis
872 1467 1031 1550 principio,
1065 1467 1113 1530 vel
1135 1465 1252 1531 Arietis
1275 1472 1307 1528 et
1328 1464 1438 1530 Librae

89 1559 208 1622 suerum
229 1565 368 1636 (Errorem
387 1567 416 1622 in
438 1567 517 1642 cigno
546 1567 608 1623 vide
629 1569 714 1638 paulo
735 1564 832 1639 inhia),
854 1565 1039 1641 possuntque
1058 1556 1146 1620 hodie
1165 1576 1201 1619 ec
1220 1557 1282 1619 fere
1302 1554 1439 1618 omuibus

89 1645 273 1726 temporibus
295 1647 448 1726 planetam
471 1647 548 1709 hunc
567 1647 623 1708 suh
637 1647 738 1710 Solem
758 1647 910 1710 invehere.
947 1644 1014 1718 Quo
1037 1645 1134 1710 minus
1158 1645 1335 1720 mirandum,
1360 1644 1439 1727 qood

91 1737 120 1800 iu
144 1737 209 1798 vita
223 1734 324 1799 Caroli
339 1735 445 1815 Magni
468 1735 594 1816 legimns
618 1737 657 1799 ad
671 1755 781 1801 meum
795 1734 871 1802 807.
895 1743 1072 1802 annotatum
1087 1735 1133 1798 his
1157 1734 1271 1798 verbis:
1298 1731 1441 1810 „Stella

90 1824 230 1889 Mercurii
248 1820 298 1887 16.
315 1823 382 1888 Cel.
399 1825 514 1906 Aprilis
538 1827 605 1888 vise
628 1835 675 1890 est
698 1825 729 1889 in
752 1825 824 1890 Sole
849 1825 934 1907 qnasi
956 1845 1051 1917 parve
1072 1824 1191 1888 macule
1212 1824 1315 1904 nigre:
1339 1833 1448 1886 tamen
1547 1845 1552 1864 ·

89 1915 179 1998 paulo
203 1914 338 1994 superius
361 1914 459 1976 medio
483 1921 586 1991 centro
610 1915 745 1996 ejusdem
775 1915 900 1990 sideris,
933 1933 1008 1996 qnae
1042 1913 1169 1978 octoties
1202 1915 1250 1988 (ut
1282 1931 1338 1994 epo
1370 1912 1439 1992 lego

90 2003 234 2076 barbare,
268 2022 326 2066 non
359 2012 428 2066 octo
461 2004 540 2079 dies)
572 2005 700 2068 euobis
730 2005 774 2070 ita
797 2012 961 2086 conspecta
983 2011 1040 2067 est.
1087 2001 1148 2068 Sed
1173 2003 1291 2085 quando
1314 2003 1440 2085 primunr

90 2093 215 2157 intravit
233 2092 280 2154 vel
295 2092 377 2168 exiit,
402 2093 529 2156 nubibus
541 2093 778 2174 ‚impedientibus
800 2115 857 2158 non
872 2093 972 2176 potnit
990 2092 1182 2158 adnotari.““
1204 2093 1322 2158 Auctor
1336 2099 1439 2155 astro-

91 2182 209 2246 uomiae
231 2182 345 2263 peritus
369 2181 439 2258 fuit,
473 2185 552 2265 qnod
583 2193 709 2264 apparet
732 2203 770 2247 ex
793 2183 1020 2265 consignatione
1043 2190 1092 2246 tot
1123 2177 1278 2263 eclipsinm
1307 2189 1338 2246 et
1362 2181 1439 2262 quod

90 2271 228 2353 copulam
249 2269 332 2334 Solis
350 2279 382 2334 et
395 2271 536 2335 Mercurii
558 2271 672 2336 calculo
696 2275 802 2342 tenuit.
826 2293 864 2336 ex
887 2293 944 2354 qno
968 2272 1066 2347 scivit,
1091 2271 1240 2337 maculam
1262 2271 1349 2334 illam
1369 2289 1438 2332 esse

89 2361 279 2425 Mercurium.
324 2361 431 2424 Annus
460 2368 561 2425 temen
584 2363 685 2425 nescio
716 2383 773 2446 quo
802 2383 875 2425 casn
905 2362 1015 2424 vitiose
1045 2360 1232 2442 conscriptus
1265 2369 1322 2425 est.
1368 2359 1440 2423 Fuit
1495 2379 1498 2386 ·

89 2450 169 2514 enim
193 2469 270 2512 euno
294 2447 370 2514 808.
391 2449 480 2512 XVI.
500 2449 568 2512 Gal.
593 2451 709 2532 Aprilis
733 2452 825 2526 (sorte
849 2451 927 2532 quod
952 2469 1060 2514 annom
1083 2450 1267 2514 aPaschats
1290 2449 1438 2524 inchoat).

88 2541 169 2603 Nam
191 2539 255 2620 ejus
279 2539 338 2616 diei
361 2539 528 2602 meridiana
558 2539 634 2602 hora
665 2541 694 2601 in
717 2539 916 2621 Regiomoute
946 2540 1079 2604 calculus
1104 2539 1283 2604 Pruteuicus
1316 2538 1439 2602 exhibet

88 2629 187 2692 locum
210 2627 291 2690 Solis
323 2623 362 2689 0⁰
393 2621 447 2690 45¹
479 2627 524 2705 Υ,
557 2627 698 2692 Mercurii
731 2626 771 2692 0⁰
800 2628 855 2692 31¹
897 2649 972 2695 cum
1000 2629 1054 2692 lat.
1090 2624 1130 2692 2⁰
1158 2623 1203 2700 9‘,
1241 2647 1331 2710 quam
1366 2625 1439 2690 leti-

90 2718 225 2780 tudinem
249 2736 269 2777 a
291 2714 464 2779 Ptolemaeo
489 2723 601 2779 certum
625 2726 673 2781 est
700 2717 743 2782 sic
767 2717 951 2794 ordinatam,-
977 2738 1014 2782 ne
1038 2719 1093 2782 hos
1116 2719 1191 2781 dnos
1219 2719 1360 2800 planetes
1383 2716 1442 2779 suh·

91 2804 195 2868 Solem
218 2804 381 2868 induceret.
427 2806 473 2869 Ae
491 2806 556 2886 jam
580 2805 692 2870 dictum
716 2814 778 2885 eet,
803 2807 891 2871 hodie
915 2809 1023 2872 nodum
1046 2808 1076 2871 in
1097 2807 1216 2872 Arietis
1248 2811 1323 2888 (ride
1350 2811 1438 2888 intre)

89 2895 146 2957 fine
171 2913 247 2970 esse,
272 2900 306 2955 ut
328 2912 386 2956 nce
409 2903 530 2975 praeter
552 2896 700 2961 rationem
721 2897 771 2974 sit,
797 2906 868 2961 tnnc
890 2897 984 2962 fnisse
1008 2895 1089 2962 circe
1111 2897 1227 2961 initium
1247 2896 1334 2977 hujus
1349 2895 1438 2978 signi.

88 2982 160 3046 Jam
182 2983 273 3064 igitur
297 3001 355 3045 non
379 2983 507 3066 emplius
531 2985 589 3048 soli
611 2985 738 3050 Averroi
770 2987 808 3049 de
838 2988 895 3051 hoe
918 2987 1128 3050 Phaenomeno
1153 2987 1316 3062 credimus,
1349 2993 1438 3068 post-

89 3092 178 3156 quam
201 3071 394 3226 ghristianas
417 3073 614 3154 professionis
652 3075 739 3141 homo
773 3096 857 3140 suum
880 3096 997 3160 quoqne
1020 3077 1166 3142 calculum
1191 3076 1307 3141 addit.“
1353 3076 1438 3140 Hac-

89 3170 178 3226 tenus
230 3162 323 3242 ptice.
1367 3221 1374 3236 ,

177 3251 303 3316 Biennio
327 3259 397 3333 post
420 3250 580 3316 editionem
596 3252 771 3338 Optiocrum
793 3253 905 3336 prodiit
928 3248 1093 3337 disputatio
1113 3255 1150 3318 da
1171 3253 1437 3340 inaequalitatibus

86 3349 219 3405 motuum
251 3341 442 3416 coelestium,
472 3343 611 3424 praeside
644 3345 688 3408 M.
722 3344 872 3407 Michaele
903 3343 1081 3420 Maestlino,
1113 3343 1289 3406 Professore
1312 3343 1437 3406 Mathe-

87 3430 197 3492 matico
227 3430 426 3511 Tuhingensi,
457 3431 659 3512 respondente
692 3433 734 3496 M.
768 3431 909 3496 Samuele
940 3433 1147 3497 Helenreffer:
1184 3453 1242 3515 quo
1272 3433 1303 3496 iu
1336 3433 1438 3496 libello

87 3527 209 3600 praeter
232 3519 315 3580 alies.
339 3519 555 3601 pulcherrimas
588 3521 780 3586 velitationes
803 3542 870 3586 cum
897 3523 1055 3586 sententiis
1082 3543 1141 3587 uon
1169 3523 1274 3604 paucis
1306 3519 1439 3585 meorum

88 3607 265 3690 Opticomnu
288 3609 409 3689 (quibus
431 3629 503 3690 pers
526 3630 628 3673 earum
651 3611 835 3685 confirmata,
859 3632 931 3693 pars
955 3613 1029 3676 dissi
1052 3621 1107 3676 ata
1120 3619 1152 3674 et
1165 3612 1246 3676 victa
1262 3613 1324 3686 est)
1348 3610 1441 3674 etiem

88 3698 163 3761 haec
187 3715 255 3758 mee
277 3697 439 3776 explicatio
462 3698 597 3762 historici
621 3701 679 3764 loci
704 3702 740 3763 de
764 3702 971 3782 conjunctione
996 3632 1078 3765 Soiis
1103 3711 1134 3764 et
1152 3701 1293 3762 Mercurii
1317 3699 1438 3775 visibili,

88 3785 169 3850 thesi
197 3783 344 3850 XCVIII.
378 3787 454 3849 hene
486 3787 576 3868 longa
607 3792 781 3854 examinate
812 3799 843 3854 et
875 3791 1032 3854 confutata
1064 3789 1219 3872 reperitur.
1273 3788 1322 3852 Ad
1351 3807 1439 3870 quem

88 3875 187 3938 thesin
212 3874 472 3955 operaepretium
495 3886 543 3939 est
566 3881 756 3959 respondere,
781 3888 815 3943 nt
837 3881 951 3944 veritas
975 3881 1149 3954 elucescet;
1173 3878 1217 3940 sie
1234 3879 1312 3942 enim
1332 3877 1439 3959 jubere

87 3964 228 4028 videntur
251 3983 297 4039 ea,
322 3983 398 4045 quae
422 3963 478 4026 hoc
502 3986 579 4029 anno
606 3964 700 4034 1607.
725 3969 754 4034 in
778 3970 862 4033 coelo
886 3975 1025 4050 spectata
1049 3969 1177 4032 suerunt.

176 4051 326 4133 Principio
357 4062 552 4118 recensentur
583 4065 723 4122 auctores
751 4058 902 4132 historici,
937 4058 986 4139 qul
1010 4057 1127 4122 dehac
1150 4057 1237 4138 nigra
1266 4055 1385 4120 macule
1408 4055 1438 4118 in

86 4142 161 4208 Solo
186 4151 347 4218 testantur,
370 4143 528 4206 Annonius
550 4145 725 4226 Monachus,
749 4157 855 4212 auctor
878 4147 1029 4210 annalium
1047 4146 1256 4210 Francieorum
1275 4144 1439 4222 mesonca,

83 4232 270 4314 Eginardus,
294 4230 483 4310 Vincentius,
507 4229 686 4313 Sabellicus,
710 4236 935 4319 Lycosthenes,
960 4236 1126 4318 Polydorus
1145 4234 1312 4316 ¹Virgilius,
1334 4234 1439 4297 Bedae

83 4323 195 4396 codex,
218 4319 380 4384 Centuriee
403 4319 648 4388 Ecclesiasticee.
694 4326 770 4388 Inde
793 4325 899 4388 nititur
926 4325 1095 4408 disputator
1119 4334 1245 4406 quatuor
1271 4324 1438 4388 retionibus

82 4412 230 4496 probare,
256 4417 407 4473 ostentum
429 4411 530 4492 potius
554 4412 647 4476 luisse
670 4415 949 4496 praeternaturale,
981 4434 1070 4498 quam
1093 4415 1330 4496 conjunctionem
1354 4411 1438 4476 Solis

83 4509 122 4566 et
143 4499 284 4563 Mercurii
307 4499 566 4566 astronomicam'
1148 4567 1150 4576 ,

176 4589 325 4654 Rationes
349 4589 404 4651 hee
428 4597 514 4652 snut:
544 4590 725 4654 Mercurium
757 4591 963 4670 retrogradum
985 4590 1050 4656 Soli
1079 4591 1275 4673 corporaliter
1299 4591 1439 4673 junctum

88 4699 149 4746 non
178 4681 259 4742 ultre
281 4673 302 4742 6
325 4678 417 4742 vell
450 4679 541 4742 horae
573 4679 629 4744 sub
652 4678 724 4744 Sole
754 4680 892 4744 incedere
923 4700 1013 4764 posse
1037 4681 1076 4746 ob
1106 4681 1293 4745 celeritatem
1323 4699 1436 4746 cursus.

88 4771 135 4833 At
157 4767 264 4832 testari
287 4767 385 4832 dictos
417 4775 573 4846 auctores,
604 4768 701 4832 visam
723 4790 791 4834 esee
819 4771 897 4834 hene
926 4772 1073 4836 maculem
1096 4770 1126 4834 in
1149 4771 1221 4834 Sole
1246 4769 1275 4846 7,
1299 4766 1321 4834 8
1344 4769 1391 4831 vel
1415 4765 1436 4833 9

90 4858 179 4922 dise*
200 4859 420 4922 Praeveneram
442 4875 498 4938 ego
519 4857 597 4923 hanc
620 4859 818 4940 objectionem
841 4861 1024 4926 correctione
1048 4867 1152 4925 textos
1175 4860 1319 4938 historici.
1358 4857 1437 4924 Nam
