3672 5528
311 215 376 282 214
780 222 969 286 receptetur
989 222 1015 272 u
1037 221 1202 274 1111111111.

311 415 377 459 cnm
397 397 485 460 Luna
504 401 569 478 jam
594 407 665 461 tnnc
688 397 841 478 coepisset
862 398 980 478 ingredi
1003 398 1151 472 umbram,
1177 397 1276 458 soleat
1299 413 1371 456 vero
1394 393 1511 474 ingredi
1534 415 1553 456 a
1573 401 1665 475 parte

312 485 493 562 occidentis,
534 489 589 551 tuit
628 505 699 567 ergo
734 495 868 549 centrum
897 489 1002 551 Lunae
1044 485 1260 550 occidentalius
1292 485 1414 546 umbrae
1450 490 1574 552 centro.
1607 501 1666 563 qno

312 573 469 636 occidente
485 577 589 638 Lunae
613 585 747 636 centrum
766 575 832 655 jam
856 577 1019 640 occiderat.
1056 576 1099 638 Et
1114 585 1216 639 tamen
1231 573 1347 636 duobus
1371 571 1514 652 gradibus
1536 571 1665 634 attolle-

311 664 399 726 batur
423 664 460 726 ad
485 663 591 728 visum.
629 664 702 726 Plus
727 664 818 745 igitur
841 664 957 728 duobus
982 665 1125 746 gradibus
1145 671 1211 727 eret
1230 662 1260 724 in
1284 667 1450 742 aggregato
1473 658 1667 724 retractionis

313 751 465 832 utriusque
489 751 570 816 Solis
593 761 625 814 et
648 754 767 829 Lunae,
790 762 825 815 ut
848 759 977 829 taceam,
1002 755 1080 835 qnod
1108 752 1230 816 horinon
1254 750 1454 831 Tubiugeusis
1477 767 1536 812 nnn
1561 757 1669 812 careat

312 841 475 916 montibus,
500 860 625 921 qnorum
649 842 804 921 fastigium
828 842 1007 906 libramento
1031 861 1126 922 aquae
1151 841 1240 922 paulo
1264 846 1313 902 est
1336 839 1447 913 altins;
1470 840 1574 921 itaque
1596 839 1667 900 dum

260 960 264 964 =
312 929 367 992 Sol
392 929 532 992 dimidius
556 939 650 1000 extat,
676 930 701 992 si
725 938 842 993 montes
867 932 1010 994 abessent
1035 939 1117 994 tutus
1141 936 1270 994 extaret.
1311 928 1412 1009 Major
1433 927 1526 1008 igitur
1546 926 1667 1008 integro
1731 959 1734 964 ·

312 1017 408 1096 gradu
432 1018 488 1080 tuit
510 1019 653 1081 retractio
676 1019 763 1081 nnius
787 1020 905 1084 sideris.
943 1020 1003 1082 Est
1025 1029 1127 1083 autem
1146 1019 1200 1082 illa
1213 1017 1342 1081 Sueviae
1364 1034 1437 1097 pars
1458 1035 1518 1080 non
1541 1017 1667 1080 moltmn

312 1113 429 1168 remota
453 1127 472 1167 a
494 1108 627 1170 tontibus
646 1107 730 1170 Nicri
755 1115 785 1169 et
799 1109 950 1172 Danubii:
975 1129 1118 1190 monsque
1142 1108 1283 1187 Hoeberg
1305 1125 1397 1186 prope
1413 1105 1547 1169 Herbam
1570 1123 1667 1168 vene-

312 1193 388 1256 ficiis
412 1203 444 1256 et
467 1204 616 1258 conventu
646 1215 787 1276 sagarum
811 1205 860 1261 est
882 1199 1018 1274 intamis,
1042 1199 1125 1279 vulgi
1152 1195 1332 1259 credulitate
1359 1201 1486 1257 naturae
1514 1195 1667 1276 ingenium

314 1290 345 1344 et
368 1284 490 1346 crebras
514 1291 728 1364 tempestatum
752 1287 955 1349 eructationes
978 1287 1160 1368 praestigias
1183 1286 1410 1364 interpretante.

401 1370 489 1442 Quod
513 1391 584 1436 vero
608 1373 735 1434 diversis
759 1375 943 1456 temporibus
967 1376 1107 1439 diversae
1130 1376 1192 1437 sint
1215 1373 1320 1436 eodem
1344 1373 1436 1435 etiam
1460 1371 1526 1433 lccn
1550 1370 1667 1433 retrac-

313 1460 427 1536 tiones,
457 1460 609 1524 obstinate
638 1462 793 1525 contendit
816 1464 1026 1526 Rothmanuus
1055 1467 1106 1527 tol.
1131 1461 1184 1528 85.
1209 1459 1262 1527 86.
1287 1461 1491 1543 Epistolamm
1515 1459 1667 1542 'tychonis

314 1548 597 1625 astronomicarum,
621 1571 677 1613 nec
701 1551 861 1616 difficulter
884 1554 1011 1632 largitur
1033 1561 1066 1615 et
1087 1554 1189 1636 Tychn
1212 1551 1311 1615 Brahc
1336 1551 1364 1614 in
1390 1548 1669 1632 Progymnasmatis

317 1638 368 1700 tol.
395 1635 448 1701 79.
474 1635 607 1713 11280,
633 1648 665 1702 et
692 1648 773 1702 tomo
797 1642 822 1702 I.
846 1642 1051 1722 Epistolarum
1075 1643 1127 1704 tol.
1153 1637 1204 1705 64.
1238 1639 1363 1721 requirit
1385 1646 1486 1702 adrem
1509 1637 1668 1700 admodum

313 1745 419 1806 pumm
443 1734 475 1789 et
498 1745 645 1803 serenum,
670 1731 789 1809 quando
812 1732 976 1811 periculum
1005 1731 1217 1794 retractionum
1244 1728 1328 1792 tacit.
1374 1731 1482 1809 Itaque
1505 1727 1535 1790 iu
1560 1727 1668 1790 obser-

313 1813 486 1876 vationibus
514 1815 554 1878 ad
589 1835 698 1880 aunum
725 1815 778 1882 87.
813 1839 916 1882 mense
941 1819 1086 1882 ianuario
1119 1825 1297 1882 annnmtum
1328 1817 1443 1886 iuveni,
1484 1826 1668 1883 retractiones

314 1912 390 1968 eirea
407 1913 537 1970 solstitia
556 1914 642 1970 videri
662 1917 791 1987 majores.
839 1907 984 1980 Quamvis
1015 1913 1095 1971 11111Ι
1115 1907 1267 1970 sententia
1294 1925 1388 1969 carrea
1414 1913 1523 1970 auctae
1550 1906 1670 1968 retrac-

315 1991 407 2053 tionis
432 1992 471 2055 ad
495 1992 574 2055 diem
600 1993 667 2072 jam
696 1996 807 2058 dictum
835 2017 894 2061 nnn
917 1998 947 2059 in
975 1999 1099 2060 brumae
1126 1995 1288 2060 solstitium
1318 1994 1500 2058 conterenda
1522 2003 1585 2070 est,
1615 1994 1671 2056 sed

314 2081 346 2142 iu
369 2079 547 2161 tepidiorem
571 2089 672 2145 abram
703 2084 816 2148 tactum
839 2087 878 2148 ob
906 2087 1085 2166 quadratum
1107 2085 1193 2148 Jovis
1217 2092 1249 2146 et
1270 2083 1392 2160 Martis,
1417 2082 1467 2165 qni
1494 2091 1566 2146 tunc
1589 2089 1669 2146 erat.

315 2169 395 2230 Nam
418 2169 498 2248 quod
520 2170 550 2232 iu
574 2171 641 2233 fixis
665 2171 789 2235 inventa
811 2181 860 2235 est
879 2175 1011 2256 Tychoui
1035 2175 1131 2238 minor
1154 2173 1296 2238 retractio
1319 2191 1409 2254 quam
1427 2172 1457 2234 in
1471 2169 1553 2246 Sole,
1577 2191 1673 2234 cansa

314 2256 400 2318 nulla
431 2256 492 2318 alia
520 2256 655 2334 videtur,
679 2279 775 2340 eoam
804 2261 898 2339 haec,
933 2264 1012 2344 qnod
1042 2263 1238 2326 retractiones
1263 2260 1346 2325 Solis
1376 2267 1512 2335 aestate,
1542 2261 1672 2322 fixarum

305 2343 422 2424 ‘hyeme
450 2345 618 2409 rectissime
645 2349 860 2426 observantur,
890 2359 1010 2414 aestate
1038 2370 1223 2433 veroquam
1251 2352 1357 2433 hyeme
1385 2349 1524 2431 rapidior
1546 2357 1595 2411 est
1618 2355 1672 2412 atr

202 2491 219 2525 Ι,
316 2440 348 2493 et
371 2432 471 2496 altior.
509 2431 589 2496 Nam
612 2436 662 2498 tol.
680 2433 732 2500 64.
756 2438 963 2519 Epistolarom
985 2440 1054 2504 libri
1073 2443 1099 2504 Ι.
1125 2447 1254 2520 apparet
1276 2447 1309 2502 st
1330 2439 1360 2501 in
1383 2439 1524 2522 Prnpym.
1550 2437 1601 2500 tol.
1616 2434 1670 2502 93.

317 2527 421 2599 aperte
443 2521 643 2603 praecipitur,
668 2533 739 2588 tuuc
761 2528 952 2606 potissimum
980 2530 1187 2593 observandas
1210 2528 1423 2602 retractiones,
1446 2546 1513 2590 cum
1535 2525 1563 2590 is
1586 2534 1619 2588 et
1641 2526 1672 2588 iu

316 2609 439 2670 meridie
464 2611 540 2672 satis
564 2613 626 2674 alte
649 2616 788 2693 pervadit
811 2625 842 2678 et
865 2617 1098 2682 declinationem
1122 2619 1203 2681 intra
1225 2618 1353 2680 eundem
1381 2615 1461 2681 diem
1485 2616 1672 2678 adsensum

317 2697 390 2759 nihil
413 2705 525 2772 mutat,
554 2703 633 2779 quod
656 2704 691 2765 tit
712 2705 742 2766 in
773 2705 905 2769 solstitio
932 2707 1059 2771 aestivo.
1104 2707 1184 2770 Nam
1211 2713 1345 2786 tempore
1376 2705 1510 2787 bybemo
1533 2701 1588 2768 Sol
1611 2723 1673 2766 non

318 2793 442 2864 superat
464 2785 679 2852 retractionum
702 2793 903 2858 altitudinem.
944 2795 1059 2859 Contra
1077 2797 1201 2858 lixarum
1225 2794 1422 2859 retractiones
1446 2800 1566 2856 secute
1589 2793 1672 2856 diffi-

317 2876 415 2936 culter
438 2873 651 2953 observentur,
676 2881 787 2960 partim
810 2883 848 2945 ob
871 2893 1044 2965 pernoctem
1068 2885 1148 2947 atris
1174 2875 1346 2946 cleritatem
1367 2883 1398 2946 iu
1420 2882 1537 2958 Dauia,
1561 2881 1674 2962 partim

319 2962 391 3041 quia
412 2981 534 3024 crassus
558 2971 611 3028 abr
638 2967 719 3030 circa
745 2970 929 3035 horizontem
958 2981 1152 3054 conspectum
1181 2974 1336 3036 stellarum
1364 2971 1536 3052 intercipit3
1566 2971 1674 3054 byeum

320 3068 391 3128 ergo
412 3057 444 3111 et
462 3052 657 3116 serenissima
675 3065 772 3132 nocte,
797 3058 848 3121 ubi
866 3068 920 3124 abr
938 3061 1117 3142 depressior.
1158 3061 1202 3123 Et
1224 3061 1327 3141 quidni
1355 3059 1523 3124 orientibus
1548 3058 1674 3122 datibus

320 3137 518 3200 retractiones
547 3140 762 3220 increscerent,
792 3165 859 3210 curn
882 3149 1092 3212 Rothmanuus
1117 3151 1167 3214 iel.
1195 3147 1267 3214 122.
1291 3148 1497 3231 Epistularum
1519 3148 1675 3231 Treboni-

319 3243 421 3288 carum
445 3227 591 3306 affirmet,
616 3250 635 3290 a
659 3249 691 3292 se
720 3235 855 3314 saepius,
880 3257 948 3301 eum
970 3239 1001 3300 in
1030 3239 1128 3301 medio
1160 3245 1259 3301 staret
1282 3237 1493 3302 ,observarem
1521 3237 1675 3312 calefacti,

319 3313 401 3376 visas
425 3333 493 3376 esse
517 3317 624 3378 stellas
649 3320 779 3386 retracte
802 3343 857 3404 per
878 3345 1021 3406 vaporem
1043 3327 1247 3410 bypccaneti?

407 3402 515 3485 ltaque
540 3413 573 3466 ot
605 3405 683 3469 hunc
714 3409 811 3474 locum
843 3415 1038 3490 concludam,
1073 3421 1187 3478 certum
1209 3417 1267 3479 hoo
1296 3411 1353 3490 rit,
1387 3411 1516 3478 diversis
1544 3413 1621 3476 locis
1644 3421 1678 3478 et

321 3490 506 3570 temporibus
540 3491 676 3557 diversas
708 3515 776 3559 esse
808 3499 1005 3564 retractiones
1034 3509 1066 3564 et
1094 3502 1226 3568 insolitis
1257 3501 1407 3566 insolitas.
1453 3501 1497 3567 Ut
1518 3501 1546 3566 si
1568 3502 1678 3584 iugens

318 3577 361 3641 sit
383 3579 442 3642 loei
466 3579 609 3656 altitudo,
641 3583 782 3648 retractio
806 3587 889 3651 nulla
911 3591 989 3665 erit;
1018 3591 1044 3654 si
1066 3591 1229 3672 praecipua
1251 3591 1395 3654 resolutio
1418 3609 1576 3672 vaporum,
1599 3607 1676 3670 pro-

319 3669 436 3747 digiosa
467 3667 525 3730 erit
562 3672 714 3736 retractio.
777 3673 833 3738 Sin
871 3678 940 3740 loca
969 3687 1001 3742 et
1036 3685 1173 3760 tempora
1207 3679 1399 3743 mediocriter
1430 3699 1464 3743 ee
1502 3679 1677 3754 habuerint,

319 3757 517 3820 retractiones
542 3767 628 3824 erunt
649 3765 865 3843 propemodum
886 3766 1024 3832 eaedem

386 3897 417 3964 9.
454 3901 506 3962 De
531 3902 797 3967 observatione
819 3905 1084 3971 Hellandorum
1106 3905 1142 3969 iu
1166 3879 1247 3970 alto
1271 3906 1546 3990 septentrione.
1564 3889 1607 3982 ’ἢ

408 4023 524 4087 Tritum
557 4032 606 4088 est
641 4027 772 4091 omnium
806 4028 944 4092 manibus
982 4028 1167 4094 itinerariam
1197 4031 1383 4096 Batavorrm
1420 4049 1474 4096 ssu
1511 4029 1680 4112 1111111611

319 4112 522 4192 navigationis
546 4133 600 4194 per
623 4133 766 4179 oceanum
790 4116 1058 4198 septentrionalem
1081 4119 1111 4182 iu
1131 4120 1270 4182 desertas
1289 4120 1429 4201 regiones
1447 4119 1537 4185 Nera
1550 4119 1680 4184 21111111

320 4203 433 4270 dictas,
467 4201 731 4283 adquaerendam
761 4207 885 4283 tratum,
917 4225 974 4287 qno
998 4208 1028 4270 lu
1061 4226 1206 4270 oceanum
1228 4207 1405 4292 Scytbicum
1432 4214 1464 4271 et
1496 4207 1681 4272 orientalem

321 4295 405 4351 esset
431 4291 588 4355 transitus.
636 4291 704 4364 Quo
734 4293 836 4358 libello
865 4295 945 4358 inter
972 4295 1033 4358 alia
1059 4297 1268 4361 memorabilia
1291 4298 1402 4360 etbnc
1430 4297 1578 4374 reiciunt,
1608 4310 1679 4360 eum

320 4378 481 4440 haerentes
505 4379 535 4441 in
558 4381 655 4462 glacie
679 4401 739 4446 nox
761 4384 974 4466 oppressisset,
999 4393 1029 4448 et
1053 4405 1131 4448 anno
1155 4379 1249 4452 1596.
1274 4387 1323 4450 die
1342 4383 1375 4452 3.
1390 4385 1572 4452 Novembris
1590 4393 1632 4450 st
1647 4406 1678 4448 n.

320 4465 423 4527 Solem
446 4466 551 4548 ultimo
582 4467 747 4546 vidissent,
771 4492 810 4536 ex
837 4473 996 4538 altitudine
1020 4492 1091 4542 vcro
1113 4475 1190 4556 poli,
1220 4494 1308 4556 qoam
1337 4481 1483 4558 putarunt
1511 4493 1581 4540 esse
1604 4469 1680 4550 76⁰,

316 4553 382 4630 jam
405 4563 522 4618 certum
544 4556 693 4622 habereut
713 4579 751 4622 ex
779 4560 990 4626 astronomicis
1013 4561 1183 4645 principils,
1207 4583 1267 4626 nnn
1289 4565 1454 4630 rediturum
1476 4561 1581 4628 Solem
1602 4570 1679 4628 aute

324 4639 374 4712 lt.
399 4641 556 4720 Februarii
585 4647 655 4710 anui
683 4645 781 4725 1597,
810 4651 923 4714 tactum
945 4657 1062 4728 1111111,
1091 4659 1127 4714 nt
1153 4648 1207 4718 24.
1234 4651 1374 4718 ,1111111111
1398 4650 1439 4718 ii
1467 4653 1574 4720 diebus
1602 4659 1679 4716 aete

322 4727 489 4808 legitimum
512 4740 631 4815 tempus
650 4733 755 4798 Solem
777 4756 894 4802 mrsum
916 4737 1055 4802 viderent
1077 4759 1216 4838 snpremp
1239 4743 1375 4824 margine
1397 4743 1427 4806 iu
1450 4741 1519 4823 ipso
1539 4741 1680 4806 meridiei
