3566 5536
379 279 444 348 tar
635 293 644 310 ‘
861 281 901 334 ns
920 280 1088 338 stauarum
1105 281 1255 348 macaron

380 461 518 535 solvens,
551 459 805 540 circumnavigata
827 460 965 540 Europa,
998 460 1029 522 in
1052 460 1172 522 Italiam
1203 462 1287 524 venit
1335 460 1473 524 claritate
1505 479 1633 524 curamus
1656 482 1694 543 par

378 550 599 614 mediterranea
620 547 671 609 via
692 545 873 611 brevissima
895 557 1001 612 euntes
1023 555 1227 627 antevertens,
1250 511 1445 614 ctlrornento
1466 550 1555 612 illato
1570 551 1694 614 1111111111

379 657 515 702 annonae
530 636 722 702 sublevavit?
759 637 840 710 Quid
857 638 950 700 habet
968 638 1064 702 simile
1079 639 1201 720 propior
1222 640 1388 721 antiquitas
1402 639 1566 702 hodiernae
1584 641 1695 702 scientim

379 729 424 792 rei
446 727 607 791 militaris?
646 726 727 799 Quid
750 726 849 788 dicam
873 727 909 788 de
932 727 1087 790 hodiernis
1102 729 1218 790 artibus
1233 729 1415 792 mechanicis
1431 728 1617 792 multitudine
1631 730 1696 792 inno·

378 817 583 892 motabilibus,
599 816 768 879 subtilitate
783 816 1155 898 incomprehensibilibus?
1176 820 1227 881 An
1243 838 1302 882 non
1318 837 1422 881 omnes
1437 817 1598 898 scriptores
1606 826 1697 880 veteres

379 914 566 990 quotcunque
590 913 713 968 exstam
734 913 799 968 arte
822 905 1042 988 typographica
1064 907 1095 968 in
1123 906 1219 968 lucem
1241 908 1331 970 hodio
1353 907 1561 970 vindicamus?
1594 909 1639 968 hn
1656 927 1697 968 nor

377 996 466 1060 hodio
490 997 554 1077 ipse
580 995 686 1060 Cicero
709 1015 729 1058 a
752 996 865 1060 nostris
888 1000 936 1058 tot
964 995 1078 1058 criticis
1101 1014 1219 1063 mrsum
1246 997 1337 1060 discit
1357 997 1468 1060 Latine
1492 994 1594 1076 loqui?
1618 995 1697 1076 Scrip

377 1093 476 1157 torum
498 1103 569 1162 vero
593 1084 624 1147 iu
647 1085 783 1148 omnibus
806 1085 1002 1152 facultatibus
1024 1085 1153 1148 maxime
1175 1093 1248 1167 post
1269 1105 1379 1149 annum
1401 1082 1496 1150 1563.
1521 1085 1613 1165 major
1632 1093 1698 1165 quot-

379 1175 466 1238 annis
488 1174 645 1244 excuditur
668 1193 817 1248 numerus,
841 1193 930 1256 quarn
951 1174 1034 1236 mille
1054 1175 1204 1237 anteactis
1221 1176 1324 1238 fuerat
1338 1175 1557 1238 universorum.
1593 1175 1645 1236 Per
1659 1175 1697 1234 hos

378 1283 457 1327 nova
478 1263 569 1328 hodic
593 1264 676 1325 facta
700 1271 748 1326 est
769 1263 940 1344 theologia,
972 1283 1052 1326 nova
1078 1264 1331 1344 jurisprudentia,
1355 1270 1507 1326 novarunt
1530 1271 1562 1325 et
1582 1263 1697 1325 Paraocl-

380 1354 474 1428 sistas
493 1353 681 1428 medicinam,
705 1361 737 1414 et
753 1351 953 1433 Coperniconi
968 1353 1193 1416 astronomiam.
1232 1354 1349 1435 Opinor
1366 1354 1505 1436 equidem
1520 1370 1596 1414 nunc
1610 1351 1697 1412 deum

378 1443 490 1518 vivere,
514 1443 573 1505 imo
598 1449 630 1504 et
652 1441 749 1505 furere
764 1443 923 1506 muudum:
948 1461 1042 1524 neque
1062 1442 1697 1506 1111111111111111111111111111111111111

378 1530 619 1613 conjunctionum
642 1531 789 1597 stimulos.

465 1621 523 1684 His
552 1621 653 1703 itaque
680 1621 837 1702 perpensis
868 1621 978 1683 stultos
1006 1619 1202 1702 pronunciavi
1229 1621 1415 1702 astrologos,
1448 1619 1475 1682 si
1498 1627 1613 1700 putent,
1632 1617 1694 1679 nobis

378 1731 433 1794 per
454 1711 511 1773 hos
535 1712 652 1773 futuros
672 1707 736 1774 200
758 1729 853 1774 annos
875 1710 962 1790 plura
985 1710 1189 1790 exspectanda
1211 1717 1242 1772 et
1263 1711 1389 1790 majora,
1412 1727 1503 1791 quam
1526 1709 1636 1770 exactis
1654 1703 1696 1770 ttt

379 1801 584 1882 contigerunt,
607 1799 637 1860 vi
660 1800 778 1882 quidem
800 1799 931 1862 naturali
954 1799 1065 1878 trigoni
1088 1799 1168 1879 ignei
1190 1797 1228 1860 ab
1252 1819 1330 1862 anno
1357 1796 1449 1862 1603.
1474 1818 1587 1861 novum
1607 1795 1694 1858 initim

379 1889 525 1954 sumentis
558 1896 589 1951 et
621 1889 756 1952 solitarie
788 1889 980 1952 considerati.
1025 1888 1094 1951 Nisi
1126 1889 1203 1950 forto
1235 1889 1423 1962 existimant,
1455 1907 1569 1950 novum
1597 1885 1695 1966 aliquan

378 1980 479 2044 orbem
502 1980 653 2042 detectum
675 1987 728 2041 aut
750 1985 846 2041 artem
868 1977 990 2042 volandi
1011 1977 1238 2059 repertumiri,
1268 1998 1327 2060 qua
1354 1977 1386 2040 in
1408 1977 1530 2040 Lunam
1553 1986 1696 2038 11111111

379 2070 410 2132 in
434 2069 526 2132 alium
547 2069 649 2130 mundi
672 2067 810 2148 globum;
842 2068 948 2150 quibos
979 2067 1091 2129 hercle'
1106 2067 1170 2148 jam
1199 2067 1258 2128 iste
1281 2065 1411 2132 Telluris
1440 2065 1552 2146 globus
1583 2071 1696 2143 angusto

380 2167 436 2222 est.
485 2157 719 2240 Comparationo
744 2165 911 2238 tempomm
941 2155 1057 2220 Christi
1089 2164 1122 2218 et
1150 2155 1254 2219 Caroli
1276 2156 1398 2236 Magni,
1431 2155 1541 2238 quibus
1572 2152 1695 2218 Fabricius

378 2249 489 2322 utitur,
513 2266 563 2310 res
585 2253 731 2328 patescet.
777 2249 868 2309 Anno
892 2242 943 2310 10.
967 2245 1090 2311 Juliano
1114 2245 1133 2308 5
1157 2246 1244 2308 annis
1267 2253 1338 2307 ante
1361 2264 1463 2308 aeram
1488 2243 1695 2308 Christianonn

295 2353 298 2362 ·
380 2338 438 2407 ruit
460 2335 629 2416 conjunctio
652 2354 763 2416 magna
785 2336 815 2396 in
837 2319 992 2411 Piscibns3
1016 2354 1092 2419 quae
1116 2335 1161 2397 sic
1182 2335 1282 2416 potuit
1303 2353 1357 2417 pro
1382 2333 1467 2397 initio
1491 2332 1597 2396 haberi
1617 2327 1694 2409 trigoni

379 2427 473 2507 ignei,
503 2433 538 2488 ut
569 2425 623 2487 illa
654 2444 731 2487 anno
766 2422 859 2488 1583.
892 2425 999 2507 potuit.
1053 2424 1213 2507 Imperium
1242 2425 1333 2505 igitur
1361 2424 1569 2488 Romanorum
1599 2419 1694 2500 ampliu

379 2513 422 2580 40
445 2515 532 2578 annis
555 2524 645 2576 antea
668 2513 840 2576 devolutum
853 2523 930 2576 erat
952 2535 971 2575 a
991 2515 1102 2596 populo
1126 2515 1165 2576 ad
1187 2515 1333 2577 familiam
1357 2513 1534 2578 Caesarum.
1580 2511 1638 2573 Nec
1653 2509 1693 2588 jau

378 2607 449 2668 novi
472 2603 541 2686 quid
564 2603 691 2681 accidit3
720 2622 790 2665 narn
819 2604 931 2666 mansit
960 2597 1116 2685 imperium
1142 2604 1173 2666 in
1202 2605 1260 2666 hac
1288 2603 1404 2666 familia
1426 2602 1526 2664 adhuc
1558 2597 1599 2662 70
1627 2597 1694 2664 sunit

379 2695 491 2758 mansit
513 2695 592 2774 apud
606 2695 778 2773 Augustum
801 2693 897 2754 adhuc
921 2690 960 2757 19
986 2693 1090 2768 aunis;
1114 2693 1193 2774 apnd
1217 2693 1293 2756 alias
1307 2693 1462 2756 Romanas
1485 2689 1617 2754 familias
1636 2686 1694 2768 priu-

379 2785 477 2866 cipum
499 2783 677 2846 diutissime.
725 2782 777 2846 Sic
807 2801 873 2844 cum
899 2781 1030 2844 redisset
1059 2782 1147 2862 ignea
1175 2781 1337 2865 triplicitas
1366 2781 1446 2844 circa
1478 2797 1590 2842 annum
1612 2771 1695 2841 Christi

379 2869 458 2949 809,
482 2873 557 2934 nihil
579 2871 659 2946 novi,
682 2871 741 2933 nisi
764 2873 844 2952 quod
868 2871 995 2935 Carolus
1017 2871 1148 2951 Magnus
1170 2871 1326 2953 impurium
1349 2869 1524 2944 occidentis,
1550 2886 1625 2930 anno
1645 2861 1692 2926 751.

379 2961 410 3024 in
432 2969 548 3044 patrem
562 2960 701 3042 Pipinum
723 2968 755 3023 et
769 2962 938 3023 Romanum
960 2979 1038 3022 anno
1060 2958 1134 3024 801.
1148 2960 1180 3023 in
1199 2980 1232 3023 se
1252 2960 1442 3034 translatum,
1464 2957 1629 3038 praeclaris
1648 2969 1692 3015 soc·

380 3051 515 3115 cassibus
539 3050 695 3113 stabilivit.
743 3049 824 3122 Quin
845 3049 961 3132 potius,
983 3049 1087 3112 missis
1109 3050 1278 3114 nominibus
1302 3046 1569 3112 constellationum
1590 3044 1694 3124 trigon

379 3159 502 3222 mmque
533 3140 571 3201 ab
601 3140 671 3220 igne
694 3157 809 3221 aquave
839 3140 1007 3214 ductomm,
1036 3158 1086 3201 res
1118 3140 1202 3220 ipsas
1229 3138 1310 3219 jussi
1336 3138 1446 3200 intueri
1475 3144 1509 3200 ut
1539 3135 1626 3198 hodie
1651 3134 1693 3192 1111

381 3235 582 3310 comparatae.
620 3229 778 3300 Quaedam
800 3228 880 3291 enim
902 3229 940 3290 ad
961 3227 1114 3309 lbstigium
1136 3228 1327 3302 contendunt,
1352 3227 1497 3309 quaedam
1518 3226 1561 3288 ad
1576 3220 1692 3286 interitio

379 3325 517 3398 vergunt,
541 3318 725 3400 quarundam
747 3318 866 3380 duratio
890 3318 1030 3380 diuturna
1051 3317 1167 3398 sperari
1188 3324 1300 3398 potest.
1340 3319 1444 3399 ltaque
1465 3315 1616 3380 stimulum
1632 3311 1692 3373 ison

382 3406 602 3489 conjunctionis
624 3407 655 3468 in
679 3406 845 3487 Sagittario
873 3407 971 3470 iniis
998 3407 1187 3487 potissimum
1212 3407 1400 3470 turbaturum
1429 3414 1462 3468 et
1491 3404 1693 3487 inquietaturum

380 3497 527 3571 homines,
550 3513 626 3578 quae
648 3495 761 3558 habent
785 3496 839 3558 sub
861 3493 1008 3560 manibus.
1055 3496 1140 3568 Quae
1163 3514 1235 3576 vcro
1258 3497 1295 3557 dc
1318 3515 1396 3558 novo
1419 3495 1508 3576 plano
1532 3495 1592 3557 sint
1612 3487 1693 3552 111111

382 3586 540 3649 occasione
563 3585 705 3648 coelestis
728 3585 817 3665 hujus
841 3585 1107 3662 exstimulationis,
1131 3605 1167 3648 ea
1189 3585 1305 3665 majora
1327 3603 1395 3648 esse
1417 3591 1693 3665 1111111111]-

381 3677 476 3759 tisper
498 3675 565 3738 sola
587 3674 697 3755 trigoni
719 3674 800 3755 ignei
823 3674 991 3737 dominetur
1014 3675 1154 3751 efficacia,
1177 3693 1323 3756 quamque
1345 3675 1436 3755 paulo
1455 3680 1525 3735 ante
1549 3664 1693 3760 saitem

469 3765 517 3829 Aa
540 3764 597 3827 etsi
619 3771 778 3846 postquam
797 3783 875 3826 nova
898 3764 988 3826 stella
1013 3765 1144 3827 accessit
1160 3763 1225 3842 jam
1247 3783 1337 3844 porro
1359 3763 1475 3842 majora
1495 3761 1693 3844 1111111111Ι

379 3863 520 3939 possunt,
544 3861 646 3916 mmon
668 3854 738 3936 quia
761 3853 853 3916 stella
874 3853 929 3915 illa
952 3853 1092 3918 fortassis
1115 3852 1264 3934 aliquibus
1279 3861 1406 3916 naturae
1420 3852 1450 3913 vi
1464 3851 1619 3914 exstitisse
1632 3841 1692 3904 vidt

381 3946 475 4022 bitur,
505 3951 541 4006 ut
570 3962 661 4024 sopra
682 3943 713 4006 in
737 3961 883 4024 suspenso
906 3943 1097 4024 reliquimus,
1128 3942 1235 4024 quibus
1256 3941 1326 4005 ideo
1347 3940 1423 4004 nihil
1445 3947 1567 4022 praeter
1589 3944 1692 4013 11111ιε

382 4053 446 4117 cap.
465 4033 585 4098 XXVI.
605 4033 688 4095 dicta
708 4033 886 4113 portendere
910 4034 1068 4096 statuitur:
1093 4031 1176 4094 lubet
1198 4033 1227 4094 in
1243 4051 1344 4094 eornm
1366 4031 1496 4111 gratiam
1517 4029 1568 4093 hic
1584 4015 1692 4110 genstall

380 4125 439 4187 hoc
460 4122 687 4205 pronunciatum
710 4123 747 4184 de
770 4123 878 4185 effectu
899 4121 1030 4185 naturali
1052 4122 1165 4203 trigoni
1186 4121 1267 4202 ignei
1298 4122 1446 4202 (adeoque
1469 4126 1502 4182 et
1523 4117 1691 4187 111111191-

380 4213 494 4296 plicare
517 4211 618 4275 latius.
664 4211 846 4292 Pugnabunt
867 4212 1003 4275 nimirum
1026 4213 1128 4292 Reges
1150 4212 1291 4292 Europae
1314 4211 1351 4272 de
1373 4209 1522 4291 imperiis,
1552 4208 1599 4271 hic
1619 4202 1692 4262 viros

382 4311 489 4384 agetur
510 4301 573 4364 illic
594 4300 713 4364 insidiis
734 4319 789 4392 pro
807 4301 936 4364 diversis
956 4301 1109 4364 nationum
1128 4301 1274 4375 motibus3
1298 4299 1328 4360 in
1347 4298 1511 4362 Germania
1528 4305 1614 4379 atque
1627 4287 1691 4380 etiae

382 4392 455 4457 alibi
477 4390 575 4470 magis
596 4391 752 4472 magisque
782 4391 1038 4454 exacerbabuntur
1064 4390 1171 4453 animi:
1204 4407 1261 4471 quo
1290 4387 1388 4467 magis
1417 4387 1633 4456 convalescent,
1658 4389 1691 4454 qu

382 4481 592 4563 antiquitatem
605 4479 777 4555 detendunt,
797 4479 855 4542 hoc
867 4480 990 4561 propius
1004 4479 1134 4555 coibunt,
1151 4478 1201 4561 qui
1215 4478 1397 4551 libertatem,
1414 4483 1445 4538 ot
1458 4495 1516 4558 quo
1534 4467 1690 4558 prosperitre

381 4571 414 4634 hi
435 4577 556 4633 utentur
579 4569 708 4646 fortuna,
728 4569 785 4632 hoc
806 4569 942 4632 acerbius
957 4569 1083 4631 invicem
1097 4567 1274 4631 mordebunt
1294 4572 1561 4648 consumenturque
1579 4559 1689 4626 incon:

382 4661 505 4742 lienique
526 4666 597 4720 tnnc
610 4665 723 4740 potest,
743 4665 777 4720 ut
789 4677 885 4720 novae
901 4658 1059 4734 factiones,
1081 4677 1175 4720 novae
1198 4655 1353 4737 opiniones
1369 4650 1582 4735 emergant‘⁰)
1611 4648 1688 4746 Quat·
1709 4671 1711 4676 '

384 4765 473 4828 quam
496 4747 717 4810 contentionrnn
740 4746 870 4811 studium
893 4748 972 4828 apud
993 4747 1144 4829 politicos,
1168 4755 1202 4810 ut
1225 4745 1437 4829 supradictum,
1464 4743 1496 4806 in
1524 4742 1688 4806 declinatole

384 4843 446 4900 est:
471 4835 603 4900 omnent
623 4835 715 4918 igitur
737 4836 966 4917 compositores,
989 4835 1040 4920 qui
1062 4836 1121 4920 ipsi
1141 4855 1204 4899 non
1224 4835 1323 4900 minus
1345 4833 1499 4914 turbarum
1522 4823 1687 4898 anciutot
