3652 5532
725 303 807 387 cape
824 319 913 372 xxrr.
1423 319 1488 388 τοι

134 495 223 584 'gulis
245 497 386 562 membris
408 498 447 560 ad
470 500 558 562 liueru
588 497 762 562 ordinandis
790 498 953 562 admonita.
999 499 1066 562 Hoc
1090 497 1258 579 exemplum
1285 501 1434 582 quomodo
1458 503 1496 565 ad

139 589 239 673 ipsum
262 605 403 668 maguum
425 589 528 652 muudi
553 609 661 670 corpus
685 589 808 671 ejusque
832 589 1007 652 facultatem
1030 588 1305 651 architectatricem
1328 589 1370 652 sit
1392 598 1497 654 traus-

139 679 316 754 ferendum,
349 677 478 759 ambigo.
524 677 590 742 Aut
612 678 692 740 euim
722 678 812 740 sedes
835 677 862 740 ei
886 678 986 754 nulla,
1020 677 1080 740 uisi
1103 677 1133 740 in
1156 678 1222 758 ipso
1252 677 1366 761 liquido
1396 679 1495 744 inani:

138 776 194 832 aut
217 768 243 832 si
266 767 298 846 iu
320 766 419 847 globis
443 767 609 844 stellarum,
635 767 723 830 sedes
747 768 776 830 ei
799 787 858 830 nou
881 769 959 830 uua:
992 774 1045 829 aut
1068 763 1094 830 si
1117 765 1148 829 iu
1170 765 1261 846 globo
1283 767 1380 844 Solis,
1406 772 1496 834 sedes

138 859 170 920 ei
194 855 419 938 angustissima,
446 875 591 920 excursus
614 857 791 934 immensus,
815 856 931 922 iuliuito
956 856 1074 920 similis.
1120 854 1254 918 Primum
1283 857 1382 920 dicere
1406 860 1496 936 malo,

138 947 242 1010 inesse
266 947 298 1008 id
319 952 387 1008 tota
410 945 582 1009 substantia
609 945 751 1008 aetherea
780 965 886 1022 uuam,
911 965 969 1028 qua
990 945 1131 1026 planetae
1156 945 1335 1022 decurrunt,
1359 947 1496 1026 alteram,

137 1057 200 1120 qua
222 1037 300 1098 lixae
317 1041 411 1110 stant,
435 1036 612 1098 facultatem
628 1035 757 1097 similem
772 1034 904 1098 naturali
924 1034 1082 1108 facultati,
1096 1052 1174 1116 quae
1195 1041 1244 1096 est
1261 1035 1291 1098 iu
1308 1035 1497 1114 animalibus,

68 1159 71 1166 ·
135 1125 328 1210 praefectam
351 1130 433 1186 certo
457 1126 551 1204 operi,
575 1125 654 1206 quod
676 1123 765 1187 uobis
789 1131 838 1186 est
859 1124 1071 1199 deliniendum,
1095 1130 1129 1186 ut
1151 1131 1312 1204 appareat,
1336 1125 1383 1187 cui
1406 1145 1497 1207 prae-

142 1215 232 1296 cipue
259 1213 338 1276 hono
370 1213 547 1276 facultatem
575 1214 654 1276 hauc
676 1214 708 1276 in
731 1213 848 1276 coelum
880 1213 1124 1287 introducamus,
1154 1230 1231 1293 quae
1262 1213 1319 1276 has
1353 1234 1497 1279 novorum

136 1304 274 1368 siderum
305 1299 401 1364 veluti
438 1303 605 1366 succisivas
642 1321 750 1384 operas
783 1302 874 1384 juata
911 1309 1061 1365 exerceat.
1117 1301 1192 1366 Oum
1224 1301 1317 1382 igitur
1347 1305 1498 1367 essentiae

134 1393 300 1457 aethereae
326 1389 479 1472 proprium
502 1392 543 1456 ait
564 1391 729 1474 pollucere,
763 1411 859 1474 neque
885 1392 985 1473 possit
1013 1409 1081 1453 esse
1108 1390 1306 1472 pellucidum,
1336 1393 1416 1474 qnod
1439 1413 1499 1458 nou

134 1483 188 1544 vel
212 1481 335 1546 fluidum
360 1487 408 1542 est
429 1480 479 1542 vel
502 1481 546 1544 ita
569 1488 603 1544 ut
625 1481 712 1544 initio
735 1481 801 1558 fuit,
827 1499 893 1543 cum
915 1481 1039 1543 fluidum
1063 1487 1155 1556 esset,
1178 1489 1345 1561 permanet,
1370 1490 1404 1544 ut
1426 1501 1496 1566 cry-

137 1571 269 1644 stallus,
301 1570 549 1651 quemadmodum
581 1571 611 1633 in
644 1570 763 1652 Opticis
793 1571 924 1633 dictum:
956 1569 1071 1632 coelum
1102 1569 1206 1652 utique
1235 1589 1296 1632 nou
1328 1571 1365 1633 de
1394 1589 1496 1636 eorum

135 1658 357 1743 pellucidorum
381 1665 429 1722 est
451 1677 571 1740 genere,
595 1679 672 1742 quae
696 1661 805 1723 duritie
829 1660 957 1742 quadam
980 1660 1058 1721 huuc
1078 1659 1216 1742 effectum
1239 1659 1390 1736 retinent3
1415 1663 1494 1744 quod

138 1751 352 1813 demonstrant
373 1757 526 1824 cometae,
560 1749 610 1830 qni
633 1769 872 1832 quaquaversum
894 1747 1066 1829 traJiciunt,
1089 1747 1165 1810 nihil
1185 1749 1321 1830 impediti
1344 1771 1363 1811 a
1386 1749 1495 1814 solidi-

137 1846 206 1902 tate
229 1838 292 1901 nlla
314 1836 440 1901 orbium.
463 1837 595 1902 'Adhuc
618 1857 690 1920 ergo
722 1838 838 1902 coelum
862 1857 930 1900 cum
953 1838 994 1900 sit
1021 1836 1160 1912 fluidum,
1194 1838 1305 1900 debeat
1330 1857 1403 1902 vero
1427 1859 1496 1903 esse

137 1937 172 1991 et
193 1927 392 2009 pellucidum,
424 1935 658 1990 consentaneum
686 1936 748 2004 est,
780 1928 955 1991 facultatem
984 1926 1116 2008 aliquam
1139 1926 1167 1988 ei
1193 1945 1354 2007 praeesse,
1382 1929 1495 2010 quain

137 2019 199 2081 hoc
223 2035 277 2080 suo
301 2023 382 2078 statu
405 2017 551 2080 retinetur
572 2017 621 2080 hic
644 2017 750 2098 iugens
774 2035 911 2099 campus,
943 2015 1032 2099 idque·
1054 2015 1118 2078 deri
1143 2016 1366 2080 continuatione
1390 2019 1494 2099 cujus-

138 2107 212 2169 dam
234 2104 381 2168 levissimi
403 2106 525 2182 caloris,
549 2126 607 2189 quo
629 2107 662 2169 id
685 2105 769 2170 coelo
791 2113 973 2189 praestetur,
998 2106 1077 2187 quod
1100 2105 1179 2168 oculi
1206 2105 1379 2169 humoribus
1401 2125 1494 2188 prae·

138 2201 241 2259 statur
270 2194 308 2257 ab
339 2195 525 2258 inhabitante
557 2197 638 2272 vita;
669 2203 704 2259 ut
732 2196 832 2258 calore
863 2193 964 2276 vegeti
997 2213 1115 2276 semper
1136 2201 1294 2274 turgeant,
1317 2203 1493 2278 constetque

139 2284 231 2348 oculo
254 2303 309 2348 sua
331 2289 363 2346 et
382 2283 576 2366 pelluciditas
600 2293 632 2347 et
653 2286 756 2366 ligura
799 2285 878 2348 Huic
902 2284 993 2365 igitur
1016 2282 1133 2348 animae
1156 2283 1293 2346 dabimus
1314 2283 1373 2347 hoc
1394 2286 1493 2362 officii,

138 2382 175 2438 ut
198 2374 246 2436 rel
269 2374 346 2455 ipsa,
370 2374 439 2435 dum
461 2382 572 2455 purgat
591 2383 622 2436 et
643 2375 772 2456 depurat
794 2393 903 2456 corpus
926 2393 1022 2449 suum,
1045 2374 1232 2455 proprietate
1256 2393 1311 2436 sua
1334 2375 1491 2439 essentiali

136 2461 311 2543 hujusmodi
333 2479 462 2543 vapores
493 2463 621 2546 pingues
644 2471 676 2526 et
697 2464 830 2545 impuros
858 2472 949 2544 cogat
970 2470 1003 2525 et
1023 2461 1111 2544 qnasi
1138 2463 1296 2543 detergat,
1326 2463 1375 2525 vel
1399 2465 1492 2527 etlam

138 2559 280 2635 excretos
303 2571 341 2613 ex
363 2551 463 2632 globis
487 2553 644 2616 stellarum
666 2554 753 2636 quasi
775 2553 999 2634 possessionem
1022 2569 1148 2614 vacuam
1172 2559 1317 2636 occupet;
1345 2553 1489 2616 utrolibet

137 2661 212 2704 vero
234 2641 324 2704 modo
347 2659 385 2702 ex
407 2641 535 2704 materia
557 2643 681 2706 inventa
703 2642 752 2705 vel
775 2642 896 2723 genita;
927 2640 1005 2704 iuter
1027 2642 1120 2715 fixas,
1154 2641 1274 2704 stellam
1297 2641 1488 2719 immobilem,

137 2731 218 2793 inter
238 2729 390 2811 planetas,
414 2739 561 2794 cometam
582 2731 722 2796 mobilem
745 2731 869 2807 efficiat3
894 2749 930 2792 eo
954 2730 1111 2806 instinctu,
1135 2748 1193 2811 quo
1215 2731 1294 2793 hauc
1315 2739 1489 2794 terrestrem

137 2819 316 2882 facultatem
345 2819 424 2882 iuter
461 2821 603 2884 animalia
639 2821 778 2884 diffusam
814 2819 1011 2897 animalcula,
1049 2827 1084 2882 ut
1120 2819 1289 2904 papiliones
1317 2827 1350 2882 et
1380 2819 1490 2884 similia

30 2935 32 2972 ῑ
138 2907 283 2971 fabricari
307 2907 445 2971 diximus.

226 2996 340 3060 Audivi
355 2999 502 3079 quosdam
517 2997 654 3081 eousque
670 3017 859 3080 progressos,
882 3005 918 3060 ut
930 2997 989 3058 hac
1007 2997 1151 3059 facultate
1172 2995 1277 3060 confisi
1296 3015 1363 3061 sese
1382 2998 1490 3062 faciles

31 3131 32 3138 ι
139 3085 284 3149 exhihere
306 3086 411 3164 velint,
435 3087 462 3150 si
485 3087 552 3170 quis
574 3107 612 3151 ex
630 3089 739 3151 mundo
764 3088 855 3150 etiam
877 3087 1018 3150 muudum
1032 3087 1114 3168 gigni
1137 3085 1265 3167 probare
1288 3087 1384 3150 uelit.⁴
1404 3087 1490 3160 Quos
1541 3136 1546 3157 ,

136 3195 196 3240 nou
222 3175 360 3257 impedit,
392 3177 471 3258 quod
493 3177 599 3240 rident
629 3197 756 3259 corpora
779 3177 886 3240 mundi
909 3195 969 3239 nou
996 3177 1191 3238 cohaerere:'
1208 3195 1277 3238 nam
1301 3195 1396 3260 neque
1420 3195 1491 3260 cry·-

30 3303 32 3344 5
137 3264 280 3329 stallinus
310 3265 416 3328 humor
449 3265 528 3328 oculi
558 3267 669 3330 tunicis
701 3285 836 3329 annexus
859 3273 926 3342 est3
957 3264 1069 3327 excidit
1096 3265 1174 3328 euim
1197 3265 1248 3326 vix
1271 3267 1405 3346 apertis,
1435 3287 1490 3329 nec

30 3375 32 3384 ’
135 3373 213 3436 opus
236 3361 277 3416 ut·
291 3355 463 3432 recidatur;
486 3373 542 3418 nec
564 3356 651 3418 venis
673 3357 765 3418 alitur
787 3364 840 3418 aut
862 3355 985 3430 crescit,
1014 3353 1065 3417 sed
1090 3373 1222 3435 vapore:
1241 3350 1283 3430 ⁸⁸)
1307 3356 1395 3437 quale
1419 3356 1490 3439 quid

136 3444 230 3506 etiarn
253 3443 290 3504 de
314 3443 412 3506 stellis
434 3444 465 3507 in
488 3463 562 3507 aura
585 3445 728 3507 aetherea
758 3444 851 3508 libere
883 3442 1055 3507 volantibus
1084 3443 1217 3525 profiteri
1241 3443 1268 3506 is
1290 3453 1411 3526 potest,
1425 3443 1490 3528 ⁴qui

138 3531 282 3596 mundum
304 3551 342 3594 ex
363 3533 473 3596 mundo
496 3534 620 3615 gignere
642 3534 718 3597 vult

228 3623 343 3684 Verum
375 3622 525 3685 calumnia
554 3624 679 3687 veritati
709 3622 834 3687 struitur
855 3621 914 3684 hoc
941 3621 1157 3686 additamento.
1204 3623 1239 3684 Iu
1266 3622 1385 3684 homine
1414 3641 1489 3704 qnae

141 3709 273 3772 facultas
296 3711 395 3791 giguit
415 3711 580 3793 pediculos,
605 3715 692 3795 louge
714 3703 841 3775 iufeiior
862 3719 923 3787 eet,
951 3729 1039 3794 quam
1061 3719 1096 3775 ut
1117 3712 1224 3792 gignat
1245 3711 1402 3774 homiuem.
1449 3712 1492 3773 Ει

138 3799 169 3860 in
194 3799 289 3862 Terra
312 3800 496 3879 facultatem,
521 3805 639 3884 quade
662 3803 735 3878 diri,
759 3821 846 3864 nemo
869 3801 1001 3882 negabit.
1047 3801 1259 3881 Prodigiosum
1280 3809 1381 3861 minen
1405 3818 1489 3862 com-

137 3897 273 3950 mentum
304 3889 412 3966 fuerit,
442 3889 467 3953 si
490 3893 571 3974 quis,
599 3913 656 3957 nou
688 3892 786 3955 dicam
809 3891 849 3954 ad
871 3892 1095 3972 generationem
1125 3889 1250 3953 alterius
1273 3891 1400 3964 Terrae,
1436 3890 1490 3951 sed

30 3991 31 3996 ’
137 3985 257 4040 tantum
280 3979 319 4040 ad
341 3979 451 4042 nudam
474 3983 747 4063 augmentationem
772 3981 838 4062 ejus
856 3981 938 4044 vires
961 3979 1139 4042 extenderit.
1180 3978 1368 4043 Oeuseautur
1384 3978 1490 4056 ‚facul-

137 4073 222 4131 tates
246 4085 283 4129 ex
306 4069 445 4150 operibus
467 4089 522 4152 per
546 4092 601 4134 sua
623 4090 763 4153 corpora,
796 4090 856 4133 non
884 4078 989 4132 contra
1020 4087 1112 4150 opera
1144 4067 1274 4130 omnium
1298 4085 1334 4129 er
1358 4087 1416 4129 uno
1439 4067 1489 4130 vel

30 4191 31 4194 ι
139 4157 240 4220 altero
259 4157 415 4220 facultatis
431 4161 577 4241 exemplo.
614 4164 663 4225 lta
677 4161 727 4224 hic
743 4179 858 4242 quoque
878 4159 904 4222 si
918 4159 1073 4241 praesidet
1087 4159 1148 4221 ista
1167 4157 1298 4220 facultas
1313 4156 1490 4220 retinendae

30 4297 31 4334 ,
135 4246 340 4327 pelluciditati
363 4247 514 4324 aetheris,
538 4268 613 4332 opus
637 4269 722 4313 suum
745 4249 852 4324 habet,
880 4268 938 4330 quo
962 4247 1117 4310 facultatis
1139 4265 1247 4310 nomeu
1270 4255 1405 4322 tueatur,
1430 4246 1490 4308 atsi

30 4389 31 4394 ,
137 4355 198 4400 uon
221 4343 356 4417 generat
402 4338 451 4400 Ne
473 4337 571 4401 dicam
593 4340 674 4421 quod
697 4357 805 4421 corpus
828 4337 893 4418 ejus
916 4337 1080 4418 generandi
1112 4346 1216 4400 careat
1238 4337 1377 4417 organis,
1401 4335 1489 4418 quale

139 4425 210 4504 quid
232 4425 420 4489 Aristoteles
442 4435 549 4490 contra
571 4429 728 4492 stellarum
755 4435 883 4501 motum,
916 4425 965 4509 qui
988 4428 1042 4489 frat
1064 4427 1129 4489 sine
1153 4426 1289 4502 orbibus,
1321 4424 1488 4506 usurparit.

140 4511 201 4574 Sed
225 4515 277 4578 isti
299 4515 371 4579 belli
393 4515 567 4598 philosophi
599 4517 753 4592 laborant,
784 4524 817 4578 ut
839 4515 952 4578 habeat
973 4517 1057 4579 Deus
1089 4518 1168 4598 quod
1192 4516 1229 4578 ab
1253 4523 1378 4578 aeterno
1407 4520 1489 4594 agat,

141 4619 228 4682 quem
250 4604 289 4666 ad
311 4606 399 4668 finem
422 4606 563 4669 mundum
586 4625 624 4669 ex
646 4607 755 4669 mundo
778 4612 902 4669 nectunt
923 4625 977 4688 per
1000 4607 1234 4686 generationem.
1275 4605 1391 4676 Quibus
1414 4603 1490 4666 illud

141 4689 272 4755 fortasse
303 4713 362 4757 uon
397 4695 584 4759 incommode
615 4695 862 4776 respondebitur:
901 4696 1111 4758 aeternitatem
1142 4715 1202 4757 non
1231 4694 1341 4756 hahere
1375 4701 1489 4775 partes,

142 4775 243 4860 itaque
271 4783 418 4862 temporis
447 4782 565 4846 initium
588 4805 607 4846 a
628 4785 696 4847 tofa
723 4784 787 4866 peti
794 4805 804 4861 3
834 4784 913 4865 quod
943 4785 1016 4847 mihi
1045 4786 1084 4848 D.
1108 4784 1271 4868 Augustini
1302 4784 1394 4846 lectio
1422 4784 1491 4852 visa

144 4873 194 4927 est
215 4885 386 4950 suggerere.
