3476 5532
355 261 421 330 820
764 265 794 314 In
810 265 898 314 librum
917 263 948 314 da
966 261 1045 314 Stalla
1064 275 1130 312 nors
1147 259 1296 326 Sarpentani

355 445 501 510 revolutio,
523 443 679 498 dividuntur
692 441 849 522 sententiae
870 447 1093 498 astronomorum.
1122 442 1237 504 Quidam
1251 443 1338 498 Terra
1350 449 1455 498 aona
1470 441 1576 494 coehrra
1589 440 1674 492 nltinm

357 527 435 581 aiunt
455 527 494 578 ire
515 527 552 579 ab
573 530 635 577 ortu
656 524 683 577 in
705 539 831 576 occasum
852 531 882 577 et
906 541 1005 594 rapere
1026 526 1156 594 planetas
1184 525 1327 578 inferiores
1349 539 1460 586 ornnes,
1484 537 1586 592 eosque
1603 520 1674 574 interm

355 607 473 677 propriis
493 605 611 660 motibus
633 604 673 656 ire
693 603 720 660 in
741 604 920 659 contrarium:
948 605 1046 675 reliqui
1067 605 1212 668 dixerunt,
1234 612 1265 658 et
1285 606 1391 659 coelum
1416 603 1568 657 stellatum
1588 609 1674 654 storea

357 690 487 757 planetas
517 701 609 739 omnes
631 700 649 736 a
669 683 765 738 diurno
792 691 868 738 motu
893 701 954 739 esse
985 685 1130 748 immunes,
1160 686 1249 740 solam
1274 703 1340 739 vero
1367 686 1493 740 Terram
1519 684 1609 735 diurno
1631 697 1674 734 nou

359 765 483 822 converti
504 766 540 820 ab
562 781 660 818 occasu
682 765 710 818 in
731 773 834 828 ortum,
857 767 956 820 ceteris
976 767 1097 838 planetis
1125 783 1189 820 auos
1215 773 1305 820 motus
1327 767 1355 820 in
1376 767 1503 820 eandem
1523 764 1629 834 plagam
1644 763 1674 813 sm

358 845 571 918 perturbatione
591 845 652 898 ulla
671 845 885 915 perficientibus.

447 927 516 990 Quid
537 926 582 980 hic
601 925 788 980 Laurentius?
812 927 946 998 Utrosqua
967 927 1009 980 ait
1028 925 1132 980 dixisse
1152 928 1261 992 falsum,
1282 935 1416 982 naturam
1439 931 1539 979 autem
1559 923 1674 978 coelerum

358 1016 479 1064 motuum
500 1008 539 1060 sic
559 1023 621 1060 ease
642 1014 843 1076 comparatam,
871 1009 913 1062 uti
933 1025 983 1062 nos
1008 1007 1085 1060 illam
1105 1009 1143 1062 ab
1163 1007 1241 1061 initio
1262 1025 1280 1062 a
1300 1007 1361 1062 rudi
1386 1006 1576 1076 experientia
1597 1005 1674 1070 decemp

360 1090 453 1164 simus.
481 1088 505 1141 0
525 1087 640 1140 stultam
660 1087 881 1156 philosophiam!
904 1089 941 1142 Ut
959 1088 1082 1142 ordinem
1101 1088 1228 1142 maximia
1249 1088 1391 1142 laboribus
1415 1087 1566 1142 iuvenum
1585 1103 1599 1137 e
1616 1086 1674 1138 mund

359 1169 468 1239 ejiciat,
496 1167 734 1238 perturbationem
761 1167 905 1237 pristinam
932 1169 1087 1222 introducit.
1128 1169 1166 1222 Et
1186 1169 1313 1240 quidnam
1335 1169 1399 1222 nori
1423 1185 1458 1220 se
1480 1167 1600 1220 delirare
1620 1165 1674 1232 jaca

359 1249 545 1305 Laurentius?
564 1251 610 1302 An
630 1264 684 1301 non
698 1250 794 1302 eadem
814 1249 968 1320 nuperrime
989 1249 1119 1303 deliravit
1131 1249 1290 1306 Patricius?
1311 1249 1428 1303 Scilicet
1450 1248 1598 1318 praefatos
1615 1256 1649 1296 est
1663 1261 1674 1296 s

361 1330 530 1393 Aristotele,
559 1330 669 1382 easdem
700 1329 842 1398 opiniones
871 1331 960 1384 redire
988 1329 1061 1383 inter
1086 1330 1219 1385 homines.
1260 1329 1345 1402 Atqui
1376 1330 1506 1384 uondnrn
1537 1335 1640 1382 exactus
1658 1342 1674 1376 a

360 1427 447 1466 annus
461 1409 620 1464 Platonicus
642 1409 769 1463 adelirio
788 1409 909 1476 Patricii,
931 1410 1036 1465 nullum
1056 1409 1213 1464 intercessit
1233 1411 1371 1474 dilnvium,
1393 1411 1498 1464 nullus
1521 1411 1599 1462 ardor
1616 1408 1674 1458 munc'

358 1492 439 1554 nulla
457 1489 569 1561 generis
587 1489 699 1542 humani
721 1491 878 1555 internecio,
901 1508 972 1562 quae
986 1491 1172 1546 Patricianam
1192 1491 1327 1546 insaniam
1349 1491 1391 1545 ita
1405 1491 1532 1554 deleret,
1554 1487 1674 1542 utlanrer

361 1573 416 1627 tius
437 1571 556 1625 haberet
576 1570 647 1640 quod
668 1570 846 1635 instauraret,
868 1575 917 1624 sed
938 1589 988 1624 nec
1009 1573 1096 1642 longa
1116 1573 1211 1643 aliqua
1237 1579 1374 1626 terranun
1395 1569 1501 1642 spatia
1528 1569 1674 1623 intamenim

361 1653 449 1708 ltalus
476 1651 542 1706 Itali
566 1657 733 1706 coaetaneus
768 1652 857 1706 adhsm
884 1653 1006 1706 calentia
1030 1653 1157 1725 magistri
1183 1654 1332 1723 discipulus
1358 1652 1493 1723 vestigia
1519 1652 1606 1704 calcat
1628 1657 1674 1700 ets

360 1749 460 1788 norum
480 1731 543 1802 quid
564 1731 653 1786 dicere
675 1731 801 1788 somniat.

452 1822 550 1891 ltaque
585 1821 704 1874 lectores
736 1839 771 1874 ne
802 1822 1015 1891 perturbentur:
1056 1830 1086 1876 et
1115 1821 1188 1877 ratio
1212 1829 1252 1888 et.
1270 1817 1347 1876 3000
1376 1838 1522 1878 mnarum
1551 1818 1674 1890 experienti

366 1909 495 1966 testatur,
517 1901 617 1956 salsum
638 1900 742 1955 dixisse
762 1901 951 1966 Laurentium,
973 1902 1198 1974 opinatoremque
1219 1903 1353 1974 supinum,
1375 1902 1559 1966 oscitantem,
1579 1901 1624 1954 imo
1640 1911 1674 1951 ser

259 2025 266 2038 .
367 1991 474 2038 tentem
500 1989 530 2034 et
554 1981 690 2036 rhonchos
711 1983 868 2047 ducentem,
890 1982 958 2036 nihil
980 1999 1073 2038 eorum
1103 2000 1173 2054 quae
1203 1984 1269 2038 dicit
1297 1983 1484 2056 intelligere:
1516 1987 1608 2035 contra
1631 1980 1674 2048 plm

366 2061 552 2120 necessarium
573 2079 651 2126 esse,
680 2069 711 2116 ut
732 2063 869 2116 alterutra
897 2063 1094 2130 sententiarum
1122 2063 1365 2118 astronomicarum
1385 2081 1461 2118 vera
1484 2063 1533 2120 sit.
1574 2067 1625 2115 Aut
1639 2060 1674 2110 em

364 2145 452 2200 Terra
472 2150 565 2196 stante
587 2142 693 2196 coelum
713 2143 830 2196 lixarum
851 2143 972 2198 volvitur
992 2144 1087 2198 diurno
1109 2145 1224 2198 circuitu
1245 2146 1281 2198 ab
1303 2151 1365 2198 ortu
1387 2145 1416 2198 in
1440 2161 1573 2198 occasum
1592 2141 1674 2207 retius

365 2243 457 2280 secum
486 2223 618 2293 planetas
646 2223 817 2280 reluctantes
839 2231 868 2277 et
895 2224 1021 2278 ariantes
1047 2225 1117 2278 alios
1147 2225 1246 2279 aliter:
1279 2231 1330 2278 aut
1360 2225 1442 2281 coelo
1475 2227 1594 2280 fixarum
1616 2227 1674 2274 stum¹¹

364 2304 486 2378 planatis
512 2303 598 2357 libere
625 2303 797 2358 currentibus
819 2310 849 2357 et
868 2306 1054 2360 revolutiones
1076 2305 1238 2375 aequabiles
1265 2303 1327 2360 aliis
1349 2306 1422 2360 alias
1450 2305 1623 2364 facientibus,
1645 2300 1674 2351 ai

366 2387 453 2442 Terra
478 2383 600 2437 volvitur
620 2385 656 2438 ab
685 2400 785 2438 occasu
804 2383 833 2438 in
853 2391 950 2440 ortum.
991 2385 1110 2440 Medium
1140 2393 1215 2440 certo
1245 2386 1350 2441 nullum
1371 2393 1430 2451 est,
1466 2385 1580 2444 tertium
1605 2381 1674 2434 nuuc

367 2471 425 2524 Aut
445 2465 468 2520 si
488 2464 541 2518 hoc
568 2472 624 2528 est,
655 2465 725 2535 quod
752 2465 918 2520 Laurentius
949 2465 1035 2520 dixit:
1066 2473 1114 2520 cat
1143 2465 1229 2538 igitur
1254 2474 1282 2521 et
1309 2468 1344 2520 ad
1374 2483 1509 2528 numeros
1540 2471 1613 2518 vocet
1633 2474 1672 2512 suu

305 2599 309 2609 ,
368 2547 531 2619 opinionem,
546 2547 644 2599 doceat
658 2563 695 2600 ex
705 2545 908 2615 eapraedioere
921 2554 1010 2600 motus
1021 2547 1137 2610 futuros,
1152 2547 1278 2602 evincere
1292 2553 1444 2602 annotatos
1461 2545 1628 2618 praeteritos.
1644 2541 1673 2591 ils-³

369 2629 391 2684 si
406 2626 566 2690 tentaverit,
582 2626 704 2696 seposito
718 2625 875 2697 opinionum
889 2643 957 2697 quas
971 2625 1063 2696 rejicit
1077 2627 1248 2692 adminiculo,
1263 2627 1366 2682 sentiet
1381 2635 1521 2699 quantum
1535 2643 1554 2680 a
1563 2641 1618 2680 vero
1629 2622 1669 2674 rur

450 2719 519 2771 ‚Jam
542 2732 613 2787 quae
634 2715 729 2784 objicit
742 2715 847 2786 primae
862 2717 1018 2770 sententiae
1039 2716 1187 2773 rideamus.
1214 2719 1285 2771 Nam
1299 2717 1353 2770 etsi
1374 2718 1529 2771 alteram
1549 2731 1598 2785 ego
1610 2724 1671 2778 reqrr.

370 2815 484 2854 omnes
510 2803 602 2852 tamen
633 2802 847 2850 astronomorum
878 2796 1050 2868 quantumvis
1080 2805 1239 2869 pugnantes
1269 2797 1412 2869 opiniones
1443 2805 1546 2852 contra
1573 2791 1670 2863 imperitin

369 2885 575 2952 ageometretos
604 2885 634 2930 et
666 2877 758 2930 varios
791 2875 945 2946 hrq'usmodi
973 2877 1137 2947 opiniastros
1164 2885 1193 2932 et
1218 2879 1417 2951 logodaedalos
1447 2877 1622 2932 defendendas
1638 2869 1668 2923 nt

370 2968 447 3032 puto,
469 2966 501 3014 ut
520 2959 633 3013 videant
654 2957 798 3022 discentes,
820 2975 875 3023 eos,
899 2958 945 3028 qui
964 2957 1039 3012 intra
1058 2958 1159 3014 limites
1181 2958 1365 3014 astronomiae
1386 2965 1531 3031 pugnant,
1552 2964 1669 3025 nequsqffl

373 3044 440 3096 adeo
461 3039 573 3093 lubricis
595 3039 646 3094 niti
666 3037 836 3093 ratiunculis.

464 3115 494 3189 1)
515 3121 571 3184 Ait,
595 3119 686 3173 coelos
707 3136 769 3172 esse
790 3119 932 3172 laeserat
948 3119 1069 3188 specula,
1091 3137 1141 3173 nec
1156 3120 1265 3173 concedi
1285 3137 1377 3189 posse,
1399 3128 1433 3174 ut
1447 3121 1567 3174 alterum
1581 3111 1665 3168 absita:

373 3200 437 3256 vehi
457 3200 571 3255 dicatur.
598 3201 675 3270 Ergo
696 3201 809 3269 planum
824 3200 968 3269 speculare
982 3200 1067 3269 plano
1082 3200 1220 3270 speculari
1241 3201 1360 3254 innitens
1382 3200 1530 3256 banarebr'
1544 3213 1593 3251 norr
1603 3200 1660 3262 pelei

372 3281 560 3350 Aliquonsque
586 3288 661 3332 certe
686 3289 816 3350 sequetur
837 3281 908 3351 quod
933 3280 1077 3346 incumbit,
1099 3281 1123 3333 si
1143 3281 1273 3335 trahatur
1293 3281 1365 3350 quod
1385 3281 1518 3335 sustinet.
1560 3275 1624 3338 Qu⁰d
1638 3283 1662 3320 ’θ’

374 3361 485 3416 taudem
505 3361 575 3430 quod
596 3359 729 3413 incumbit
747 3360 919 3430 relinquitur,
941 3377 1027 3416 causa
1040 3366 1084 3416 est
1096 3361 1230 3416 materiae
1245 3361 1381 3432 gravitas.
1406 3361 1496 3416 Dicas
1510 3375 1584 3430 ergo,
1595 3355 1666 3410 laist*

374 3443 440 3506 tine,
463 3440 543 3493 orbes
564 3439 699 3492 coelestes
720 3456 831 3510 graves
853 3443 901 3496 sed
916 3457 1028 3496 causam
1044 3443 1126 3507 dicas,
1143 3457 1236 3512 quare,
1251 3449 1335 3496 eunte
1356 3458 1487 3511 supremo
1504 3440 1572 3512 quod
1589 3427 1665 3490 instit

374 3524 423 3578 illo
444 3519 571 3591 tangitur
592 3519 719 3592 undique,
739 3518 780 3573 ire
800 3538 855 3574 non
870 3523 980 3576 debeat.

464 3596 493 3668 2)
514 3599 719 3671 Intelligentias
741 3601 853 3654 beatam
873 3617 959 3672 agere
981 3601 1078 3666 vitam,
1101 3619 1155 3658 uon
1175 3602 1260 3674 igitur
1279 3602 1341 3672 pati
1367 3603 1544 3673 raptationes
1568 3595 1665 3664 hujufflli

375 3683 520 3741 violentus.
560 3683 668 3744 stultm
694 3699 748 3736 non
769 3681 871 3735 attinet
895 3681 1109 3754 intelligentiam
1129 3684 1198 3737 haec
1218 3689 1344 3746 rectura,
1369 3685 1421 3738 aed
1442 3699 1542 3754 corpus
1561 3695 1603 3732 seu
1617 3672 1666 3725 orta

379 3766 449 3836 ejus.
492 3763 660 3818 Omiseram
679 3761 843 3818 Laurentini
863 3761 993 3828 annuum,
1020 3781 1099 3834 quem
1120 3779 1214 3818 currus
1234 3779 1285 3832 per
1304 3763 1416 3833 plateas
1437 3765 1531 3836 rapit,
1550 3773 1616 3832 quan
1630 3754 1667 3800 aa

375 3863 426 3918 per
445 3861 521 3899 mare
550 3846 677 3917 agitant,
709 3859 789 3915 quern
809 3859 903 3915 equus,
930 3859 1010 3914 quem
1030 3844 1124 3910 asina,
1146 3859 1226 3915 quern
1245 3844 1335 3898 mulus
1359 3845 1454 3901 vehit:
1487 3842 1586 3917 quaudo
1605 3829 1665 3888 daim

376 3925 511 3983 donnum
531 3942 610 3980 suurn
630 3927 801 3990 dementare,
830 3923 935 3978 scilicet
955 3931 987 3978 ut
1006 3926 1051 3979 rel
1077 3925 1186 3979 tandem
1211 3924 1425 3995 irrequietudine
1447 3933 1480 3981 et
1499 3909 1666 3980 maturauit

374 4009 523 4064 liberaturi

468 4085 497 4153 3)
528 4087 674 4140 Remorum
702 4085 825 4156 patietur
854 4085 944 4156 prima
977 4087 1113 4157 sphaera,
1152 4086 1176 4139 si
1203 4091 1332 4140 oneratur
1369 4087 1515 4142 vectandis
1541 4073 1664 4138 miculam

378 4168 509 4240 Equidem
523 4167 690 4220 Laurentina
712 4166 795 4234 sapis,
818 4167 841 4220 si
855 4183 962 4220 currum
982 4173 1108 4220 onustum
1129 4166 1263 4220 difficilius
1285 4173 1369 4236 putas
1391 4169 1477 4233 trahi,
1500 4181 1574 4238 quam
1590 4163 1663 4212 wll*

379 4255 418 4306 At
438 4250 484 4321 qui
503 4247 576 4303 hauc
595 4246 709 4316 primam
734 4246 856 4300 defendit
880 4247 1059 4310 sententiam,
1086 4247 1159 4300 dicet
1185 4247 1251 4311 tibi,
1277 4248 1417 4302 motricem
1445 4249 1595 4304 facultatm
1611 4239 1663 4290 daur

379 4330 493 4386 ultimae
514 4328 650 4398 sphaerae
671 4343 766 4397 parem
780 4326 855 4380 oneri
876 4323 984 4398 (placet
1002 4326 1073 4380 enim
1087 4326 1138 4380 tibi
1159 4328 1229 4381 coeli
1249 4326 1377 4398 gravitas
1398 4337 1428 4382 et
1442 4331 1554 4398 pondus,
1572 4305 1664 4376 tillidi

380 4418 410 4466 st
430 4409 537 4465 omnino
558 4406 696 4462 breviores
718 4407 774 4462 dies
795 4405 915 4472 futuros,
932 4407 956 4461 si
975 4413 1005 4462 tu
1025 4406 1114 4477 possis
1134 4405 1211 4462 illam
1232 4407 1284 4462 hoc
1304 4425 1397 4474 onere,
1419 4413 1493 4480 quod
1511 4405 1589 4464 serbis
1605 4401 1661 4451 anas

380 4509 411 4548 rs
431 4491 494 4562 ipsa
513 4489 642 4543 liberare.
1654 4546 1656 4556 ¹

470 4565 502 4640 l)
523 4569 678 4624 Absurdum
698 4573 795 4638 putat,
821 4567 964 4622 inferiores
990 4564 1056 4622 ferri
1080 4565 1186 4622 latione
1213 4567 1397 4638 superiorum,
1424 4587 1487 4626 curn
1512 4585 1559 4624 non
1575 4553 1662 4632 publili

383 4651 543 4715 absurdum,
565 4646 679 4717 primum
698 4655 814 4712 motum,
839 4648 885 4719 qui
905 4647 1117 4703 communicatur
1140 4648 1327 4714 inferioribus,
1356 4649 1491 4722 frangere
1510 4657 1537 4704 et
1553 4636 1661 4716 pnthsiuffl

385 4729 444 4796 ejus
464 4730 616 4800 portionem
637 4728 758 4782 tribuere
779 4725 900 4781 inferiori
920 4745 969 4798 pro
990 4735 1065 4782 motu
1085 4743 1134 4780 suo
1155 4728 1260 4792 diurno,
1282 4727 1334 4782 imo
1356 4737 1387 4785 et
1406 4739 1499 4786 totum
1516 4729 1580 4784 illum
1594 4715 1662 4790 prinus

386 4816 486 4865 motum
505 4808 634 4880 planetis,
656 4825 715 4862 cum
736 4815 800 4864 suat
818 4807 982 4879 retrogradi,
1004 4810 1070 4862 dare
1091 4806 1119 4860 in
1139 4815 1247 4876 partem
1267 4825 1361 4866 eorum
1381 4819 1474 4868 motus
1496 4806 1576 4868 und.
