3566 5536
735 243 817 314 Caput
833 237 926 300 xtm.

685 531 806 632 Caput
832 523 974 606 XVIII.

265 707 322 772 De
338 709 484 790 puritate
506 705 650 784 ῑιιιιιὶιιίι,
675 707 831 774 coln-ttae
853 718 883 773 et
904 703 1132 806 candidatione
1153 708 1239 773 Novi
1262 707 1396 775 Sidae.

240 867 348 930 Placet
370 885 441 930 vero
465 868 562 932 locum
585 869 662 932 huuc
686 868 860 949 diligentins
882 875 1080 949 pertractare.
1128 865 1209 938 Quid
1232 863 1403 943 animast,
1432 871 1511 950 quod

152 956 240 1018 nobis
262 956 351 1036 hujus
375 957 444 1018 novi
468 957 576 1020 sideris
600 958 739 1020 notitiam
762 957 944 1032 conciliavit,
970 956 1027 1018 uisi
1050 957 1107 1018 hoc
1126 957 1222 1036 ipsum
1243 957 1307 1037 ejus
1327 958 1425 1020 lumen
1448 967 1511 1020 tam

152 1044 307 1126 fulgidum,
333 1052 396 1107 tam
420 1045 616 1110 admirabile?
660 1048 766 1127 ltaque
789 1065 930 1126 maguum
954 1063 1062 1125 operae
1085 1045 1227 1125 pretium,
1252 1047 1289 1122 si,
1314 1047 1393 1127 qnod
1416 1055 1510 1122 teuto,

150 1151 260 1196 causas
283 1134 372 1213 hujus
396 1133 521 1214 fulgoris
544 1153 582 1196 ex
604 1143 730 1198 naturae
752 1135 957 1216 penetralibus
980 1134 1094 1214 passim
1117 1132 1232 1197 einero.

238 1223 269 1285 J.
295 1221 331 1284 C.
356 1221 495 1302 Scaliger
517 1223 746 1287 Exotericarum
759 1223 1018 1292 Exercitationem
1041 1218 1093 1286 63.
1119 1241 1228 1285 causas
1251 1223 1340 1286 affert
1365 1223 1404 1284 ad
1427 1223 1509 1286 sein-

50 1379 53 1385 ,
150 1308 332 1374 tillationem
356 1321 567 1376 concurrentes
590 1315 733 1394 quinque:
765 1312 1014 1392 magnitudinem,
1045 1312 1229 1388 claritatem,
1253 1319 1367 1374 motum
1391 1313 1508 1388 sideris,

149 1400 277 1462 medium
301 1401 381 1462 atris
405 1409 437 1464 et
459 1410 571 1464 motum
594 1402 713 1466 tumidis
736 1403 767 1464 in
791 1403 899 1464 sidere.
947 1398 1032 1471 Quas
1057 1419 1165 1463 causas
1184 1399 1233 1482 qni
1253 1395 1415 1482 diligenter
1435 1421 1510 1463 exa-

148 1489 323 1564 minaverit,
355 1489 545 1570 isprimarn,
578 1492 741 1554 secundam
773 1499 805 1552 et
837 1496 975 1571 quartam
1007 1489 1086 1552 inter
1118 1491 1298 1570 adjuvantes
1331 1491 1509 1570 comperiet3
1542 1551 1543 1554 ,

148 1579 271 1640 tertiam
295 1585 349 1642 ant
371 1579 507 1659 quintam
528 1599 583 1660 pro
605 1580 769 1660 praecipua
792 1579 925 1642 habebit.
971 1579 1093 1641 Etenim
1115 1580 1194 1659 qnod
1208 1578 1291 1659 prius
1306 1599 1372 1642 cnm
1385 1579 1509 1642 Aristo-

149 1667 210 1730 tele
233 1687 309 1730 sum.
323 1677 552 1748 argumentatus
576 1689 614 1732 ex
636 1669 853 1732 scintillatione
878 1667 917 1730 ad
940 1662 1142 1743 altitudinem,
1167 1668 1224 1731 leci
1248 1667 1287 1730 ad
1311 1667 1509 1730 convicendos

149 1754 373 1820 Aristotelicos·
418 1756 496 1820 Rem
519 1757 617 1837 ipsam
641 1757 720 1841 quod
743 1759 871 1830 attinet,
904 1755 976 1818 nihil
1009 1757 1138 1819 altitudo
1170 1775 1224 1837 per
1247 1777 1280 1819 se
1304 1765 1420 1837 potest,
1451 1755 1508 1818 nisi

149 1845 251 1906 adsint
273 1864 384 1908 causae
407 1853 527 1909 ceterae
561 1855 613 1910 ant
642 1867 696 1928 per
718 1847 908 1908 altitudinem
937 1853 1138 1926 praestentur.
1185 1846 1308 1909 Dictum
1338 1854 1387 1908 est
1417 1846 1507 1921 euim,

148 1933 223 2013 ipsis
246 1933 337 1996 etiam
360 1934 492 2015 planetis
516 1936 734 2016 quodammodo
758 1934 916 2012 contenire
936 1933 1191 2010 scintillatiouem,
1216 1934 1374 2016 praecipue
1395 1935 1508 1996 Veneri

153 2031 185 2082 et
205 2023 369 2097 Mercurio,
394 2023 489 2086 Marti
513 2027 637 2088 obsone
661 2023 837 2100 admodum,
863 2023 971 2086 ceteris
996 2023 1126 2087 minime.
1173 2024 1214 2087 Et
1242 2033 1313 2086 eunt
1344 2031 1446 2086 tamen
1479 2023 1508 2086 hi

152 2111 330 2191 superiores,
354 2111 399 2175 illi
422 2121 486 2176 tres
508 2114 648 2190 humiles,
687 2121 719 2176 et
753 2113 857 2176 Venus
890 2112 1007 2193 quidem
1036 2113 1174 2175 humilior
1196 2113 1261 2193 ipso
1284 2111 1394 2176 Marte.
1441 2111 1507 2192 Igi-

147 2207 197 2262 tur
218 2200 246 2262 in
271 2219 308 2262 ea
330 2219 436 2264 maneo
459 2204 620 2278 sententia,
646 2223 734 2284 quam
758 2221 825 2283 cap.
843 2202 901 2264 VI.
923 2200 1101 2282 Opticorum
1124 2200 1245 2277 tradidi,
1271 2221 1361 2282 quam
1382 2209 1414 2262 et
1428 2199 1507 2264 Sea·

147 2289 223 2368 liger
246 2290 395 2361 defendit,
428 2311 549 2355 causam
583 2292 808 2356 scintillationis
832 2291 907 2372 ipsis
932 2292 1089 2355 stellamm
1112 2290 1286 2373 corporibus
1310 2290 1424 2368 inesse,
1454 2309 1507 2353 seu

146 2377 264 2442 luminis
287 2399 324 2440 ea
346 2380 388 2442 eit
410 2389 508 2443 motus
532 2401 586 2442 seu
609 2381 752 2462 corporis.
798 2380 839 2442 Et
862 2381 945 2460 prius
971 2381 1008 2442 de
1032 2380 1180 2442 luminis
1203 2387 1310 2443 motu.

232 2467 339 2530 Placet
362 2467 518 2547 Scaligero
541 2479 574 2532 et
596 2470 660 2549 ipse
685 2469 878 2532 vehementer
902 2470 1050 2549 approbo,
1083 2479 1241 2534 naturalem
1265 2495 1327 2532 esse
1351 2478 1380 2532 in
1409 2477 1505 2534 sideria

146 2580 261 2636 corpore
279 2566 336 2621 vim
355 2567 465 2624 luminis
491 2585 553 2622 sese
574 2566 735 2640 spargentis
760 2581 816 2622 non
836 2566 894 2621 siue
915 2573 999 2623 motu.
1035 2557 1094 2618 Rei
1109 2557 1254 2620 obscurae
1270 2555 1431 2636 explicatio
1446 2577 1505 2618 non

145 2645 306 2706 admodum
329 2647 476 2708 dilucida:
511 2646 671 2708 declarabo
695 2644 858 2725 exemplis,
891 2645 918 2706 si
946 2645 1024 2707 forte
1048 2665 1168 2708 sensnm
1192 2643 1324 2708 auctoris
1348 2663 1503 2725 assequar,

146 2733 216 2794 dum
238 2751 336 2794 meum
358 2752 473 2813 promo.
519 2734 697 2815 Exemplum
720 2743 794 2815 puto
819 2733 896 2796 satis
916 2743 1020 2814 aptum
1039 2734 1068 2796 iu
1088 2743 1171 2797 motu
1191 2733 1291 2796 cordis
1311 2733 1504 2796 arteriarum·

143 2839 215 2901 qne3
240 2829 274 2883 nt
297 2820 352 2884 hoc
376 2840 492 2902 quoqne
515 2823 598 2885 cordi
621 2842 688 2886 cnm
711 2822 800 2899 Sole,
833 2821 915 2884 vitae
948 2841 1016 2886 cum
1038 2822 1165 2898 lumine,
1197 2829 1319 2903 praeter
1342 2841 1394 2898 ea,
1427 2841 1503 2903 qnae

143 2929 209 2990 eap.
226 2911 250 2973 I.
271 2909 372 2973 stVl.
392 2908 518 2990 Optices
542 2911 612 2988 dixi,
638 2929 791 2974 commuue
815 2911 865 2974 sit.
911 2911 980 2974 Non
1004 2912 1062 2974 huc
1085 2912 1190 2975 trahas
1213 2911 1391 2992 exemplum,
1417 2911 1503 2992 qnasi

142 3007 176 3060 ιιι
198 3017 249 3061 cor
272 2999 410 3078 spiritum
432 3001 653 3081 compressione
677 3001 764 3064 elidit
786 3008 818 3062 et
841 3000 1027 3064 transfundit
1049 3001 1079 3062 in
1102 3020 1220 3082 corpus,
1245 2999 1289 3063 sio
1307 2993 1417 3063 stellae
1431 3020 1502 3064 cor-

140 3105 197 3169 pus
219 3087 307 3168 qnasi
330 3090 459 3169 quadam
483 3089 688 3152 coarctatione
718 3091 764 3152 sni
791 3090 890 3152 lumen
918 3090 1077 3171 exprimat.
1124 3089 1257 3172 Spiritus
1290 3089 1368 3152 enim
1398 3089 1503 3152 vitalis

141 3195 315 3257 corporeum
338 3177 490 3258 quippiam
511 3187 574 3240 est:
599 3180 707 3254 lumen,
732 3179 937 3242 sincerissima
957 3179 1100 3261 qualitas,
1124 3197 1231 3243 crassa
1249 3177 1309 3240 ista
1322 3177 1501 3258 impulsione

140 3285 199 3328 nou
223 3266 348 3348 indiget.
394 3265 458 3330 Sed
481 3275 582 3329 tamen
606 3268 752 3349 analogus
775 3267 884 3348 aliquis
907 3267 1097 3349 intelligatur
1118 3267 1149 3332 iu
1172 3267 1265 3332 stella
1291 3275 1406 3344 motus,
1440 3285 1499 3330 nou

140 3353 247 3418 localis
270 3356 325 3418 sed
348 3355 551 3432 alterationis,
583 3359 746 3420 secundum
777 3376 845 3420 eam
868 3358 1059 3438 qualitatem,
1094 3375 1154 3438 qua
1185 3357 1276 3420 stella
1299 3355 1428 3419 lucidum
1452 3363 1501 3420 est

141 3461 260 3522 corpus.
306 3445 370 3508 lmo
393 3463 465 3508 vero
489 3445 590 3508 vivum
612 3463 747 3528 propono
770 3446 861 3527 hujus
885 3447 1073 3510 alterationis
1097 3446 1265 3527 exemplum
1288 3444 1318 3508 iu
1337 3444 1414 3508 vivis
1429 3464 1499 3508 car-

140 3530 283 3605 bonibus;
316 3535 365 3616 qni
388 3535 426 3598 ab
450 3533 507 3596 hoc
529 3533 596 3614 ipso
619 3545 702 3598 motu
726 3543 758 3598 et
781 3535 865 3616 quasi
888 3535 1005 3615 vigore·
1023 3536 1193 3598 alternante
1224 3552 1331 3596 nomen
1363 3534 1499 3596 rivorum

139 3627 211 3682 snut
233 3621 346 3702 adepti.
391 3623 461 3687 Etsi
491 3623 547 3685 hoc
578 3624 757 3704 exemplum,
792 3625 819 3686 si
850 3631 883 3686 et
913 3625 1102 3689 celeritatem
1129 3623 1158 3686 ei
1185 3623 1327 3704 majorem
1358 3623 1497 3702 affingas,

139 3707 269 3772 Veneris
292 3711 500 3776 scintillatioui
525 3712 621 3793 magis
644 3713 815 3792 respondet.

226 3798 305 3862 Hem
328 3800 451 3864 hoccine
474 3808 524 3862 est
545 3800 760 3882 philosophari,
783 3822 819 3863 eu
842 3800 1033 3882 paupertatis
1055 3798 1166 3880 redigi:
1201 3807 1234 3861 ut
1256 3799 1440 3874 sententiae,
1465 3803 1498 3860 nt

138 3905 237 3950 rernm
260 3907 371 3952 causae
393 3910 414 3951 a
435 3889 526 3969 vulgo
550 3891 612 3952 sint
633 3891 870 3952 mendicandae?
906 3891 986 3952 Nam
1010 3909 1056 3952 me
1072 3887 1204 3964 Christe,
1229 3887 1302 3951 nihil
1326 3895 1373 3950 eet
1396 3886 1497 3966 aptius

137 3993 191 4056 pro
215 3979 361 4058 exemplu,
386 3997 477 4060 quam
499 3979 530 4040 id
555 3979 633 4059 qnod
656 3998 758 4041 omues
781 3978 961 4058 concipiunt,
988 3977 1125 4064 qnodque
1147 3976 1298 4039 Patricius
1322 3985 1381 4048 (ιιι.
1391 3985 1412 4044 1,
1424 3979 1498 4052 att),

138 4065 319 4130 altissimum
343 4087 450 4149 sapere
465 4067 558 4143 visus,
582 4087 636 4130 seu
651 4086 776 4130 censens
794 4066 840 4128 ita
860 4087 913 4128 seu
929 4085 967 4127 ex
984 4065 1145 4128 barbarica
1159 4065 1348 4148 philosophia
1363 4066 1497 4146 loquens,

136 4159 219 4218 estse
241 4154 377 4220 imitatus
401 4149 450 4220 est
478 4157 579 4231 unice,
612 4157 719 4219 stellas
751 4155 950 4236 prenuncians
983 4174 1052 4218 esse
1085 4155 1268 4232 flammulam
1301 4153 1438 4217 nimirum
1468 4153 1498 4213 id

136 4245 215 4326 qnod
239 4245 328 4325 vulgo
351 4245 491 4309 videntur
516 4252 548 4306 et
569 4244 653 4324 cnjus
676 4243 720 4306 rei
750 4263 926 4324 expressam
958 4251 1067 4325 gerunt
1099 4244 1325 4307 similitudinem
1357 4252 1389 4306 et
1420 4242 1498 4305 uude

136 4333 216 4413 apud
238 4334 412 4416 plerusque,
445 4333 606 4415 praecipue
629 4339 753 4415 potetas,
787 4331 1030 4396 denominantur:
1064 4333 1143 4415 quod
1175 4353 1267 4414 supra
1298 4339 1331 4395 et
1358 4332 1394 4394 de
1419 4349 1496 4393 nevo

136 4431 240 4486 uostm
264 4425 362 4487 sidere
386 4423 604 4504 usurpavimus.

222 4513 273 4576 An
296 4533 368 4594 ergo
392 4514 468 4576 haec
492 4521 540 4576 est
562 4513 591 4574 iu
614 4512 682 4576 fiais
705 4531 799 4575 causa
821 4510 1017 4586 scintillandi,
1043 4528 1118 4592 quae
1142 4509 1255 4572 nostris
1276 4508 1383 4571 faculis
1403 4527 1496 4570 causa

135 4602 291 4666 evomendi
313 4621 352 4666 ex
375 4601 543 4682 interrupto
573 4601 649 4665 alios
680 4608 770 4682 atqne
798 4601 876 4664 alios
908 4600 1032 4662 radios?
1064 4599 1185 4662 Nescio.
1231 4598 1273 4661 Et
1307 4596 1423 4679 quidem
1457 4597 1493 4658 de

135 4696 241 4751 nostra
262 4709 342 4755 nora
363 4693 457 4756 stella
480 4691 598 4755 facilius
621 4691 678 4754 huc
708 4689 826 4765 dixero,
862 4689 932 4772 quia
954 4686 1118 4770 disparuit,
1153 4687 1223 4768 quia
1254 4687 1354 4750 subito
1371 4685 1493 4766 ¹ingens

136 4773 254 4859 reluxit,
277 4781 367 4846 nullis
389 4781 568 4846 adolescens
590 4778 798 4846 incrementis:
825 4780 862 4845 de
885 4779 952 4842 fixis
975 4797 1061 4864 qero,
1091 4777 1141 4860 qui
1165 4777 1280 4871 aeterni
1303 4785 1373 4840 suut
1395 4775 1492 4858 ignes,
