3718 5528
769 259 851 324 dapar
868 259 912 310 vr.
937 260 977 310 re.
1491 261 1556 330 293

283 433 325 496 Et
344 435 409 515 jam
433 441 535 496 uotum
559 453 627 496 esse
651 435 752 508 debet,
778 436 955 516 saepissime
980 438 1168 513 usuvenire,
1195 445 1228 498 ut
1250 439 1380 501 Veneris
1405 441 1496 503 stella
1520 442 1556 503 de

196 523 245 586 die
268 532 421 594 cernatur,
456 522 538 585 Solis
561 523 655 586 radiis
679 543 745 586 cum
769 525 835 606 ipso
859 523 931 587 Sole
955 525 1124 600 inclinatis,
1156 534 1188 588 et
1211 527 1347 590 extincta
1370 529 1481 592 eximia
1503 529 1557 592 illa

198 611 328 674 meridiei
352 611 501 674 claritate.
548 612 651 692 Atque
674 613 721 674 hie
746 613 998 676 laterationibus
1029 622 1061 675 et
1088 615 1301 696 experimentis
1326 618 1487 681 verisimile
1510 620 1554 694 lit,

197 702 313 764 Lunam
336 702 442 764 eodem
467 702 514 764 die
539 709 610 764 ante
634 709 759 782 etpost
782 701 885 764 Solem
908 703 1002 765 videri
1026 722 1128 783 posse.

514 841 564 906 12.
602 843 653 905 De
678 843 812 905 lumine
837 849 1040 905 ceterorum
1065 845 1237 907 siderum.

283 968 449 1034 Existimat
471 967 673 1048 Albategnios
702 987 769 1047 cap.
805 966 856 1031 30.
887 977 916 1029 et
946 969 1072 1030 Vitellio
1099 969 1150 1032 lib.
1175 971 1231 1031 IV.
1256 987 1341 1049 prop.
1367 968 1420 1032 77.
1450 972 1548 1034 stellis

194 1061 332 1126 omnibus
355 1080 374 1120 a
397 1055 468 1119 Sole
493 1076 576 1118 sunm
601 1075 668 1118 esse
693 1057 768 1117 lueis
792 1057 955 1131 modulum,
991 1057 1058 1119 inde
1086 1059 1162 1120 adeo
1195 1059 1294 1139 sequi,
1324 1065 1358 1120 ut
1389 1059 1469 1120 aucti
1503 1063 1551 1123 vel

193 1149 301 1216 minuti
322 1147 432 1211 lumine
456 1154 647 1208 censeantur.
695 1142 782 1216 Quod
807 1151 990 1206 autemnon
1014 1153 1048 1207 ut
1063 1147 1151 1208 Luna
1174 1148 1348 1210 dimidiatae
1373 1158 1550 1228 appareant,

194 1257 319 1304 caueam
342 1256 411 1300 esse
440 1235 617 1296 distantiam
649 1233 891 1308 immoderatam,
926 1253 979 1313 per
1008 1255 1097 1314 quam
1128 1235 1223 1316 figura
1253 1235 1381 1298 discerni
1412 1246 1550 1318 nequeat.

193 1328 256 1392 Alii
280 1347 299 1388 a
323 1327 394 1389 Sole
426 1324 545 1403 quidem
578 1324 733 1384 stellarum
766 1323 862 1384 lumen
896 1324 1039 1384 dictitant
1060 1343 1138 1399 esse,
1172 1327 1225 1388 sed
1250 1326 1379 1388 transire
1403 1344 1457 1405 per
1480 1345 1550 1388 cor·

192 1437 268 1500 pora
289 1413 474 1495 pellucentia
505 1413 603 1474 etsie
632 1411 742 1474 vibrari
766 1413 898 1474 tandem.
946 1410 1079 1482 Quorum
1111 1415 1265 1477 sententia
1292 1415 1469 1478 imbecillior
1501 1424 1549 1477 est

195 1509 300 1569 altera.
348 1505 430 1565 Vere
463 1520 604 1580 namque,
639 1508 671 1562 ut
694 1500 775 1580 prins
804 1502 840 1563 de
864 1502 952 1563 Luna
984 1501 1171 1578 dicebamus,
1205 1505 1307 1585 siper
1335 1504 1550 1568 refractionem

194 1595 271 1658 radii
296 1592 413 1656 Solaria
436 1592 536 1653 lucent
559 1591 671 1664 sidera,
702 1590 872 1652 transibunt
901 1592 1108 1654 tantummodo
1136 1593 1165 1654 io
1196 1593 1403 1655 diametralem
1434 1592 1547 1654 aSole

193 1685 314 1758 lineam,
338 1690 372 1744 ut
386 1681 499 1743 candae
515 1687 706 1752 cometarum
730 1697 786 1740 nec
810 1679 848 1740 ad
872 1697 927 1741 nos
941 1680 1142 1742 lucidissimos
1166 1701 1237 1743 suos
1253 1682 1353 1743 radios
1366 1681 1549 1760 projicient:

194 1770 374 1854 praesertim
397 1769 448 1832 ubi
470 1770 547 1830 mole
572 1767 704 1847 corporis
728 1767 774 1828 sui
798 1768 988 1842 obsteterint‚
1020 1789 1078 1849 quo
1107 1770 1205 1833 minus
1230 1771 1259 1832 in
1287 1771 1353 1832 loco
1378 1771 1549 1831 exeuntium

194 1861 276 1924 Solis
300 1859 448 1922 radiorum
472 1857 567 1918 videri
590 1855 718 1939 possint,
752 1875 786 1918 eo
811 1877 929 1919 sorsum
951 1875 1049 1920 verso.
1096 1860 1202 1940 Itaque
1226 1877 1319 1940 prope
1344 1857 1445 1922 Solem
1469 1859 1549 1921 late-

192 1959 275 2023 rent,
307 1950 392 2027 cujus
416 1945 597 2009 contrarium
624 1952 756 2007 testatur
788 1945 972 2026 experientia
996 1955 1027 2009 et
1050 1948 1216 2010 Ptolemaei
1240 1948 1362 2028 regulae
1387 1948 1424 2008 de
1448 1967 1548 2010 emer-

193 2040 328 2102 sionibus
353 2036 568 2098 discedentium
597 2035 635 2095 ab
659 2052 805 2113 apogaeo.
853 2035 1049 2098 Vitellionem
1074 2055 1162 2110 vero,
1188 2038 1214 2099 si
1238 2038 1335 2099 nullus
1367 2036 1548 2116 reliquorum

191 2131 392 2209 planetarum,
427 2125 532 2185 Venus
562 2130 662 2184 tamen
691 2123 842 2186 sufficiens
866 2131 914 2186 est
946 2126 1087 2188 refutare.
1134 2127 1215 2189 Nam
1247 2126 1318 2206 quia
1348 2126 1422 2187 haec
1455 2126 1546 2186 stella

191 2216 295 2280 Solem
318 2213 455 2276 circumit
472 2213 534 2293 jam
554 2211 689 2290 superior
712 2231 747 2272 eo
765 2213 829 2290 jam
848 2212 971 2275 inferior
994 2216 1069 2294 (qua
1092 2216 1128 2277 de
1152 2235 1184 2276 re
1203 2234 1300 2288 nemo,
1326 2215 1404 2294 qnod
1418 2213 1547 2286 dubitet,

191 2305 294 2376 habet,
317 2311 476 2384 postquam
498 2300 668 2363 universam
692 2301 722 2361 in
737 2301 953 2381 hypothesibus
976 2303 1058 2364 hisce
1081 2303 1308 2384 ambiguitatem
1332 2303 1420 2364 hodie
1444 2303 1546 2364 induo

191 2396 293 2476 capita
316 2393 538 2472 discerpserunt
562 2388 746 2469 Gopernicns
770 2397 800 2451 et
824 2390 926 2472 Tycho
950 2392 1065 2468 Brahe,
1098 2395 1174 2455 adeo
1199 2401 1233 2456 ιιι
1256 2393 1381 2455 alterins
1405 2409 1442 2452 ex
1465 2391 1547 2453 hisce

192 2483 373 2546 sententiam
396 2499 498 2542 reram
523 2499 589 2541 csse
613 2497 736 2540 necesse
760 2479 811 2540 sit.
858 2481 902 2541 Αι
927 2477 1049 2561 uterque
1074 2502 1131 2543 uno
1156 2501 1206 2544 ore
1230 2483 1390 2554 affirmant,
1416 2479 1547 2542 Veneris

190 2573 249 2635 iter
271 2573 351 2632 circa
366 2569 468 2632 Solem
490 2567 648 2647 torqueri),
673 2567 872 2630 conueniebat
891 2569 1003 2648 itaque,
1027 2572 1124 2632 lumen
1140 2571 1270 2632 Veneris
1289 2579 1323 2633 ut
1342 2571 1455 2642 Lunae,
1480 2587 1547 2631 cunr

192 2660 296 2723 Solem
320 2660 397 2722 inter
421 2667 450 2719 et
479 2677 535 2718 nos
558 2657 658 2729 uenit,
692 2655 840 2736 extingui,
875 2659 1089 2736 amplissimum
1114 2677 1186 2721 vero
1218 2660 1327 2734 rideri,
1353 2659 1474 2718 Venere
1509 2658 1546 2718 ad

191 2750 373 2829 superiorem
397 2765 590 2826 congressum
621 2745 765 2824 fugiente.
813 2746 858 2806 At
884 2746 942 2806 hoc
970 2767 1057 2809 secus
1089 2748 1189 2812 hebet.
1236 2748 1295 2810 Diu
1320 2765 1446 2827 namque
1469 2746 1547 2806 latet

189 2840 219 2900 iu
245 2837 390 2917 superiori
414 2835 630 2914 conjunctione,
655 2843 777 2896 etcum
800 2835 888 2896 valde
913 2845 961 2897 est
985 2839 1056 2912 alta,
1081 2837 1179 2898 lumen
1204 2837 1302 2898 debile
1326 2835 1452 2914 spargit,
1479 2853 1544 2894 nm-

188 2927 273 2989 bram
296 2925 424 3005 maligne
448 2923 568 3006 projicit
591 2945 609 2984 a
632 2923 816 3001 corporibus.
849 2925 922 2984 Inde
946 2944 1002 3004 qno
1027 2927 1124 3006 magis
1147 2925 1312 3000 descendit,
1338 2927 1393 2986 hoc
1418 2923 1545 2985 efficitur

190 3017 298 3078 clarior
321 3015 476 3094 lumenque
500 3012 631 3074 Lunaris
655 3013 802 3075 aemulum
825 3013 926 3075 vibrat
957 3023 989 3075 et
1022 3016 1146 3095 denique
1174 3022 1280 3076 tautae
1313 3013 1462 3074 claritatis
1485 3020 1542 3088 est,

189 3113 224 3166 ut
248 3103 277 3165 in
300 3104 366 3182 ipso
389 3103 537 3164 interdum
562 3102 780 3180 conjunctionis
805 3101 932 3164 articulo
956 3103 1036 3164 cerni
1060 3114 1150 3182 queat
1172 3105 1270 3165 instar
1283 3121 1410 3180 maguae
1425 3101 1560 3190 stellae,⁸

187 3203 223 3255 ut
246 3201 422 3254 annotatum
445 3191 544 3252 inueni
564 3189 592 3251 in
617 3191 785 3252 Braheanis
809 3192 1086 3263 observationibus,
1120 3211 1175 3254 nec
1199 3191 1375 3254 obliteratur
1397 3191 1545 3252 immensa

187 3299 281 3362 prope
317 3281 396 3342 aeris
434 3279 572 3341 claritate
609 3278 801 3342 circumcirca
834 3282 956 3357 diffusa,
988 3281 1056 3362 ipse
1083 3301 1172 3344 unum
1202 3291 1343 3361 punctum
1373 3297 1543 3360 occupans:

189 3389 248 3451 qua
271 3368 432 3432 solitudine
460 3368 556 3428 visum
586 3387 710 3430 movens
740 3375 770 3428 et
799 3369 836 3430 ad
866 3389 899 3431 se
928 3378 1120 3446 convertens,
1155 3370 1322 3433 fortissima
1348 3368 1450 3449 utique
1479 3369 1544 3429 luce

187 3460 292 3538 pollet.
339 3457 493 3538 Proprium
516 3456 607 3534 igitur
631 3458 687 3519 hoc
711 3457 850 3520 eximium
875 3460 972 3520 lumen
998 3460 1110 3522 habeat
1132 3477 1257 3524 necesse
1281 3464 1338 3520 est.

276 3548 381 3628 Itaque
405 3546 434 3606 in
458 3545 593 3608 thesibus
618 3547 710 3620 meis,
736 3567 809 3628 quas
834 3567 911 3609 anno
937 3542 1022 3611 1602
1047 3549 1084 3610 de
1107 3549 1302 3628 Astrologiae
1328 3545 1544 3608 Fundamentis

186 3637 275 3711 edidi,
300 3635 427 3715 primum
447 3633 526 3696 lhtsi
541 3631 594 3697 25·
620 3641 688 3706 (V⁰¹·
713 3643 732 3693 L
759 3659 783 3708 P·
804 3640 867 3705 424)
893 3644 1021 3717 quatuor
1035 3637 1218 3718 argumentis
1238 3635 1399 3699 verisimile
1414 3634 1542 3707 reddidi,

186 3744 255 3787 esse
279 3724 409 3805 planetis
433 3723 583 3805 proprium
606 3725 714 3786 lumen.
762 3725 859 3786 Unum
882 3726 937 3788 hoc
966 3727 1061 3807 ipsum
1094 3737 1173 3801 erat,
1207 3726 1285 3806 qnod
1305 3725 1369 3805 jern
1394 3722 1541 3801 expedivi.

186 3815 270 3874 Vere
293 3831 419 3893 namque
444 3813 548 3874 Venus
572 3812 681 3874 faciem
704 3819 836 3875 mutaret
867 3821 898 3875 et
921 3817 1059 3895 perderet
1084 3824 1117 3876 ut
1139 3817 1243 3886 Luna,
1276 3815 1303 3875 si
1333 3814 1396 3874 luce
1425 3819 1542 3873 tautum

186 3921 224 3964 ex
238 3901 309 3964 Sole
334 3902 553 3964 communicata
576 3903 698 3964 luceret.
731 3901 869 3964 Secundo
893 3924 950 3965 non
975 3923 1042 3966 esse
1067 3923 1199 3977 necesse,
1227 3901 1370 3964 utomuis
1394 3901 1424 3962 iu
1439 3899 1542 3961 Solem

186 3993 237 4054 lux
267 3993 308 4053 sit
336 3991 478 4058 collecta,
511 3991 630 4052 ostendi
667 3993 812 4071 exemplis
849 4013 948 4056 rerum
985 3993 1198 4056 sublunarium.
1244 3991 1323 4054 Nam
1351 3988 1400 4050 hic
1430 3988 1541 4049 multae

185 4081 370 4152 animantes,
395 4088 428 4142 ut
452 4081 488 4140 de
511 4079 653 4142 inanimis
676 4087 813 4156 taceam,
839 4083 954 4144 luculae
979 4083 1111 4144 nonnihil
1135 4083 1249 4144 habent
1266 4079 1401 4140 insitum.
1435 4075 1539 4137 Tertio

186 4189 223 4231 ex
247 4170 374 4249 quadum
398 4169 632 4231 differentiarum
657 4171 904 4248 geometricarnm
928 4173 1147 4234 combinatione
1163 4179 1194 4232 et
1208 4167 1306 4232 officio
1331 4164 1406 4228 lucis
1421 4165 1541 4226 coeles-

186 4257 225 4318 tis
250 4257 387 4331 ostendi,
413 4257 561 4319 sideribus
586 4277 659 4338 opus
683 4277 751 4320 esse
776 4260 885 4340 duplici
912 4261 995 4334 luce,
1021 4267 1052 4322 et
1074 4261 1193 4340 propria
1218 4267 1248 4321 et
1272 4277 1309 4319 ex
1328 4255 1399 4318 Sole
1424 4254 1540 4315 adven-

186 4345 270 4408 titia:
307 4365 366 4425 qua
390 4347 427 4406 de
451 4347 709 4425 argumentatione
729 4349 875 4427 judicium
899 4350 1004 4412 lectori
1026 4350 1183 4430 permitto,
1212 4367 1281 4409 nam
1311 4365 1348 4407 ea
1370 4343 1459 4422 hujus
1482 4341 1541 4403 loci

186 4453 243 4496 non
269 4444 325 4498 est.
373 4434 509 4513 Denique
533 4443 766 4499 consentaneum
797 4457 866 4499 esse
895 4438 972 4510 dixi,
1000 4448 1033 4501 ut
1057 4439 1155 4516 fulgor
1179 4445 1210 4499 et
1233 4435 1409 4498 scintillatio
1433 4436 1542 4510 arguat

185 4524 281 4586 lucem
304 4522 473 4604 propriam,
506 4524 692 4588 nebulositas
717 4534 748 4588 et
770 4526 908 4606 pigrities
932 4528 1070 4591 alienam.
1118 4528 1196 4588 Nam
1228 4543 1346 4587 omnem
1375 4519 1542 4584 communi-

185 4620 284 4674 catam
308 4621 339 4673 et
362 4611 489 4673 tinctam
513 4613 540 4673 in
565 4613 694 4675 materia
717 4615 813 4678 lucem
837 4617 953 4679 retundi
973 4635 1098 4679 necesse
1121 4623 1189 4678 est:
1214 4613 1290 4695 qnod
1315 4619 1348 4673 ct
1362 4608 1541 4673 Cleomedes

185 4701 330 4776 inculcat,
356 4701 606 4763 communicatam
630 4703 750 4766 aliunde
777 4705 875 4768 lucem
898 4725 955 4768 non
980 4707 1067 4785 longe
1084 4704 1202 4766 .ribrari
1226 4703 1391 4764 affirmans.
1438 4699 1541 4778 Atque

186 4789 243 4850 hac
266 4790 332 4869 lege
357 4789 462 4851 Lunae
485 4791 701 4868 mutuatitium,
735 4795 835 4856 stellis
862 4794 1013 4876 plerisque
1041 4793 1191 4874 proprium
1220 4793 1316 4853 lumen
1350 4787 1539 4861 adscribitur,
