3464 5524
307 217 348 286 18
721 224 823 278 Harae
841 226 946 292 Keplon'
965 225 1115 296 meamque
1133 236 1235 282 mutuae

311 413 428 498 papyro
452 396 598 464 inclinato
621 408 706 464 esset
720 419 891 484 supremum
916 405 993 468 radil
1015 415 1172 486 punctum,
1195 409 1325 474 Bimum
1344 417 1505 491 puuctum,
1529 411 1689 495 Gpauc·

305 493 369 546 tum
384 490 653 563 circumferentiae,
676 490 729 552 uhi
743 493 831 556 Luna
854 493 982 574 denique
1000 495 1084 560 exiit.
1117 498 1219 561 Desiit
1230 501 1322 580 paulo
1336 511 1407 582 past
1425 499 1518 585 1274.
1552 503 1687 566 Statim

302 1369 397 1430 parvo
423 1353 592 1429 quadrante
616 1349 683 1429 cepi
707 1348 883 1412 distantiam
907 1347 988 1411 Solis
1012 1368 1031 1408 a
1053 1347 1167 1410 vertice
1182 1341 1313 1420 53050‘,
1338 1369 1374 1409 ex
1398 1367 1454 1431 quo
1478 1349 1682 1434 horologium

301 1445 383 1502 retro
407 1438 604 1503 observatum
627 1436 756 1500 correxi.
788 1437 857 1499 Nou
881 1457 946 1498 sum
968 1436 998 1497 iu
1022 1436 1078 1497 hoc
1102 1437 1205 1498 falsus.
1243 1436 1322 1500 Nam
1347 1439 1509 1500 excuteris
1534 1437 1555 1504 9
1581 1442 1682 1522 primi

302 1524 419 1590 habeut
442 1528 626 1607 particulam
640 1527 746 1588 Lunae
762 1526 841 1587 ultra
864 1525 1005 1588 circulum
1027 1525 1203 1588 verticalem
1227 1534 1415 1604 protensam,
1440 1527 1565 1608 reliquis
1581 1531 1683 1592 Luna

303 1615 402 1678 altero
427 1615 564 1695 margine
588 1615 697 1676 incidit
720 1613 750 1676 in
776 1615 872 1694 ipsum
887 1614 1076 1688 verticalem,
1102 1612 1169 1675 inde
1184 1613 1340 1692 paullatim
1357 1614 1504 1678 diminuta
1519 1617 1682 1682 subtcnsa

302 1704 515 1783 portiunculae
531 1703 676 1776 Lunaris‚
700 1721 778 1782 quae
794 1701 849 1763 sub
865 1701 937 1764 Sole
953 1710 1027 1776 erat,
1052 1701 1080 1764 in
1105 1708 1246 1782 punctum
1262 1701 1286 1764 C
1303 1703 1402 1764 desiit.
1435 1705 1544 1786 ltaque
1574 1707 1680 1770 talem

300 1790 424 1856 institui
449 1791 748 1854 demonstrationem.
785 1789 866 1851 Duxi
890 1790 999 1852 lineam
1023 1789 1061 1851 ab
1084 1791 1115 1854 A
1139 1789 1167 1850 in
1187 1789 1223 1850 B.
1256 1789 1334 1852 Huic
1358 1809 1395 1852 cx
1419 1789 1443 1854 Ο
1469 1793 1582 1857 demisi
1599 1815 1678 1876 per-

300 1879 548 1962 pendicularem,
582 1879 696 1958 hasque
730 1897 795 1940 sum
827 1897 887 1939 una
914 1897 1054 1940 mensura
1078 1877 1239 1940 dimensus.
1285 1878 1355 1941 Jam
1380 1879 1433 1942 fiat
1456 1881 1595 1947 schema.
1649 1887 1679 1950 E

713 2011 719 2030 ·
766 1992 819 2056 Fig.
840 1990 865 2041 4.
1349 1995 1402 2061 Fig.
1423 1993 1447 2044 5.

259 3117 263 3122 .
299 3071 449 3147 toramen,
476 3071 532 3134 AB
557 3066 730 3152 prolongati
755 3065 831 3128 radii
855 3063 1004 3124 diameter
1025 3060 1055 3122 in
1079 3066 1163 3122 certa
1185 3077 1327 3123 mensura
1345 3061 1482 3140 cognita,
1507 3063 1670 3142 quaeritur

298 3159 354 3220 BD
379 3161 407 3220 in
431 3160 489 3222 illa
512 3160 579 3239 ipsa
602 3177 753 3222 mensura.
800 3153 875 3216 Cum
899 3151 977 3212 enirn
1010 3150 1039 3211 in
1062 3149 1119 3210 tali
1141 3148 1327 3228 projectione
1350 3155 1469 3212 tautum
1493 3150 1566 3213 illae
1593 3170 1669 3233 pro-

299 3248 460 3327 longentur
486 3249 642 3322 diametri5
676 3265 751 3328 qnae
776 3263 795 3304 a
818 3238 962 3319 superiori
990 3238 1029 3300 ad
1053 3237 1222 3300 inferiorem
1248 3246 1367 3316 partem
1392 3239 1556 3316 ducantur,
1596 3242 1668 3304 illae

297 3355 386 3410 vero,
413 3355 490 3417 quae
509 3339 650 3400 adextra
674 3336 712 3396 ad
728 3331 882 3394 sinistram
900 3329 991 3408 plano
1009 3326 1184 3405 parallelae,
1209 3335 1352 3388 maneant
1374 3327 1583 3407 incorruptae,
1609 3329 1669 3392 nisi

299 3425 377 3504 quod
397 3443 456 3486 nna
471 3425 533 3488 alia
547 3425 693 3487 remotius
707 3419 831 3492 incidit;
856 3417 898 3478 sit
916 3433 985 3477 vero
1003 3414 1028 3477 G
1043 3415 1255 3494 propemodum
1270 3415 1369 3476 intimo
1384 3416 1451 3478 loco
1468 3417 1558 3489 radii,
1589 3419 1666 3480 adeo

297 3523 333 3574 ut
356 3513 435 3575 linea
458 3533 497 3576 ex
522 3512 547 3578 C
571 3508 827 3593 perpendicularis
851 3505 958 3584 exiguo
983 3503 1143 3564 admodum
1167 3503 1367 3566 extendatur:
1398 3503 1467 3566 ideo
1492 3505 1563 3568 duxi
1593 3507 1665 3569 milri
1714 3555 1715 3567 ,

295 3601 541 3682 investigandam
565 3622 633 3662 esse
657 3599 713 3662 BD
737 3595 1014 3676 perpendicularem
1037 3591 1122 3653 radio
1145 3591 1218 3667 BA,
1241 3591 1312 3666 ΕΒ,
1346 3592 1411 3654 sive
1435 3593 1538 3672 potius
1561 3592 1663 3656 inter·
1713 3631 1714 3659 l

297 3689 404 3752 medio.
453 3690 514 3753 Sed
540 3689 710 3752 differentia
733 3685 843 3763 exigua
866 3690 923 3746 est.
971 3679 1047 3742 Curn
1071 3697 1143 3759 ergo
1167 3681 1294 3760 angulus
1317 3680 1406 3744 BDA
1429 3682 1471 3746 sit
1493 3701 1662 3762 propemo·
1712 3719 1713 3751 l

299 3779 368 3842 dum
392 3787 508 3849 rectus,
534 3786 566 3840 et
588 3777 675 3839 ΗΔΒ
700 3793 739 3835 ex
762 3771 921 3834 altitudine
945 3768 1026 3832 Solis
1050 3768 1187 3847 cognitus
1211 3779 1243 3832 et
1264 3769 1353 3830 DBA
1377 3771 1532 3845 residuus,
1570 3773 1663 3834 datm
1711 3803 1712 3845 i

297 3884 368 3946 ergo
391 3866 448 3928 BD
473 3867 502 3928 in
528 3887 566 3928 ea
589 3883 743 3937 mensura,
776 3861 805 3922 in
840 3877 899 3939 qua
929 3857 1023 3919 scitur
1043 3855 1113 3918 BA.
1159 3857 1266 3937 Itaque
1299 3875 1366 3919 curn
1399 3867 1492 3922 antea
1514 3879 1555 3922 ex
1583 3859 1609 3924 O
1633 3861 1661 3924 in
1710 3873 1711 3939 l

296 3956 353 4017 AB
379 3955 515 4016 duxerim
539 3963 654 4016 rectam
678 3959 796 4020 notam,
819 3947 902 4009 illam
927 3946 1027 4025 cogito
1046 3945 1108 4024 jam
1133 3945 1171 4006 ad
1194 3945 1251 4006 BD
1275 3945 1414 4021 ductam,
1445 3949 1589 4028 quamvis
1614 3949 1661 4012 hic
1707 3959 1710 4031 l

296 4043 323 4104 si
346 4041 390 4104 ita
414 4044 586 4116 duceretur,
621 4041 730 4119 exiguo
760 4037 920 4100 admodum
948 4032 1068 4095 brevior
1091 4041 1182 4096 esset.
1227 4035 1335 4114 Itaque
1358 4037 1514 4115 proportio
1538 4037 1598 4100 DB
1622 4039 1659 4100 ad
1708 4031 1709 4040 ’

297 4127 350 4192 CF
373 4131 495 4209 cognita
518 4137 567 4192 est
591 4129 654 4207 (lig.
668 4129 713 4202 5).
747 4127 793 4188 At
814 4125 870 4186 DB
894 4131 943 4184 est
966 4123 1114 4184 diameter
1135 4120 1231 4196 Solis,
1257 4122 1345 4203 quam
1370 4124 1506 4188 delineat
1528 4127 1658 4190 circulus

293 4219 463 4294 verticalis,
489 4225 521 4280 et
536 4217 561 4280 O
576 4225 718 4296 punctum
734 4210 1002 4284 circumferentiae,
1027 4209 1076 4271 uhi
1090 4209 1179 4272 Luna
1202 4211 1297 4272 exivit
1320 4212 1450 4290 penitus.
1497 4213 1583 4297 Ergo
1609 4214 1659 4278 CF

295 4313 344 4368 est
367 4306 449 4368 sinus
474 4325 562 4367 arcus
586 4301 797 4366 declinationis
812 4303 917 4362 Lunae
941 4321 960 4360 a
982 4297 1128 4361 verticali.
1165 4297 1237 4362 Etsi
1258 4318 1331 4362 vero
1355 4302 1475 4382 operari
1499 4323 1540 4367 ex
1560 4323 1656 4386 punc-

294 4395 336 4455 tis
368 4393 435 4473 ipse
468 4403 574 4472 potes,
610 4401 708 4454 tamen
742 4389 890 4452 ascribam
923 4407 1020 4450 meum
1048 4387 1204 4449 calculum.
1249 4388 1443 4468 Deprehendi
1467 4387 1523 4456 BC
1555 4412 1655 4456 arcum

295 4461 434 4544 23³17‘
460 4490 491 4542 et
515 4488 718 4543 consonanter
741 4478 771 4540 in
796 4477 960 4538 schematis
982 4474 1131 4554 prioribus
1162 4493 1280 4554 semper
1310 4477 1469 4548 minorem,
1503 4482 1599 4544 ctiam
1626 4481 1653 4541 in

294 4568 433 4630 rotundis
457 4569 637 4644 schematis,
671 4567 721 4630 ubi
751 4565 857 4647 papyri
886 4563 1041 4643 longitudo
1072 4565 1162 4642 plano
1191 4565 1448 4644 perpendicularis
1476 4569 1654 4633 verticaleru

294 4657 549 4735 repraesentavit.
584 4655 700 4734 Collegi
716 4664 816 4718 autem
833 4673 870 4714 ex
893 4650 1051 4734 altitudine
1076 4648 1116 4728 Θ
1141 4652 1223 4714 finali
1246 4647 1378 4717 53050‘
1402 4656 1509 4720 horam
1537 4655 1652 4722 1238‘

295 4741 545 4828 (praesupposita
566 4744 627 4824 poli
651 4744 810 4806 altitudine
834 4737 896 4803 41⁰
922 4737 986 4815 10‘)
1012 4740 1214 4822 quambene,
1238 4741 1350 4806 nescio.
1396 4744 1507 4830 Itaque
1530 4748 1562 4810 in
1586 4759 1652 4812 ortu
