3700 5530
767 314 799 366 ds
817 311 898 366 Statu
915 311 994 366 liuva
1494 307 1556 380 591

203 491 286 556 Sunt
307 491 385 556 euim
408 488 540 552 induitae
564 489 772 570 proportiones
795 491 890 573 ipsius
914 490 1062 566 musicae,
1091 489 1145 552 sed
1173 507 1280 552 revera
1302 489 1503 578 ἀεαρμᾳστοι,
1526 496 1561 553 nt

205 579 257 655 55,
284 577 335 654 60,
361 575 424 652 66;
448 579 492 640 aio
516 576 567 655 78,
592 575 645 656 84,
670 577 730 656 91;
760 579 803 642 sic
828 577 880 656 30,
906 576 958 650 35,
981 576 1035 644 42.
1062 611 1101 624 -
1125 578 1275 640 Patavino
1304 579 1350 643 illi
1380 580 1559 661 philosopho

205 689 312 732 nomen
337 677 385 732 eat
408 667 571 730 Antonio
594 669 796 732 Laurentio
820 671 863 732 de
887 669 1011 732 Monte
1034 667 1225 732 Pulciano.
1251 699 1293 710 -

293 765 457 830 Stellarum
473 766 580 846 globos
597 775 688 846 putas
709 766 886 847 purissimos
910 767 1217 848 simplicissimosque,
1241 765 1313 826 milri
1333 765 1470 828 videntur
1492 784 1560 829 esse

203 855 318 918 similes
341 863 465 917 nostrae
490 855 629 917 Telluris.
668 856 713 917 Tu
735 855 946 938 philosophum
970 857 1086 936 allegas
1109 853 1323 935 philosophus:
1348 854 1374 915 si
1393 863 1560 932 rogaretur,

203 944 422 1026 experientiam
448 943 572 1005 diceret.
609 943 655 1006 Ac
668 951 751 1006 tacet
775 945 970 1025 experientia,
996 964 1061 1008 cum
1082 961 1167 1006 nemo
1192 941 1231 1003 ibi
1256 941 1365 1017 fuerin
1390 941 1481 1022 igitur
1504 963 1560 1006 nec

203 1041 297 1113 negat
318 1052 373 1094 nec
398 1033 537 1095 affirmat.
583 1032 654 1112 Ipse
678 1052 748 1095 vero
773 1041 965 1113 argumentor
987 1033 1183 1112 probabiliter
1206 1052 1224 1092 a
1245 1030 1449 1106 similitudine,
1474 1041 1506 1092 et
1530 1041 1562 1095 ut

203 1129 237 1184 tu
267 1121 437 1184 inductione
461 1141 480 1182 a
502 1121 608 1195 Luna,
642 1140 719 1200 quae
751 1122 846 1184 multa
878 1123 971 1184 babet
1002 1122 1114 1185 similia
1146 1119 1348 1182 terrestribus.
1395 1121 1503 1200 ltaque
1531 1129 1562 1182 et

203 1211 357 1272 humorem
372 1209 471 1272 stellis
486 1209 594 1284 tribuo,
619 1218 651 1271 et
669 1210 817 1290 regiones,
841 1229 916 1290 quae
932 1211 970 1272 ab
990 1210 1183 1272 exhalatione
1205 1207 1319 1270 humori
1342 1209 1551 1286 compluantur

203 1306 236 1358 et
266 1305 421 1360 creaturas
453 1297 609 1374 viventes,
642 1297 748 1379 quibus
779 1299 809 1360 id
839 1299 966 1362 utilitati
999 1299 1088 1362 cedit.
1144 1299 1209 1359 Nec
1238 1295 1315 1358 euim
1344 1297 1425 1358 solus
1456 1298 1562 1360 infelix

205 1386 259 1448 ille
282 1387 443 1461 Bruuus,
476 1386 579 1468 prunis
611 1395 709 1449 tostus
733 1387 867 1462 Romae,
900 1388 953 1450 sed
987 1389 1078 1450 etiam
1102 1386 1276 1448 Braheus
1308 1404 1392 1448 meus
1421 1385 1451 1447 iu
1483 1386 1561 1449 hano

202 1475 262 1536 ivit
284 1475 485 1549 senteutiam,
520 1475 709 1539 conestellis
733 1473 857 1538 incolas.
904 1477 941 1538 Id
965 1495 1021 1557 ego
1043 1485 1131 1539 tanto
1162 1474 1304 1538 libentius
1326 1493 1452 1554 sequor,
1483 1476 1561 1555 quod

202 1571 238 1625 ut
260 1563 400 1642 planetas
424 1563 467 1624 sic
491 1563 641 1625 Tellurem
664 1565 755 1624 etiem
779 1565 851 1626 ferri
874 1565 990 1627 affirmo
1014 1583 1079 1627 cum
1103 1563 1292 1626 Aristarcho.
1324 1561 1393 1633 Quo
1415 1563 1560 1645 principio

202 1653 307 1734 posito
330 1651 403 1712 uihil
427 1659 476 1712 eat
498 1665 572 1730 opus
597 1653 767 1714 adscribere
792 1662 923 1715 motuum
949 1673 1013 1715 cum
1032 1653 1104 1715 Sole
1128 1651 1348 1731 colligationem
1373 1653 1560 1734 sympathiae

204 1740 404 1821 magneticae.
449 1737 529 1803 Nam
553 1741 617 1802 sine
641 1761 696 1804 usu
719 1741 846 1804 rationis
871 1741 1024 1822 colligatio
1048 1741 1111 1804 fieri
1134 1760 1192 1802 nou
1220 1740 1435 1822 possstTerra
1458 1743 1559 1822 quies-

204 1839 315 1904 cente3
339 1847 464 1908 magnes
487 1847 559 1891 vero
582 1837 668 1892 caret
690 1849 745 1892 usu
768 1831 911 1894 rationis:
936 1832 1072 1911 quodque
1096 1830 1169 1910 agit,
1194 1847 1252 1890 non
1276 1829 1481 1899 circularibus,
1506 1831 1561 1892 sed

203 1917 298 1980 rectis
322 1917 386 1996 agit
410 1916 509 1991 lineis,
532 1925 565 1979 ut
582 1918 729 1980 materiae
754 1921 863 1982 solent.
900 1917 963 1982 Sed
977 1939 1032 1981 nec
1055 1920 1099 1980 ita
1114 1926 1171 1989 est,
1194 1935 1251 1978 nou
1277 1919 1559 1980 accommodantes

203 2007 394 2086 planetarum
424 2014 523 2067 motus
556 2006 600 2068 ita
630 2006 766 2086 praecise
799 2027 916 2088 unoque
944 2016 977 2069 et
1004 2009 1109 2070 eodem
1141 2007 1229 2068 modo
1259 2007 1296 2068 ad
1322 2005 1433 2068 Solem.
1480 2007 1559 2069 Aliis

203 2094 283 2156 euim
315 2103 346 2155 et
378 2093 446 2156 aliis
479 2093 553 2156 locis
583 2096 775 2175 perficiuntur
808 2097 957 2160 stationes
990 2105 1022 2158 et
1049 2095 1168 2160 similia.
1215 2093 1336 2156 Sufficit
1363 2093 1455 2176 igitur
1486 2095 1560 2158 mihi

202 2203 295 2245 causa
318 2183 519 2262 colligationis
544 2204 563 2243 a
586 2182 753 2265 Ccperuico
777 2186 875 2258 dicta,
904 2193 1004 2248 motus
1026 2185 1169 2247 videlicet
1193 2184 1338 2258 Telluris,
1364 2203 1441 2262 quae
1464 2203 1558 2264 usque

202 2273 241 2334 ad
265 2271 482 2334 minutissimos
506 2273 609 2352 apices
632 2273 796 2336 satisfacit.
835 2273 881 2335 De
905 2283 1006 2336 cetero
1024 2282 1123 2336 motus
1146 2274 1336 2353 planetarum
1355 2271 1418 2352 ipse
1443 2291 1559 2353 quoque

200 2360 342 2422 adscribo
372 2359 551 2440 magneticis
584 2360 745 2425 virtutibus
770 2371 803 2424 ut
824 2363 1000 2442 plurimum3
1033 2363 1180 2424 sedilias
1208 2361 1337 2424 virtutes
1368 2362 1558 2440 magnetioae

200 2449 273 2512 mihi
308 2448 393 2511 lineis
423 2449 515 2512 rectis
546 2459 727 2529 operantur,
760 2451 803 2513 uti
837 2452 953 2526 solent,
985 2459 1017 2511 et
1039 2451 1127 2512 modo
1159 2449 1440 2529 comprehensibili,
1469 2450 1557 2511 modo

199 2539 326 2611 uraitato,
352 2555 498 2618 quemque
528 2538 741 2618 experimentis
765 2539 794 2600 iu
824 2541 917 2601 Terra
946 2539 1162 2618 deprehendas.
1211 2536 1327 2609 Quodsi
1360 2537 1429 2616 quid
1461 2537 1558 2611 video,

202 2637 234 2688 tu
259 2627 337 2688 lecto
368 2644 433 2688 meo
466 2626 542 2689 libro
567 2629 604 2690 de
632 2629 734 2690 Marte
766 2628 891 2690 habebis
922 2647 981 2708 quo
1013 2628 1243 2706 persuadeatis,
1278 2647 1297 2688 a
1324 2646 1371 2688 me
1405 2627 1558 2706 fastigium

199 2715 333 2778 coeleste
363 2715 537 2796 impositum
560 2715 769 2798 philosophiae
794 2717 983 2797 magneticae
1008 2715 1149 2792 Gilberti,
1175 2715 1221 2778 cui
1246 2716 1310 2795 ipae
1334 2714 1559 2778 fundamentum

202 2811 347 2883 posuerat
369 2811 522 2866 terrestre.

101 2892 103 2896 ’
290 2891 337 2954 De
360 2893 451 2954 stella
474 2890 545 2956 Ceti
566 2893 685 2966 videbo,
709 2901 740 2954 et
754 2894 794 2955 ad
811 2893 982 2956 Fabricium
1005 2893 1145 2956 scribam.
1182 2893 1252 2973 Ipse
1276 2891 1395 2973 quidem
1419 2891 1557 2968 affirmat,

203 2980 390 3062 disparuisse
412 2981 530 3044 iterum.

293 3065 377 3132 (Quae
394 3076 530 3135 sequuntur
547 3069 663 3134 legantur
680 3069 706 3118 in
725 3075 811 3120 munt.
832 3065 876 3120 35.
894 3075 920 3120 et
938 3069 997 3135 ops.
1015 3070 1033 3118 l.
1053 3066 1088 3132 t.)

289 3149 327 3198 Ex
344 3148 531 3215 Branggeri
548 3149 706 3213 responsione
725 3146 759 3210 (d.
780 3149 805 3200 d.
826 3148 850 3198 ⁷.
870 3148 955 3200 Martii
977 3145 1055 3210 1608)
1076 3149 1141 3200 haec
1168 3148 1260 3198 addere
1285 3149 1384 3210 placet:
1413 3147 1513 3208 Scribis,
1532 3156 1558 3200 ts

201 3227 317 3285 aspectus
336 3221 555 3278 exmacrdiuarios,
578 3220 718 3287 quintilem,
744 3220 896 3286 hiquiutllem
916 3228 942 3270 et
959 3221 1119 3286 sesquadrum
1139 3221 1170 3270 ab
1189 3219 1342 3283 experientia
1367 3220 1559 3286 meteorologica

201 3292 374 3356 comprobatos
391 3291 502 3342 habere:
521 3293 625 3355 optarim
645 3305 704 3356 ego,
723 3291 796 3354 hujus
816 3294 983 3356 experientiae
1001 3293 1125 3356 specimen
1144 3291 1239 3347 ridere,
1259 3305 1317 3338 uam
1336 3291 1363 3338 ln
1380 3297 1451 3340 tanto
1471 3305 1556 3355 aspec-

199 3371 272 3413 tuum
290 3375 392 3412 numaro
411 3369 437 3411 st
454 3364 590 3420 varietata,
618 3364 659 3426 qui
678 3377 775 3427 semper
801 3369 945 3421 occurrunt,
972 3363 1015 3413 nbi
1039 3365 1148 3412 incertus
1166 3363 1199 3410 ais
1218 3362 1257 3411 cui
1283 3375 1367 3410 sorum
1394 3363 1558 3412 mutationem

202 3435 313 3499 aliquam
337 3434 402 3483 stris
420 3433 561 3490 adscribas.
590 3435 674 3484 nmcio
692 3435 813 3499 quomodo
840 3437 1034 3498 experimentum
1061 3448 1150 3498 oapsre
1177 3434 1282 3484 debeam
1300 3432 1338 3482 rsl
1357 3433 1434 3484 etiam
1457 3434 1556 3496 possim.

203 3504 276 3566 Quod
294 3518 350 3555 vero
367 3503 466 3568 reliquia
484 3512 541 3555 coto
560 3505 725 3570 superaddere
738 3507 775 3555 ris
788 3506 947 3563 bissextilem,
965 3505 1049 3556 hortor
1067 3505 1164 3564 saltem,
1184 3518 1275 3555 osseas
1292 3519 1323 3553 ue
1336 3505 1361 3552 iu
1379 3504 1558 3567 locupletandis

204 3574 343 3639 aspectibus
360 3575 463 3626 nimium
481 3577 515 3625 sia
532 3575 647 3626 liberalis.
686 3575 712 3628 Si
731 3577 796 3628 enirn
814 3577 963 3641 proportioni
985 3572 1027 3638 ¹1„
1048 3575 1129 3627 locum
1148 3576 1259 3632 dederis.
1286 3577 1421 3638 irrumpent
1440 3582 1465 3624 et
1483 3574 1557 3632 aliae,

204 3661 226 3696 e.
246 3659 269 3710 g.
292 3641 336 3707 'lu
351 3653 377 3696 et
391 3641 446 3709 ἸΨ
465 3659 567 3710 quarum
585 3647 629 3697 illa
647 3647 691 3697 dat
708 3648 862 3698 harmoniam
880 3648 1039 3712 terdiapason
1052 3660 1107 3697 cnm
1126 3647 1218 3702 ditono,
1238 3652 1264 3696 et
1281 3645 1344 3695 haec
1363 3645 1482 3708 diapason
1502 3659 1558 3695 curu

203 3715 358 3766 semiditono.
395 3715 437 3768 Sia
462 3723 488 3766 et
509 3713 551 3782 Ἰ..
581 3719 632 3768 sire
660 3719 818 3782 disdiapason
846 3733 901 3769 cum
929 3719 1101 3776 mammon,
1129 3723 1159 3768 ut
1186 3718 1248 3767 alias
1275 3716 1366 3765 multas
1393 3721 1557 3778 praeteream.

203 3788 292 3854 Trigaa
318 3801 406 3838 socom
422 3789 448 3837 in
467 3787 600 3840 harmoniis
627 3789 777 3842 sonddmari
804 3803 876 3855 posse
909 3804 960 3840 non
987 3803 1068 3855 uago:
1097 3789 1141 3840 aed
1159 3803 1245 3839 aarum
1270 3786 1489 3838 considerationem
1508 3801 1558 3836 nou

201 3860 369 3912 natanaelem
387 3873 441 3909 asse
460 3861 598 3910 contendo:
623 3867 676 3912 tum
693 3863 753 3928 quia
770 3863 846 3912 tertia
863 3875 910 3912 vox
926 3861 988 3910 nihil
1006 3861 1105 3912 cculsrt
1122 3860 1156 3910 ad
1172 3860 1344 3915 harmoniam,
1368 3865 1421 3908 tum
1439 3859 1498 3922 qula
1514 3857 1559 3908 illa

200 3931 256 3994 ipsa
273 3929 395 3980 interdum
415 3935 453 3980 est
471 3919 658 4000 ἄναρμοοτος,
677 3933 799 3982 interdum
818 3932 892 3997 plane
911 3933 987 3982 nulla.
1024 3931 1082 3982 Non
1100 3931 1197 3996 qnidam
1216 3945 1255 3980 ma
1273 3930 1345 3985 latet,
1363 3930 1384 3977 si
1404 3927 1495 3979 chorda
1513 3931 1558 3981 ΔΒ

200 4008 300 4052 secetur
317 4002 343 4051 iu
362 4000 398 4058 (i,
418 4002 538 4066 triplicem
556 4018 626 4068 possa
648 4005 744 4054 institui
773 4004 947 4061 collationem,
973 4010 1027 4052 tum
1044 4003 1151 4066 partium
1170 4003 1234 4050 inter
1252 4016 1294 4057 sa,
1314 3999 1357 4048 AC
1376 3999 1408 4049 ad
1428 3997 1486 4056 CB,
1505 4005 1558 4049 tum

199 4074 326 4137 uniusque
352 4073 452 4122 seorsim
480 4088 535 4123 cnm
563 4080 635 4133 tots,
663 4083 691 4126 ut
709 4073 761 4132 ΔΟ,
780 4076 826 4126 AB
845 4081 872 4124 et
890 4074 941 4134 Gli,
961 4074 1015 4125 ΔΒ.
1052 4071 1112 4122 Esto
1140 4079 1195 4122 tota
1221 4071 1314 4122 chorda
1338 4069 1381 4119 ΔΒ
1406 4068 1557 4135 iipartium,

198 4151 356 4209 segmentum
372 4146 454 4206 malus
472 4145 514 4194 Gli
534 4147 638 4198 duarum
655 4149 771 4212 partium.
810 4147 881 4198 liaeo
898 4147 1022 4210 proportio
1044 4143 1199 4196 harmoniam
1218 4141 1263 4194 dat
1281 4143 1413 4206 diapente,
1440 4144 1479 4192 cni
1497 4141 1557 4192 nihil

199 4216 271 4266 deest
289 4215 323 4265 ad
340 4215 379 4264 sni
397 4215 582 4279 perlectionem,
602 4220 689 4284 cuique
708 4219 859 4283 comparatio
877 4217 968 4268 residui
986 4217 1109 4284 segmenti
1127 4217 1178 4264 aire
1196 4229 1251 4266 oum
1269 4219 1325 4264 tota
1341 4214 1393 4262 aire
1405 4229 1460 4266 cum
1480 4213 1558 4264 altero

199 4293 328 4352 segmento
346 4285 408 4336 nihil
426 4287 529 4338 confert.
567 4289 697 4340 Bisecstur
712 4291 765 4353 J'am
791 4288 884 4339 chorda
902 4289 947 4338 ΔΒ
966 4291 992 4338 iu
1011 4285 1031 4338 G
1050 4293 1076 4338 et
1093 4287 1127 4335 sit
1145 4292 1199 4334 tota
1217 4287 1262 4336 AB
1282 4283 1356 4348 dupla
1375 4285 1408 4334 ad
1427 4283 1478 4342 CB,
1499 4299 1557 4334 con·

199 4359 317 4407 sonantia
336 4360 383 4407 erit
401 4357 529 4420 diapason.
566 4359 614 4410 Hic
633 4363 713 4426 trigae
731 4375 781 4410 non
801 4367 839 4409 est
857 4360 942 4410 locus:
973 4361 1019 4410 etsi
1039 4360 1104 4407 enim
1122 4357 1208 4420 triplex
1236 4357 1314 4420 possit
1341 4355 1434 4404 institui
1459 4355 1558 4405 collatio

198 4433 381 4494 segmentorum
398 4429 509 4479 interae
527 4435 628 4481 etcum
645 4437 713 4490 tota,
730 4437 817 4482 tamen
835 4447 885 4481 non
904 4432 996 4483 dautur
1012 4437 1063 4480 tres
1081 4427 1256 4492 symphoniae.
1282 4426 1401 4491 liquidem
1420 4427 1483 4476 talio
1503 4425 1557 4484 ΑΒ.

198 4499 243 4550 AG
262 4505 289 4550 st
307 4501 362 4558 AB,
381 4499 423 4552 OB
442 4507 482 4550 ast
499 4503 596 4560 eadam.
615 4509 642 4553 et
657 4503 787 4554 harmonia
804 4503 902 4559 eadam,
918 4505 968 4553 nisi
986 4503 1055 4552 dicas
1074 4501 1194 4564 diapason
1213 4497 1312 4548 umens
1330 4511 1347 4548 a
1365 4498 1492 4561 diapason.
1528 4497 1558 4546 lu

198 4572 303 4622 unisono
322 4571 457 4622 introducis
475 4575 566 4638 trigam
583 4579 691 4631 usuum,
718 4587 784 4640 quas
802 4581 859 4626 utut
875 4576 902 4624 in
920 4575 1069 4641 geometria.
1097 4573 1140 4622 ubi
1157 4571 1253 4621 numeri
1280 4571 1399 4620 abstracti
1418 4583 1435 4620 a
1451 4569 1560 4620 materia

200 4642 397 4698 considerantur,
416 4643 514 4694 admitti
532 4651 633 4710 posset,
652 4651 737 4696 tamen
755 4647 781 4694 iu
799 4649 911 4704 musica,
937 4645 978 4696 ubi
996 4645 1164 4708 proportiones
1183 4641 1304 4692 materiae
1333 4640 1557 4701 accommodantur,

199 4711 281 4762 locum
299 4727 349 4763 uon
367 4711 451 4762 habet.
476 4713 646 4780 Requiruutnr
663 4715 696 4766 ad
713 4716 867 4767 harmoniam
886 4715 1085 4768 constituendam
1104 4715 1231 4763 minimum
1250 4713 1314 4762 duaa
1333 4725 1413 4762 rocas.
1439 4715 1474 4761 At
1491 4712 1558 4760 rucis

200 4795 258 4832 cum
274 4797 326 4832 non
343 4795 404 4832 vocs
430 4784 512 4835 nnllna
530 4791 570 4836 est
587 4791 730 4846 concentus,
758 4801 834 4852 quare
856 4801 904 4838 neo
930 4788 1073 4845 harmonia,
1101 4791 1127 4836 et
1149 4783 1252 4849 proinde
1277 4781 1346 4832 nulla
1363 4781 1403 4832 hic
1428 4789 1467 4833 est
1485 4783 1557 4847 triga.

200 4852 274 4904 Adde
291 4853 357 4918 qnod
376 4849 421 4916 ‘ln
440 4858 579 4919 proportio,
598 4869 673 4921 quasa
689 4863 718 4908 tn
737 4857 853 4909 ιιιεοιιιιι
872 4860 985 4924 aspsutm
1013 4870 1156 4923 omnm,
1182 4854 1283 4908 raaldus
1298 4854 1376 4906 babet
1392 4846 1558 4922 druppoors
