3652 5532
384 277 450 346 '100
707 335 714 352 ⁸
859 278 901 330 Da
918 275 998 332 Stella
1014 275 1087 332 Nora
1104 277 1256 346 Serpeatsril

472 458 572 540 Supra
593 455 737 530 diximus,
760 455 817 517 hoc
839 455 951 520 habere
975 457 1073 521 simile
1096 457 1218 522 stellam
1245 463 1378 520 ιιοιιιιιιιι
1402 475 1470 520 cum
1492 453 1702 537 trajectioubur,

383 548 463 630 quod
486 547 583 609 subito
605 546 711 626 ingens
734 545 854 620 reluxit,
877 546 1004 630 indeque
1026 548 1174 628 paulatim
1196 546 1349 608 deminuta
1372 547 1495 610 undem
1517 544 1642 608 evanuit
1679 545 1702 608 Si

384 637 524 700 similium
547 634 662 696 similes
678 642 748 696 sunt
771 635 905 709 effectus,
929 655 996 699 cum
1010 637 1071 699 hae
1089 637 1176 699 nobis
1199 635 1317 698 vicinae
1341 636 1538 717 trajectiones
1553 654 1591 696 ex
1604 635 1704 698 materia

382 726 485 807 pingui
518 731 673 798 constent,
706 743 782 804 quae
807 743 858 786 seu
882 725 943 804 igni
972 745 1025 788 seu
1056 725 1158 788 lumini
1189 724 1383 805 concipiendo
1407 725 1449 787 sit
1476 725 1604 787 idonea:
1632 723 1705 785 omnis

383 835 454 876 vero
476 813 646 894 hujusmodi
668 812 817 892 pinguedo
841 813 882 874 sit
905 817 1055 890 excretio,
1087 815 1170 876 facta
1191 813 1239 875 vel
1263 833 1318 895 per
1339 814 1465 876 vitalem
1496 813 1578 894 globi
1599 813 1705 874 Telluris

382 904 557 966 facultatem
579 901 628 964 vel
650 920 704 983 per
727 911 883 965 externum
905 912 937 965 ιι
959 903 1157 966 adventitium
1181 903 1322 978 calorem,
1347 912 1381 966 ιιι
1401 903 1433 966 ιιι
1453 901 1615 966 incendiis:
1637 901 1706 981 igitur

382 993 475 1054 etiam
497 992 537 1054 ad
559 1011 669 1054 novum
691 991 748 1053 hoc
772 992 856 1054 sidus
879 992 910 1054 in
933 994 1055 1055 aethere
1082 993 1320 1074 progigneudum
1348 993 1478 1074 quodam
1505 989 1592 1074 quasi
1613 991 1705 1052 fervore

381 1082 468 1144 nobis
492 1100 567 1162 opus
592 1099 659 1144 esse
683 1081 811 1156 videtur,
835 1081 885 1162 qui
909 1082 1018 1145 similis
1041 1081 1082 1144 sit
1096 1082 1228 1144 naturali
1251 1081 1400 1144 facultati.
1437 1082 1560 1144 Etenim
1581 1079 1705 1160 pinguedo

381 1171 477 1233 omnis
501 1179 533 1232 et
555 1187 642 1234 omne
665 1169 895 1245 inflammabile,
927 1190 1012 1234 omne
1035 1172 1066 1234 in
1088 1171 1247 1234 materiam
1269 1171 1400 1234 lucidam
1422 1169 1584 1242 mutabile,
1612 1168 1705 1230 videtur

381 1279 455 1342 opus
480 1279 547 1322 esse
570 1259 726 1340 cujusdam
748 1258 1002 1322 architectonicae
1025 1260 1172 1324 nataralia
1200 1259 1373 1336 facultatis,
1400 1279 1478 1341 quae
1501 1258 1598 1322 nativi
1619 1255 1706 1318 caloris

380 1349 410 1411 in
434 1371 488 1413 suo
512 1367 637 1430 corpore
666 1347 707 1410 sit
735 1349 949 1429 propagatrix,
980 1367 1073 1430 eoque
1101 1348 1201 1411 calore
1232 1350 1399 1412 instruatur
1421 1350 1461 1411 ad
1489 1347 1667 1410 alterandam
1684 1353 1706 1406 et

380 1439 437 1501 sibi
460 1439 689 1502 assimilandam
712 1457 780 1500 eam
802 1438 974 1513 materiam,
1007 1438 1038 1500 iu
1067 1457 1157 1519 quam
1188 1437 1341 1502 incumbit.
1387 1440 1484 1501 Porro
1507 1438 1557 1500 vel
1579 1435 1609 1498 iu
1629 1433 1705 1514 globis

379 1528 560 1609 perennibus
583 1527 716 1608 g‘gnitur
738 1526 908 1606 hujusmodi
931 1527 1051 1608 pinguis
1074 1525 1199 1602 halitus,
1222 1526 1295 1588 vel'
1287 1547 1318 1590 ιιι
1340 1527 1529 1603 intermedio,
1553 1533 1585 1588 et
1607 1532 1637 1586 ut
1650 1523 1705 1584 ilir-

378 1618 523 1702 gillananq
546 1635 650 1678 vocem
673 1615 711 1678 ab
734 1615 891 1678 elementis
914 1617 953 1677 ad
968 1617 1072 1678 coelos
1092 1616 1285 1692 transferam,
1310 1617 1361 1692 „in
1377 1617 1493 1698 campis
1515 1614 1704 1698 liquentibus

379 1706 446 1770 si·
438 1727 467 1768 ιι
491 1705 591 1787 globis
613 1705 755 1786 gignitur,
780 1705 917 1787 quaestio
940 1724 1030 1786 porro
1053 1705 1137 1768 nulla
1159 1705 1297 1787 amplius,
1320 1707 1388 1788 quis
1409 1707 1531 1786 genitor
1553 1705 1603 1767 sit.
1641 1699 1705 1764 Satis

380 1803 502 1858 constat
516 1796 553 1857 de
569 1797 673 1870 Terra,
696 1795 811 1875 pollere
830 1795 916 1857 illam
931 1795 1012 1857 intus
1035 1794 1206 1874 huJ'usmodi
1229 1795 1384 1872 facultate,
1409 1814 1485 1878 quae
1501 1795 1572 1858 aliis
1593 1791 1705 1873 partibus

379 1886 440 1946 alia
463 1884 560 1965 g'gnit
577 1883 712 1959 metalla,
737 1902 813 1965 quae
830 1884 961 1946 calorem
983 1885 1065 1946 intus
1086 1884 1178 1961 fovet,
1202 1903 1277 1966 quae
1302 1885 1435 1948 marinas
1458 1905 1555 1966 aquas
1578 1879 1705 1952 absorbet

379 1974 505 2054 digerit,
530 1972 673 2036 sublimes
696 1991 861 2054 evaporare
884 1973 973 2048 facit,
1003 1973 1103 2036 fluviis
1126 1981 1158 2034 et
1178 1974 1290 2054 pluviis
1312 1975 1472 2038 materiam
1495 1972 1621 2047 sufficit;
1649 1986 1705 2050 quae

378 2062 531 2125 mirabiles
560 2064 673 2142 figuras
707 2062 907 2143 geometricas
940 2062 1096 2125 fossilibus
1126 2063 1218 2136 indit,
1251 2083 1311 2126 non
1343 2063 1404 2127 alia
1436 2083 1468 2126 re
1503 2063 1564 2126 nisi
1599 2059 1704 2142 quadam

378 2152 576 2234 impressione
609 2151 745 2226 occulta,
777 2171 853 2232 quae
876 2152 1039 2232 respondet
1070 2151 1277 2232 imaginationi
1300 2153 1492 2228 animalium,
1523 2150 1661 2215 subnixa:
1684 2154 1706 2206 et

378 2261 453 2323 quae
476 2241 563 2323 plura
586 2241 661 2303 talia
683 2240 746 2302 dixi
768 2241 800 2302 ιιι
823 2239 951 2321 Optiois.
999 2240 1128 2313 Qualem
1150 2241 1243 2322 igitur
1265 2243 1441 2305 facultatem
1462 2241 1603 2323 possidet
1622 2235 1705 2300 Tellus

377 2331 449 2406 ista,
472 2330 629 2410 globorum
651 2349 738 2404 unus,
761 2329 872 2392 talibus
896 2337 1129 2392 consentaneum
1151 2339 1200 2393 est
1222 2338 1253 2394 et
1271 2340 1389 2394 ceteros
1412 2331 1521 2412 globos
1545 2347 1612 2392 esse
1633 2343 1704 2407 prar-

379 2420 468 2484 ditos.
506 2422 630 2482 Pateret
653 2419 743 2498 igitur
767 2425 798 2480 et
812 2429 918 2481 auctor
940 2427 971 2481 et
989 2419 1073 2500 origo
1096 2420 1319 2501 exspirationis.
1358 2421 1499 2486 Ceterum
1516 2419 1588 2502 quia
1608 2413 1702 2494 cogitur

377 2509 453 2572 haec
475 2508 602 2572 materia
624 2508 804 2589 tandemque
824 2509 1035 2584 inflammatur,
1058 2529 1118 2572 non
1134 2509 1163 2571 in
1180 2509 1278 2590 globis
1302 2510 1459 2573 stellarum
1474 2510 1530 2573 sed
1548 2509 1598 2585 „in
1611 2502 1701 2583 campis

373 2597 598 2680 liquentibus:“
630 2605 778 2679 utcunque
801 2616 897 2678 ponas
925 2597 1079 2660 naturales
1111 2599 1274 2662 facultates
1296 2600 1327 2662 iu
1349 2599 1468 2681 globis,
1494 2599 1562 2679 jam
1584 2593 1702 2657 accedere

377 2707 501 2751 necesse
525 2694 574 2750 est
595 2687 727 2770 aliquam
759 2686 851 2749 etiam
873 2687 978 2764 aliam,
1009 2705 1085 2768 quae
1115 2695 1216 2764 ,totos
1248 2689 1349 2752 infusa
1370 2708 1425 2771 per
1452 2689 1559 2751 artus“
1583 2681 1702 2766 liquidum

376 2784 513 2858 permeat
534 2776 706 2840 aetherem:
732 2784 822 2859 atque
845 2784 879 2839 ut
894 2795 1011 2838 rursum
1034 2777 1172 2857 exempla
1194 2778 1370 2841 coelestium
1393 2797 1547 2841 sumamus
1571 2795 1590 2838 a
1610 2783 1702 2836 terres-

376 2867 484 2942 tribus,
507 2885 583 2948 quae
601 2865 631 2927 id
647 2873 784 2947 praestet
800 2866 829 2927 ιιι
849 2865 1079 2947 ιιιιιιιι,,ιιιιοιι
1101 2864 1211 2948 aliqua,
1233 2867 1351 2930 nomine
1373 2867 1589 2942 occultissima,
1611 2861 1702 2941 reipsa

375 2955 624 3018 manifestissima
656 2955 785 3018 facultas
816 2961 956 3036 praestat
978 2955 1009 3018 ιιι
1032 2954 1089 3017 hoc
1116 2965 1221 3020 nostro
1252 2958 1350 3020 calido
1378 2957 1592 3020 adrebleto
1618 2966 1701 3030 nempe

374 3053 424 3107 est
446 3045 513 3120 illa,
537 3064 612 3127 quae
635 3041 753 3125 quoties
777 3044 892 3106 invenit
921 3044 1102 3126 superfluam
1125 3045 1256 3128 aliquam
1279 3048 1453 3123 materiam,
1485 3043 1634 3109 convertit
1652 3056 1702 3102 ean

378 3134 408 3196 in
432 3133 642 3198 animalculum
664 3134 741 3206 tale,
763 3134 851 3238 quod
866 3153 964 3196 rerum
987 3142 1113 3197 naturae
1141 3135 1257 3198 serviat
1279 3157 1332 3200 seu
1355 3136 1509 3218 juvandae
1535 3155 1589 3199 seu
1610 3147 1701 3194 exone·

375 3223 505 3298 randae3
536 3222 675 3285 sudorem
704 3223 814 3305 capitis
842 3223 872 3285 in
902 3223 1076 3304 pediculos,
1108 3225 1243 3306 corporis
1273 3225 1442 3300 (muliebris
1471 3223 1658 3308 praesertim)
1680 3217 1701 3278 it

375 3311 501 3393 pulices,
524 3311 694 3374 arborum'
685 3333 716 3374 ιιι
738 3311 825 3374 varia
846 3331 1002 3375 erucarum
1033 3331 1159 3393 genera,
1189 3334 1243 3396 pro
1266 3317 1359 3378 variis
1390 3316 1528 3378 arborum
1555 3314 1701 3414 generibus,

325 3445 334 3468 ι
374 3400 501 3482 pellium
522 3400 718 3481 pinguedines
741 3401 943 3464 redundantes
966 3409 998 3464 et
1020 3423 1039 3463 a
1061 3423 1118 3466 sua
1139 3405 1235 3466 forma
1258 3405 1428 3468 desertas
1419 3425 1450 3466 ιιι
1471 3404 1582 3482 tineas,
1606 3400 1686 3466 limi'
1680 3417 1701 3460 ιι

377 3490 543 3571 anguillas,
571 3508 715 3572 aquarum
736 3491 767 3553 ιιι
789 3509 896 3566 ranas,
918 3491 1038 3572 pisces,
1069 3493 1223 3556 himdines
1246 3502 1278 3555 et
1300 3493 1416 3558 infinita
1447 3487 1621 3577 semperque
1640 3508 1701 3553 nora

374 3580 557 3642 marinorum
587 3585 790 3642 monstrorum
820 3597 932 3660 genera
939 3600 949 3656 ;
983 3581 1109 3644 Terram
1135 3582 1166 3644 in
1196 3582 1298 3646 varias
1329 3584 1500 3664 plantarum
1526 3593 1560 3648 et
1585 3583 1701 3646 arborum

375 3670 509 3752 species:
534 3669 564 3730 in
581 3687 705 3744 summa,
728 3667 798 3732 hinc
821 3689 1001 3744 muscarum,
1025 3669 1094 3733 hino
1110 3672 1210 3753 apimn
1232 3673 1381 3749 examina,
1403 3674 1473 3736 hhrc
1488 3691 1610 3756 vespae,
1631 3668 1701 3734 crab·

373 3779 473 3835 rones,
496 3759 644 3835 scarabei,
666 3757 735 3820 hinc
757 3759 942 3840 papilionum
964 3759 1103 3840 ingentes
1123 3761 1287 3824 exercitus.
1333 3763 1513 3844 Philosophi
1534 3759 1701 3844 putredinem

375 3849 493 3925 dicunt,
527 3867 658 3931 quaere
687 3867 761 3910 vera
790 3848 866 3910 nihil
894 3847 978 3910 aliud
1001 3857 1067 3925 est,
1100 3869 1188 3932 quam
1220 3847 1386 3925 materiae,
1411 3861 1558 3933 pereunte
1580 3861 1610 3914 et
1634 3845 1700 3931 quasi

374 3939 520 4002 moriente
543 3938 641 4000 forma
663 3937 775 4014 veteri,
799 3938 838 4002 ad
859 3957 971 4000 novam
993 3939 1125 4020 aliquam
1147 3940 1342 4018 instauratio,
1366 3942 1449 4004 facta
1470 3961 1525 4023 per
1547 3943 1622 4006 hunc
1643 3954 1699 4018 ope-

373 4027 562 4092 rosissimum
590 4027 801 4104 architectum,
834 4027 999 4131 quicunque
1030 4029 1152 4093 tandem
1175 4031 1203 4092 is
1235 4031 1292 4107 sit,
1324 4049 1411 4114 quem
1442 4031 1567 4095 cuilibet
1596 4029 1698 4092 liberum

375 4125 441 4180 esto
474 4115 641 4200 inquirere.
672 4116 745 4179 mihi
775 4117 881 4180 haec'
873 4137 941 4198 rpsa
963 4118 1093 4181 facultas
1125 4120 1257 4196 videtur,
1288 4139 1377 4202 quam
1408 4119 1492 4201 prius
1514 4119 1608 4189 dixi
1599 4139 1628 4183 ιιι
1648 4116 1698 4196 ipat

374 4205 506 4269 Telluris
528 4205 660 4268 residere
683 4205 793 4286 glob03
817 4206 874 4269 hoc
897 4214 1000 4270 tamen
1022 4207 1204 4284 discrimine,
1227 4217 1260 4272 ut
1283 4210 1362 4292 quod
1381 4217 1430 4273 est
1451 4211 1581 4273 facultas
1603 4209 1697 4270 interna

375 4295 519 4368 Telluris,
550 4296 636 4376 aquis
659 4303 692 4356 et
712 4296 776 4358 atri
800 4296 839 4359 ad
866 4297 1034 4378 papiliones
1057 4305 1088 4358 et
1109 4306 1245 4361 monstra
1273 4300 1433 4380 aquatica,
1463 4300 1521 4362 hoc
1545 4300 1587 4362 ιιι
1606 4288 1697 4360 horoioi

366 4393 430 4448 'sua
452 4383 599 4446 naturalis
623 4385 752 4447 facultas
775 4386 815 4447 ad
837 4386 991 4465 pediculos
1014 4386 1189 4466 gignendos.
1230 4389 1393 4470 Utriusque
1416 4407 1550 4470 organon
1571 4383 1696 4471 quoddam

375 4492 468 4554 vapor
487 4491 554 4536 esse
576 4473 704 4549 videtur,
728 4474 778 4556 qui
797 4475 826 4536 in
842 4493 965 4556 corpore
988 4476 1107 4554 genitus
1125 4477 1156 4538 id
1171 4476 1338 4540 forinsecus
1359 4477 1524 4542 circumdat
1539 4477 1695 4558 exspiratus,

376 4563 503 4642 implens
526 4561 650 4624 madore
673 4582 727 4624 suo
751 4563 835 4626 ιιιιιιι
858 4582 1021 4666 corporum
1049 4566 1242 4642 occultiores,
1272 4567 1323 4628 ubi
1345 4566 1450 4630 calor
1458 4567 1589 4630 inclusus
1611 4566 1695 4626 duran

375 4657 485 4730 potest.
536 4652 603 4713 Hoc
632 4651 710 4714 enim
742 4653 823 4714 facto
857 4655 960 4715 statim
988 4653 1019 4714 ιιι
1051 4665 1117 4716 eum
1148 4673 1273 4736 egressa
1302 4653 1431 4719 facultas
1462 4655 1554 4732 haec,
1584 4665 1695 4746 ιοιροῐῑι

377 4737 476 4800 incola
498 4739 616 4842 (utique
637 4741 773 4821 prolecta
800 4741 901 4805 calore
925 4750 957 4803 ιι
978 4742 1095 4805 effluvio
1119 4745 1165 4806 sui
1191 4745 1345 4826 vaporis),
1376 4745 1437 4807 ista
1459 4745 1535 4808 mira
1556 4733 1694 4808 machinari

378 4824 492 4911 incipit,
514 4828 657 4892 instinctu
680 4830 781 4893 divino
803 4849 858 4918 per
875 4831 1058 4894 creationem
1080 4841 1205 4915 accepto
1228 4834 1431 4918 hactenusque
1452 4843 1570 4899 retento
1591 4833 1624 4894 de
1643 4827 1694 4891 sin·
