3674 5538
788 289 870 356 vemt
888 287 908 342 1·
1469 282 1529 358 tub

165 463 292 545 sabjecti
317 465 469 529 terminos
497 467 681 543 continetur,
707 477 739 530 ut
770 470 833 544 lux,
868 489 944 550 quae
979 473 1007 532 in
1039 467 1187 532 coloribus
1219 471 1309 543 latet,
1346 471 1530 550 quamdioa

166 554 238 618 Sole
262 573 324 617 non
345 556 552 619 illustrantur.
591 557 720 620 Nescius
744 565 856 632 tamen,
882 579 919 620 au
944 579 1003 622 non
1023 567 1055 621 et
1077 559 1193 620 colores
1209 559 1245 620 de
1269 561 1417 638 profunda
1440 567 1528 622 nocte

167 643 281 706 lncnlas
316 653 469 725 spargant
501 663 582 710 suas.
640 646 702 708 Sed
735 649 810 710 haec
842 649 971 710 materia
1006 647 1252 728 philosophorum
1285 649 1527 712 acutissimorum

166 735 286 813 ingenia
307 734 393 796 varie
417 735 554 798 exercuit
574 743 607 798 et
626 742 732 798 tantae
754 745 802 798 est
822 736 1026 811 obscuritatis,
1051 744 1084 796 ut
1103 755 1160 796 non
1184 737 1283 815 possit
1300 737 1329 798 iu
1354 740 1528 816 praeseutia
1576 777 1581 784 -

167 822 311 902 expediri,
336 841 410 884 sane
435 825 508 903 quia
530 843 586 886 nec
607 825 768 906 praecipue
792 826 881 904 hrrjns
906 826 961 887 loci
986 835 1044 888 est.
1084 824 1117 886 Si
1142 823 1269 904 objicias
1293 828 1434 889 tenebras
1458 848 1527 890 esse

166 911 376 990 privationem,
401 931 461 973 oon
481 931 572 992 posse
591 933 664 994 ergo
683 914 744 976 lieri
770 914 930 993 positivum
956 914 1109 995 quippiam
1132 921 1164 974 et
1187 914 1364 994 qualitatem
1385 916 1525 990 activam,

166 999 339 1062 radiantem
361 1002 481 1064 scilicet
504 1010 536 1062 et
558 1003 730 1082 pingentem
753 1004 907 1082 parietes:
935 1003 1074 1084 objiciam
1100 1012 1131 1063 et
1155 1021 1211 1082 ego
1236 1003 1345 1083 frigus,
1376 1007 1454 1084 quod
1478 1015 1527 1066 eet

166 1107 250 1152 mera
273 1089 404 1176 privatio
429 1097 462 1151 et
484 1097 585 1152 tamen
610 1092 638 1152 in
664 1093 791 1153 materia
814 1093 847 1153 fit
871 1091 971 1153 activa
994 1092 1136 1171 qualitas.
1150 1083 1183 1162 *i

256 1177 348 1258 Prop.
373 1177 462 1241 XVI.
510 1180 584 1241 Lux
607 1198 671 1259 per
693 1181 862 1242 colorata
890 1181 1077 1242 transiens
1107 1179 1267 1260 undique
1295 1180 1465 1243 afficitur
1489 1193 1525 1243 et

166 1265 201 1327 in
227 1268 433 1346 superficie
457 1275 495 1330 et
518 1267 551 1330 in
585 1269 794 1344 soliditate,
828 1277 1011 1350 quatenus
1045 1287 1086 1330 ea
1115 1270 1292 1332 colorata
1323 1277 1391 1332 est.
1437 1270 1524 1341 erae

164 1355 243 1417 enirn
270 1363 342 1418 sunt
365 1357 422 1418 sub
455 1357 561 1418 eodem
593 1375 712 1437 genere,
744 1369 818 1439 apta
849 1368 919 1420 sunt
942 1359 971 1420 in
995 1379 1028 1420 se
1058 1366 1159 1419 mutuo
1183 1377 1284 1437 agere.
1334 1357 1395 1420 Sed
1422 1361 1471 1420 lux
1495 1369 1527 1420 et

163 1445 247 1506 color
271 1445 327 1508 snb
349 1447 456 1507 eodem
481 1454 551 1508 suut
579 1465 689 1526 genere
712 1465 766 1526 per
794 1445 842 1510 15.
891 1445 981 1510 Color
1006 1465 1075 1509 vero
1104 1448 1314 1525 per-eandem
1338 1447 1366 1510 in
1398 1449 1527 1510 materia

163 1533 305 1614 pellucidi
330 1534 450 1603 haeret.
484 1544 515 1597 et
539 1537 667 1598 materia
695 1543 758 1599 tres
782 1537 874 1598 habet
905 1536 1127 1610 dimensiones3
1159 1555 1251 1618 quere
1283 1536 1341 1598 luci
1372 1537 1453 1600 actio
1478 1545 1526 1599 est

164 1623 258 1685 etiam
283 1623 312 1684 in
337 1643 403 1686 eum
428 1623 568 1698 colorem,
593 1626 695 1707 quiin
719 1627 865 1706 profundo
890 1625 981 1686 medii
1005 1633 1062 1686 est.
1082 1635 1083 1638 ’

255 1712 346 1792 Prop.
371 1711 475 1774 xvn.
522 1711 681 1794 Opacnm
715 1722 772 1777 est
804 1723 841 1775 et
873 1715 922 1789 id,
957 1715 1050 1794 quod
1082 1713 1207 1775 multis
1245 1712 1523 1793 superficiebus

162 1802 428 1881 confragosum
452 1810 526 1875 est,
550 1811 587 1864 et
610 1804 659 1879 id,
683 1805 774 1884 quod
799 1803 946 1865 multato
975 1802 1125 1865 obtinet
1154 1803 1395 1875 densitatem,
1419 1811 1456 1864 et
1479 1802 1523 1876 id,

163 1891 261 1970 quod
290 1892 440 1952 multum
467 1891 624 1955 colorem
655 1892 776 1974 vel-in
807 1891 1017 1972 quantitate
1051 1892 1107 1953 vel
1141 1890 1174 1951 in
1204 1891 1396 1970 qualitate
1426 1891 1524 1954 obti-

162 1987 235 2040 net.
292 1977 429 2059 Opaoum
457 1979 536 2042 enim
568 1989 632 2052 est,
663 1982 741 2062 qood
770 1982 844 2044 locis
874 1980 975 2042 radios
1008 1997 1065 2042 non
1095 1981 1283 2042 transmittit.
1341 1980 1385 2042 At
1413 1982 1524 2042 multae

162 2068 340 2146 superficies
374 2070 500 2131 multum
529 2067 694 2150 impediunt
720 2071 821 2132 radios
848 2087 903 2149 per
934 2067 983 2140 te,
1008 2069 1052 2132 sic
1076 2077 1108 2131 et
1131 2069 1256 2131 multum
1280 2069 1392 2131 densae
1415 2088 1524 2150 super-

162 2156 247 2217 ficies
280 2173 335 2236 per
371 2155 424 2231 tl,
463 2158 508 2218 ita
540 2168 571 2221 et
598 2159 721 2222 multum
755 2160 907 2222 coloratae
939 2177 993 2238 per
1024 2153 1081 2231 16,
1115 2177 1168 2218 seu
1202 2161 1401 2238 quantitatem
1432 2159 1524 2221 colori

161 2245 259 2306 addat
289 2246 480 2325 profunditas
504 2247 594 2310 medii
618 2267 671 2311 seu
694 2250 776 2310 color
808 2249 872 2328 ipse
904 2249 1027 2309 multum
1051 2247 1089 2308 ab
1121 2246 1259 2309 albedine
1289 2248 1413 2309 recedat
1436 2257 1523 2308 teue-

160 2334 345 2414 brarumqne
370 2336 493 2398 multum
518 2337 559 2398 sit
580 2338 743 2418 particeps.

253 2423 331 2484 Esse
356 2442 427 2486 vero
452 2423 523 2486 nihil
548 2427 685 2488 absolute
710 2445 846 2506 opacum,
871 2424 963 2487 etiam
987 2423 1172 2486 Aristoteles
1197 2425 1271 2487 libro
1293 2424 1329 2485 de
1354 2423 1524 2498 Sensilibus

164 2512 290 2590 recepit.

253 2599 502 2663 corollarium
530 2601 572 2662 de
599 2603 779 2664 methodo.
828 2601 905 2665 Cum
936 2617 1008 2680 ergo
1034 2601 1084 2662 lux
1111 2599 1186 2664 duos
1215 2601 1328 2663 habeat
1354 2611 1521 2682 respectus,

162 2697 196 2751 et
218 2689 382 2762 esseutiae,
410 2709 469 2769 qua
494 2691 542 2752 lux
566 2699 622 2764 est,
648 2699 680 2752 et
703 2691 921 2772 quantitatum,
945 2709 1020 2769 quas
1043 2689 1165 2770 recipit,
1191 2691 1266 2752 duas
1290 2691 1381 2752 etiam
1405 2693 1524 2754 obtinet

160 2779 315 2858 energias,
339 2777 470 2858 priorem
494 2787 593 2842 motus
618 2780 724 2842 localis
748 2790 777 2843 et
801 2781 998 2860 posteriorem
1023 2779 1125 2840 ordine
1150 2787 1290 2851 naturae,
1314 2780 1362 2859 qui
1386 2781 1445 2841 fine
1468 2800 1522 2843 seu

159 2867 259 2929 foruna
291 2867 373 2947 prior
396 2877 460 2938 est,
495 2868 543 2947 qui
572 2877 620 2930 est
650 2869 814 2931 illustratio
848 2872 951 2949 (quam
984 2869 1146 2930 comitatur
1179 2869 1364 2942 calefactio).
1399 2888 1521 2949 quorum

161 2956 269 3018 localis
303 2954 423 3036 quidem
449 2955 505 3018 luci
537 2967 661 3037 propter
693 2959 882 3034 quantitates
914 2957 1072 3036 competit,
1106 2957 1269 3020 illustratio
1300 2975 1370 3020 vero
1398 2967 1523 3038 propter

161 3063 248 3106 suam
281 3045 460 3118 essentiam,
494 3063 552 3126 qua
581 3047 630 3108 lux
663 3055 722 3108 cst.
768 3047 940 3110 Secundum
974 3045 1049 3109 duas
1081 3047 1138 3107 has
1170 3046 1310 3126 energias
1339 3047 1397 3110 dno
1429 3047 1523 3110 etiam

160 3135 257 3196 habet
279 3133 415 3212 objecta,
450 3136 639 3214 quantitates
663 3143 695 3196 et
717 3137 860 3211 colorem,
897 3153 983 3216 quem
1014 3135 1175 3196 comitatur
1203 3135 1341 3198 materia.
1387 3135 1430 3198 Et
1453 3137 1523 3218 quia

162 3232 264 3284 motus
290 3223 395 3283 localis
429 3223 521 3284 ctiam
545 3225 603 3285 duo
636 3237 748 3304 genera
781 3224 875 3287 habet
907 3224 1103 3304 objectorum,
1139 3233 1170 3286 et
1203 3225 1331 3287 medium
1361 3244 1415 3305 per
1444 3225 1521 3306 quod

161 3311 275 3375 transit
300 3319 332 3372 et
353 3329 417 3372 rem
440 3311 478 3371 ad
503 3331 592 3392 quam
615 3315 719 3388 fertur,
744 3315 804 3396 duq
822 3315 914 3375 etiam
937 3313 1073 3375 existunt
1094 3313 1181 3394 hujus
1201 3314 1341 3394 energiae
1364 3322 1522 3395 respectus
1619 3369 1623 3374 .

164 3403 192 3462 in
217 3401 306 3474 lnce;
330 3419 424 3461 cauea
441 3401 530 3462 medii
553 3409 696 3483 penetrat
715 3403 766 3464 lux
788 3403 916 3466 medium
936 3402 1117 3465 stamedio
1141 3403 1324 3482 refringitur,
1348 3405 1376 3467 ai
1399 3404 1522 3466 densius

163 3497 230 3550 eat:
264 3507 360 3550 cansa
382 3487 426 3549 rei
460 3489 529 3550 ferit
554 3490 604 3552 lux
634 3491 819 3571 superficiem
850 3511 940 3572 quam
972 3490 1099 3554 offendit
1125 3500 1157 3553 et
1180 3494 1219 3554 ab
1242 3512 1280 3554 ea
1311 3493 1521 3573 repercutitur.

164 3579 266 3640 Aliter
289 3576 320 3638 hi
344 3578 402 3638 dno
426 3588 583 3657 respectus
611 3588 716 3652 contra
739 3599 773 3642 se
801 3579 1034 3660 distinguuntur.
1080 3580 1160 3643 Nam
1191 3583 1241 3643 lox
1271 3590 1354 3644 motu
1378 3590 1409 3642 et
1432 3601 1521 3661 spar-

163 3667 244 3749 gitur
275 3685 333 3746 per
364 3665 494 3728 medium
522 3677 554 3729 et
584 3667 760 3750 impingitur
786 3670 816 3731 in
850 3670 1043 3750 superficies:
1076 3669 1268 3751 vicissimque
1301 3679 1354 3732 aut
1383 3691 1401 3730 a
1434 3670 1523 3731 medii

163 3756 306 3838 pellucidi
329 3755 487 3836 superficie
510 3757 662 3838 colligitur
685 3767 737 3820 aut
761 3779 780 3820 a
802 3758 922 3821 termini
946 3759 1102 3839 superficie
1127 3758 1336 3839 repercutitur.
1384 3758 1521 3840 Denique

164 3845 240 3927 qnod
264 3844 379 3906 attinet
401 3841 647 3920 illustrationem,
677 3849 756 3927 qood
780 3858 829 3910 est
851 3847 1025 3927 primarium
1055 3846 1129 3910 lucis
1153 3868 1242 3928 opus,
1273 3848 1390 3908 colores
1413 3867 1433 3906 a
1456 3847 1521 3908 luce

165 3935 325 4008 diluuntur,
351 3933 403 3995 lux
426 3953 446 3994 a
469 3935 619 3998 coloribus
648 3935 775 4016 tingitur
800 3945 831 4000 et
859 3937 995 3999 inficitur.
1041 3937 1088 3998 De
1118 3937 1224 4017 quibos
1254 3934 1389 3996 omnibns
1419 3935 1522 3997 ordine

165 4024 191 4086 in
213 4021 424 4104 sequentibus.

248 4115 339 4169 Notat
360 4129 427 4168 vcro
449 4111 495 4166 hic
524 4113 613 4168 lector
642 4114 775 4186 originem
807 4121 925 4186 quartae
960 4116 1029 4170 lucis
1064 4113 1180 4184 speclei,
1212 4129 1293 4186 quarn
1325 4113 1410 4168 ceteri
1438 4112 1521 4182 optici
1563 4151 1567 4162 .

165 4195 261 4267 frigide
282 4201 421 4250 mauman

245 4352 275 4418 ⁸)
294 4355 438 4408 Videntur
468 4352 549 4406 albos
571 4361 599 4406 et
630 4354 710 4426 niger
740 4356 820 4426 opaci
847 4357 872 4411 in
904 4374 1007 4411 summo
1038 4373 1087 4408 suo
1117 4357 1226 4428 gradu:
1258 4355 1357 4426 reliqui
1384 4354 1522 4424 pellucido

164 4435 240 4490 etiam
261 4437 289 4492 in
312 4449 423 4490 summo
445 4433 534 4502 gradu
557 4433 647 4487 inesse
678 4445 801 4506 possunt.
845 4437 965 4508 Cumque
986 4437 1040 4488 hac
1064 4434 1172 4494 ratione
1201 4437 1281 4488 albus
1303 4443 1333 4488 et
1354 4433 1435 4506 niger
1455 4452 1522 4505 quo·

161 4517 295 4574 dammodo
317 4512 469 4570 materiati
484 4512 541 4566 sive
562 4516 700 4584 corporati
722 4515 777 4570 sint
798 4517 912 4579 colores,
935 4517 1079 4570 discrimen
1100 4523 1193 4570 tamen
1207 4515 1259 4568 hoc
1273 4522 1325 4578 est,
1348 4515 1419 4586 quod
1441 4515 1522 4568 albus

157 4599 257 4672 corpori
279 4594 402 4656 lucenti,
426 4599 460 4646 nt
480 4592 560 4656 Solia,
583 4595 663 4668 niger
684 4597 790 4665 corpori
813 4598 960 4651 tenebroso
982 4597 1166 4670 similior'est.

236 4675 437 4748 Smaragdum
473 4671 565 4726 ridere
592 4682 649 4739 est,
671 4684 700 4729 et
721 4693 855 4747 pyropum
878 4685 907 4730 et
936 4675 1117 4746 hyacinthum
1138 4683 1168 4728 et
1188 4675 1334 4736 electrum,
1365 4675 1522 4746 pellucida;

152 4765 233 4831 grint,
264 4761 377 4818 rubeo,
414 4753 663 4818 humanioribus,
685 4755 868 4811 nullumtale
891 4773 988 4826 corpus
1011 4771 1114 4808 summe
1136 4755 1229 4809 album
1250 4761 1280 4808 et
1300 4755 1422 4828 nignrm,
1452 4759 1522 4826 quod

146 4849 220 4906 anal
241 4846 284 4901 sit
306 4835 499 4912 pellucidum.
514 4828 537 4892 ⁸)
