3674 5538
318 240 377 308 158
783 241 973 310 Paralipomenon
990 247 1016 295 in
1035 241 1201 297 vitellianum.

310 417 423 480 habere
456 419 572 482 censeri
604 429 741 499 possunt.
789 419 861 483 Sive
893 441 964 502 ergo
996 423 1083 485 radio
1114 429 1217 486 creato
1250 423 1343 486 semel
1375 423 1493 488 infinita
1524 427 1589 489 sire
1619 426 1667 489 bis

315 506 433 568 infinita
456 507 572 570 tribuas
596 509 694 571 latera
715 509 839 588 perinde
863 517 920 572 est.

400 596 525 658 Lemma
547 597 571 658 I.
597 596 636 657 ad
659 597 895 677 propositionem
919 607 1103 679 sequentem.
1149 598 1359 679 Triangula
1392 601 1572 682 aequales
1605 603 1667 666 vel

311 685 463 746 easdem
487 685 826 764 aequidistantium
842 687 991 750 duarum
1009 686 1204 767 portiones
1224 689 1394 751 cruribus
1417 689 1667 771 intercipien-

311 774 364 836 tia
401 775 654 838 terminantur
685 774 892 837 verticibus
935 776 979 837 ad
1029 776 1182 837 tertiam
1228 777 1559 857 aequidistantem.
1617 779 1668 842 Sit

451 879 505 944 rig.
525 875 568 926 tl.
712 870 796 924 recta
818 863 901 926 NEP
924 864 1021 926 divisa
1044 865 1075 925 in
1103 864 1242 944 aequalia
1264 864 1292 926 in
1317 864 1344 926 E
1368 865 1454 947 eique
1482 867 1668 948 aequidistet

661 955 682 1040 f
710 949 798 1014 FOG
830 951 969 1014 similiter
1000 951 1099 1014 divisa
1130 952 1159 1013 in
1192 953 1332 1032 aequalia
1363 955 1393 1015 in
1424 953 1461 1017 Ο.
1508 955 1669 1018 Ducentur

710 1047 811 1102 rectae
826 1040 891 1114 ΡΟ,
914 1040 977 1117 ΕΡ,
1002 1041 1096 1104 donec
1120 1050 1299 1103 concurrant
1321 1043 1351 1102 in
1366 1043 1405 1104 K.
1443 1043 1558 1107 Eodem
1577 1045 1667 1107 modo

710 1130 857 1192 ducantur
878 1128 951 1204 ΕΟ,
976 1131 1031 1192 NF
1053 1130 1102 1191 vel
1125 1127 1196 1205 PG,
1221 1130 1316 1192 donec
1339 1141 1519 1194 concurrant
1541 1133 1572 1195 in
1597 1135 1613 1196 Ι
1637 1141 1670 1193 et

710 1226 928 1280 connectantur
950 1219 989 1294 K,
1014 1219 1039 1294 1,
1064 1217 1130 1280 dico
1147 1217 1194 1278 KI
1218 1218 1421 1298 aequidistare
1444 1220 1568 1286 basilius
1584 1220 1671 1284 ΝΕΡ

710 1314 743 1366 et
765 1304 861 1369 FOG.
908 1306 987 1368 Nam
1011 1307 1040 1368 in
1073 1306 1234 1386 triangulis
1258 1305 1350 1380 ΝΕΙ,
1374 1306 1445 1370 FOI
1477 1309 1565 1389 aequi
1596 1317 1670 1372 sunt

711 1395 811 1474 anguli
835 1393 922 1470 NEI,
947 1393 1018 1456 FOI
1042 1394 1095 1466 (Ε.
1120 1395 1143 1469 Ι,
1169 1393 1237 1468 29).
1285 1394 1337 1458 Sic
1366 1406 1399 1458 et
1419 1397 1506 1472 ΕΝΙ,
1542 1395 1613 1460 OFI
1637 1407 1671 1460 et

711 1483 875 1546 communis
898 1485 936 1546 ad
961 1483 986 1544 Ι.
1032 1483 1243 1563 Aequiangula
1275 1482 1365 1562 igitur
1400 1493 1470 1548 eunt
1502 1485 1665 1566 triangula,

712 1579 743 1632 et
767 1571 818 1644 (Ε.
845 1572 900 1645 VI,
923 1567 961 1646 l)
994 1570 1093 1634 latera
1124 1571 1369 1652 proportionalia.
1417 1571 1519 1644 Quare
1551 1583 1587 1636 ut
1609 1575 1668 1640 ΝΕ

712 1660 751 1720 ad
768 1657 822 1722 FO
847 1660 890 1720 sic
910 1660 1005 1722 Elati
1020 1658 1074 1722 01.
1112 1660 1228 1722 Eodem
1251 1661 1338 1722 modo
1362 1661 1508 1740 probator
1531 1664 1559 1724 in
1582 1662 1668 1726 EPK

712 1757 743 1810 et
758 1746 851 1821 ΡΟΚ,
877 1768 943 1811 esse
967 1757 1002 1810 ut
1016 1749 1069 1810 ΕΡ
1092 1748 1130 1810 ad
1144 1746 1198 1810 FO
1222 1748 1266 1810 εἰσ
1280 1749 1337 1810 PK
1356 1750 1394 1810 ad
1409 1749 1477 1822 OK.
1510 1752 1667 1832 Aequales

712 1856 782 1898 vero
806 1837 868 1912 ΕΡ,
892 1838 959 1900 ΕΝ.
997 1837 1042 1900 Ut
1063 1837 1155 1916 igitur
1177 1837 1233 1900 ΝΕ
1256 1839 1296 1900 ad
1317 1835 1372 1900 FO
1396 1839 1440 1902 sic
1459 1840 1516 1902 PK
1539 1842 1578 1902 ad
1599 1839 1668 1903 OK.

710 1925 799 1988 Prius
831 1945 902 1988 vero
931 1927 973 1988 sic
1006 1925 1097 1988 etiam
1128 1934 1195 1988 erat
1216 1926 1261 1988 ΕΙ
1284 1927 1323 1988 ad
1348 1925 1406 2002 01,
1441 1947 1531 2008 quare
1556 1937 1589 1990 nt
1613 1929 1670 1990 PK

713 2014 751 2075 ad
775 2012 834 2075 OK
857 2014 901 2077 εἰσ
923 2013 968 2076 ΕΙ
992 2014 1029 2075 ad
1054 2012 1107 2076 OI.
1144 2014 1187 2076 Et
1210 2013 1260 2088 (Ε.
1277 2015 1316 2089 V,
1339 2013 1375 2088 5)
1398 2023 1433 2078 ut
1455 2015 1510 2078 ΡΟ
1534 2019 1573 2080 ad
1598 2017 1669 2093 OK,

714 2101 758 2162 εἰσ
782 2100 837 2164 ΕΟ
861 2103 901 2164 ad
924 2101 978 2178 01,
1004 2111 1036 2164 et
1057 2103 1252 2182 permutatim
1276 2111 1309 2165 ut
1332 2102 1386 2165 ΡΟ
1412 2104 1525 2188 adolf
1549 2108 1592 2169 εἰσ
1608 2104 1670 2168 ΚΟ

315 2193 353 2260 ad
387 2192 441 2255 01.
488 2191 547 2254 Est
578 2198 679 2252 autem
712 2188 796 2252 ΕΟΡ
829 2192 964 2271 aequalis
994 2191 1103 2270 angulo
1130 2189 1206 2253 IOK
1238 2193 1277 2254 ad
1308 2193 1452 2255 uerticem
1482 2195 1552 2256 sito.
1597 2195 1670 2256 Tri-

315 2282 426 2361 angula
459 2280 550 2360 igitur
572 2277 673 2354 EOP,
697 2277 774 2340 IOK
797 2279 848 2352 (Ε.
874 2279 933 2354 VI,
960 2275 995 2353 6)
1028 2287 1099 2340 aunt
1128 2279 1328 2360 aequiangula
1360 2289 1392 2342 et
1425 2285 1567 2364 aequales
1599 2291 1672 2345 sunt

315 2368 391 2432 ΟΚΙ
415 2370 463 2430 vel
485 2369 558 2430 ΡΚΙ
581 2376 612 2428 et
635 2365 717 2428 ΟΡΕ
741 2368 788 2428 vel
812 2367 905 2428 KPE.
944 2365 1045 2438 Quare
1070 2367 1120 2442 (E.
1136 2368 1162 2441 Ι,
1178 2365 1246 2446 28),
1270 2367 1323 2432 ΕΡ
1347 2377 1378 2430 et
1401 2369 1445 2432 KI
1470 2379 1540 2434 sunt
1562 2373 1670 2452 aequi·

316 2459 473 2520 distantes.
521 2457 604 2517 idem
637 2457 730 2518 etiam
763 2457 800 2518 de
823 2453 906 2518 EPK
934 2465 966 2517 et
988 2457 1057 2518 ΕΡΙ
1087 2475 1189 2518 verum
1222 2465 1290 2532 est;
1323 2477 1400 2538 quae
1432 2459 1517 2520 basin
1550 2461 1670 2540 quidem

316 2565 517 2616 communem,
539 2544 693 2625 portiones
723 2563 793 2605 vero
822 2543 1054 2624 aequidistantis
1077 2543 1133 2606 FG
1157 2546 1299 2625 aequales
1327 2547 1531 2628 intercipiunt.
1576 2547 1672 2610 Petet

319 2655 391 2716 ergo
415 2633 610 2716 propositum.
1041 2641 1042 2646 ’

403 2725 530 2786 Lemma
552 2723 593 2785 Π.
617 2720 788 2784 Problema.
828 2719 1006 2783 Punctum
1030 2719 1210 2796 iuvenire,
1235 2723 1329 2800 quod
1353 2722 1512 2786 totidem
1536 2722 1671 2786 diame-

315 2813 388 2874 tris
413 2810 579 2874 lucentia
604 2810 728 2872 distet
752 2827 770 2870 a
794 2810 958 2886 lucente,
984 2817 1074 2890 quot
1101 2807 1298 2872 diarnetria
1327 2812 1526 2874 fenestrae
1551 2813 1673 2875 distat

317 2901 538 2962 afenestra.
586 2898 634 2960 Sit
655 2897 740 2960 NEP
772 2897 918 2961 diameter
951 2897 1092 2974 lucentis,
1126 2899 1212 2978 eique
1244 2899 1451 2978 aequidistans
1478 2908 1511 2961 et
1540 2920 1671 2982 perpen-

230 3020 237 3030 ·
318 2988 497 3051 dicnlariter
530 2988 668 3067 subjecta
699 2983 786 3047 FOG
818 2987 965 3048 diameter
998 2987 1167 3060 fenestrae,
1202 2995 1234 3048 et
1264 2985 1320 3049 ΕΟ
1349 2989 1605 3068 perpendicularis
1633 2989 1672 3052 ad

319 3086 488 3156 utramque.
535 3075 691 3136 Ducentur
715 3093 753 3136 ex
774 3075 803 3136 N
827 3083 859 3135 et
883 3073 908 3136 P
930 3081 1030 3136 rectae
1058 3094 1112 3155 per
1135 3075 1160 3136 F
1183 3083 1214 3136 et
1237 3073 1267 3136 G
1290 3077 1447 3152 terminos,
1478 3077 1572 3140 donec
1595 3097 1670 3140 cou-

317 3173 451 3228 currant.
500 3161 671 3226 Concursus
695 3163 736 3224 sit
758 3163 794 3223 I:
824 3163 890 3224 dico
915 3162 971 3224 hoc
995 3182 1063 3224 esse
1090 3172 1230 3244 punctum
1258 3163 1444 3244 imperatum.
1492 3163 1567 3228 Cum
1592 3165 1672 3228 enim

317 3254 346 3314 in
372 3252 525 3330 triangulo
548 3249 622 3314 ΝΙΕ
646 3250 735 3312 lateri
758 3251 815 3312 ΝΕ
839 3251 1021 3330 aequidistet
1044 3249 1112 3320 FO,
1142 3253 1201 3313 erit
1230 3261 1264 3314 ut
1286 3252 1331 3315 IO
1360 3254 1398 3314 ad
1422 3251 1477 3316 OF
1500 3255 1543 3316 εἰσ
1566 3255 1610 3316 ΙΕ
1634 3254 1673 3316 ad

318 3341 396 3413 ΕΝ,
431 3359 522 3421 quare
545 3348 579 3401 ut
601 3337 664 3412 10,
700 3339 845 3414 distantia
868 3339 883 3400 1
908 3338 945 3400 ab
970 3338 1008 3415 Ο,
1032 3341 1070 3401 ad
1094 3337 1158 3401 FG'
1174 3341 1308 3420 duplam,
1341 3360 1416 3422 quae
1446 3351 1494 3404 est
1524 3344 1673 3405 diameter

318 3431 482 3502 fenestrae,
507 3427 550 3490 εἰσ
570 3427 612 3489 ΙΕ
636 3427 784 3488 distantia
803 3429 820 3489 1
843 3428 880 3489 ab
901 3427 927 3489 Ε
952 3428 1069 3502 lucente
1093 3429 1132 3488 ad
1151 3429 1216 3504 NP,
1240 3430 1362 3508 duplam
1385 3430 1425 3491 ad
1439 3429 1495 3492 ΝΕ
1519 3439 1551 3492 et
1574 3431 1672 3494 dime-

317 3519 443 3580 tientem
477 3517 623 3590 lucentis,
646 3517 736 3596 -quod
769 3523 835 3577 erat
868 3515 1046 3578 faciendum.
1103 3516 1180 3578 Hinc
1218 3526 1319 3580 autem
1353 3525 1458 3598 patet,
1492 3519 1670 3593 diametrum
1802 3579 1805 3590 ,

319 3607 471 3669 fenestrae
496 3604 606 3667 debere
629 3605 774 3666 minorem
798 3624 875 3680 esse,
900 3623 987 3684 quarn
1011 3605 1148 3666 lucentis.
1204 3609 1208 3616 '

409 3693 573 3774 PropVI.
600 3691 685 3754 Cum
710 3696 878 3755 fenestra
901 3693 1063 3755 totidem
1086 3694 1165 3754 suis
1189 3693 1671 3776 dimetientibusapariete

318 3785 460 3857 distat,
496 3790 585 3863 quot
618 3783 843 3862 superficies
877 3782 1003 3844 lucens
1036 3782 1135 3843 suis:
1170 3781 1338 3844 confusio
1378 3783 1579 3864 figurarum
1613 3792 1672 3846 est

317 3870 619 3943 evidentissima,
643 3880 679 3932 et
703 3871 822 3950 figura
845 3870 940 3931 radii
965 3889 1007 3931 ex
1037 3889 1150 3950 aequo
1177 3869 1388 3950 participat
1411 3872 1452 3933 de
1476 3872 1671 3952 utriusque

318 3961 457 4040 figura.
503 3959 556 4021 At
578 3978 653 4020 oum
676 3959 913 4039 paucioribus
938 3959 1016 4021 suis
1040 3958 1324 4020 dimetientibus
1349 3960 1459 4021 abest
1482 3980 1501 4020 a
1523 3961 1672 4041 pariete

318 4037 500 4122 fenestia,
527 4048 650 4126 figura
673 4049 768 4110 radii
793 4048 962 4127 situsque
986 4046 1067 4126 ejus
1090 4047 1243 4128 propius
1267 4048 1418 4110 accedit
1441 4047 1487 4110 ad
1511 4049 1671 4128 figuram

317 4141 515 4199 fenestrae.
573 4134 658 4197 Cum
694 4155 781 4197 vero
814 4138 946 4197 lucens
983 4135 1227 4215 paucioribus
1266 4135 1343 4197 suis
1388 4136 1672 4199 dimetieutibus

317 4228 424 4288 abest
455 4247 474 4286 a
504 4224 661 4305 pariete,
699 4225 823 4305 figura
857 4223 952 4286 radii
976 4223 1090 4303 magis
1123 4224 1291 4286 imitatur
1323 4223 1481 4304 figuram
1512 4223 1672 4287 lucentis

318 4333 447 4376 everso
471 4313 557 4388 situ,
584 4321 621 4374 et
644 4331 710 4394 quo
730 4313 846 4392 inagis
874 4312 980 4386 illud,
1010 4313 1076 4374 hoc
1103 4312 1217 4392 magis
1246 4321 1284 4374 et
1309 4311 1384 4375 hoc.
1427 4311 1476 4374 Sit
1500 4313 1672 4393 superficies

318 4405 420 4465 lucens
444 4399 593 4476 QRSPN,
617 4409 720 4464 centro
743 4401 784 4470 Ε,
808 4401 955 4463 diametro
978 4400 1043 4470 NP,
1068 4401 1110 4462 sit
1132 4409 1164 4463 et
1186 4402 1321 4462 fenestra
1339 4400 1435 4474 ΕΟΡ,
1459 4401 1507 4464 oui
1524 4401 1672 4496 liucia-

319 4498 414 4552 meter
437 4497 469 4550 et
490 4498 558 4552 tota
584 4489 680 4569 figura
708 4489 891 4570 aequidistet
917 4489 1204 4568 perpendiculariter
1236 4489 1383 4568 subjecta.
1425 4489 1563 4552 Ducatur
1585 4509 1623 4552 ex
1645 4489 1672 4550 Ε

318 4578 571 4655 perpendicularis
594 4597 648 4658 per
671 4577 718 4650 Ο,
751 4597 826 4660 quae
850 4577 891 4639 sit
913 4577 965 4640 ΕΙ.
1011 4576 1054 4638 Et
1076 4579 1107 4640 in
1135 4577 1215 4641 linea
1235 4577 1279 4640 ΕΙ
1302 4595 1355 4656 per
1377 4579 1487 4640 lemma
1510 4579 1672 4642 secundum

320 4665 488 4728 inveniatur
519 4674 675 4745 punctum,
710 4667 789 4746 qood
826 4666 951 4729 totidem
985 4666 1147 4728 fenestrae.
1179 4666 1333 4729 diametris
1363 4667 1445 4730 absit
1476 4686 1495 4727 a
1527 4667 1671 4739 fenestra,
