3674 5538
785 275 868 342 epa:
886 275 905 328 1·
1466 277 1529 347 mn

169 451 323 530 objecti,
358 469 531 532 quaeque
564 469 629 532 pro
662 470 752 516 suae
785 452 1112 516 fortitudinievel
1140 453 1342 518 densitatis
1375 473 1528 536 propor-

169 541 279 615 tione,
314 539 415 602 uude
440 559 555 602 novus
586 540 722 602 existit
753 541 853 602 color
877 559 939 602 seu
971 541 1098 619 potius
1123 539 1183 604 lux
1216 545 1346 620 genita
1378 544 1531 610 diversa

171 630 211 690 ab
240 629 330 692 aliis
360 629 541 692 amnibus.
600 630 680 692 Nam
713 630 782 710 quia
814 630 994 709 quantitatis
1027 639 1098 692 sunt
1129 633 1294 710 participes
1327 652 1451 708 orrrnes,
1485 635 1529 696 uti

171 719 318 782 attenuari
341 725 469 800 potuere
501 718 647 780 hactenus
671 717 715 785 sic
739 718 804 798 jam
829 724 860 778 et
888 718 1069 780 accumulari
1103 728 1237 797 possunt
1283 721 1353 785 Non
1377 740 1448 784 vero
1473 722 1529 788 noe

172 807 198 870 iu
220 807 383 888 pellucido,
408 807 481 888 qnia
503 826 560 870 non
584 816 657 870 sunt
678 808 709 868 in
724 824 759 870 eo
784 815 932 886 quatenus
948 807 1019 879 tale,
1045 807 1099 868 sed
1119 807 1183 888 jam
1207 808 1414 875 transiverunt
1435 812 1530 876 illud:

171 897 223 958 sed
247 897 277 958 in
302 897 435 974 objecto,
460 896 530 977 quia
553 897 581 958 in
607 895 663 958 hnc
686 895 813 976 primurn
836 903 908 975 post
930 913 1115 974 egressurae
1136 914 1259 976 corporo
1283 917 1338 960 suo
1361 901 1532 964 consistunt

172 996 202 1046 et
224 985 367 1064 figuntur.
416 982 647 1047 Confunduntur
669 993 790 1056 autem,
813 985 883 1064 quia
905 1003 961 1064 per
987 980 1035 1046 16.
1067 985 1221 1064 quaelibet
1244 1007 1263 1048 a
1285 987 1388 1050 colore'
1419 988 1531 1068 objecti

172 1084 273 1137 mutuo
297 1073 423 1156 patitur.
469 1073 511 1136 Et
535 1093 629 1136 novus
654 1073 759 1136 existit
777 1075 860 1136 color
876 1071 1007 1148 radians,
1033 1073 1105 1152 qnia
1124 1093 1177 1152 per
1200 1073 1250 1138 15.
1274 1075 1391 1140 colores
1415 1086 1532 1144 tantum

172 1163 317 1242 gradibus
345 1162 422 1226 lucis
450 1171 482 1224 et
514 1163 704 1226 tenebrarum
737 1162 895 1236 differunt,
928 1163 1049 1224 varient
1080 1181 1150 1226 vero
1183 1163 1260 1227 bunc
1292 1165 1417 1244 gradum
1451 1166 1532 1230 luces

173 1251 395 1323 accumulatae,
420 1270 511 1332 quare
536 1261 568 1314 et
591 1252 719 1315 colorem
744 1252 852 1332 ipsum.
1602 1313 1607 1322 ,

260 1341 351 1421 Prop.
384 1339 504 1403 XXIX.
562 1338 646 1403 Cum
679 1349 737 1402 est
775 1339 1019 1402 immoderata
1057 1340 1247 1420 proportio
1283 1352 1405 1406 mutua
1436 1341 1534 1405 inter
1586 1335 1591 1343 ’

174 1434 274 1492 luces
314 1429 360 1492 ad
397 1429 491 1490 idem
529 1427 716 1508 objectum
753 1428 983 1490 allabentes:
1021 1448 1158 1490 sensus
1194 1447 1265 1492 non
1309 1431 1534 1497 internoscit

174 1525 289 1581 lucem
325 1517 553 1592 debiliorem.
609 1517 816 1581 internoscere
851 1516 929 1578 enim
967 1523 1016 1578 est
1058 1536 1231 1599 comparare
1268 1538 1322 1582 seu
1362 1520 1532 1604 discernere

175 1609 306 1672 officium
339 1626 446 1669 sensus
479 1606 593 1669 visorii.
640 1607 684 1670 Ut
711 1625 782 1668 vero
814 1605 984 1686 proportio,
1018 1605 1062 1668 sic
1096 1615 1127 1668 et
1156 1608 1350 1686 comparatio.
1398 1607 1432 1670 Si
1461 1629 1533 1688 ergo

179 1695 391 1777 proportiones
416 1695 546 1758 colorum
572 1715 625 1756 seu
649 1696 822 1758 claritatum
838 1715 941 1758 ornnes
964 1695 1126 1758 internosci
1150 1705 1285 1774 possent,
1310 1716 1376 1759 cum
1401 1698 1533 1760 infinitae

178 1787 239 1848 siut
263 1785 293 1846 in
317 1783 533 1864 magnitudinis
548 1785 743 1860 incremento,
768 1785 962 1848 discretivam
982 1784 1160 1846 facultatem
1183 1784 1330 1848 infinitam
1350 1805 1418 1848 esse
1441 1805 1532 1866 opor-

179 1885 273 1945 teret,
306 1875 385 1954 quod
413 1883 527 1954 negant
558 1872 684 1954 physici.
732 1871 878 1936 Omnibus
911 1872 991 1934 enirn
1024 1873 1221 1936 facultatibus
1254 1875 1399 1940 sensariis
1432 1885 1533 1940 cenae

178 1974 249 2025 sunt
272 1962 481 2044 praescriptae
506 1961 594 2024 vires.

269 2051 362 2131 Prop.
394 2050 499 2112 XXX.
555 2049 677 2112 Luces
716 2051 915 2112 coloratae
950 2049 984 2110 iu
1025 2050 1308 2128 superficiebus
1347 2052 1409 2127 iis,
1442 2072 1534 2133 qnae

178 2140 256 2203 luci
281 2139 693 2220 cognatiorcsrhabent
716 2139 882 2214 colores,
908 2148 945 2200 ut
968 2138 1003 2200 in
1028 2137 1142 2212 albis,
1172 2139 1318 2206 clarius
1345 2151 1536 2221 apparent

176 2249 283 2311 qnam
308 2227 344 2290 in
367 2227 498 2308 nigris.
546 2225 624 2291 Cum
647 2227 726 2293 eninr
751 2228 825 2290 lucis
849 2246 924 2307 opus
949 2227 990 2290 sit
1013 2227 1192 2301 illustratio,
1217 2247 1274 2310 quo
1298 2230 1417 2309 peticus
1441 2249 1536 2302 mum,

177 2330 210 2382 ut
233 2317 335 2380 omnia
357 2316 498 2398 agentia,
533 2316 590 2380 sibi
613 2317 710 2378 simile
734 2315 862 2392 reddat,
891 2317 977 2396 cique
1001 2315 1044 2378 sit
1072 2318 1240 2380 contrarius
1264 2320 1346 2380 color
1369 2337 1423 2382 seu
1447 2327 1534 2380 teue-

177 2407 322 2482 brositas,
347 2406 397 2469 ubi
421 2407 537 2468 colores
562 2406 601 2468 ad
625 2406 769 2470 tenebras
792 2406 860 2485 plus
884 2405 1052 2478 accedunt,
1077 2416 1111 2467 ut
1132 2406 1227 2492 nigpi,
1257 2406 1406 2470 difficilior
1430 2407 1537 2471 existit
1589 2457 1599 2464 .

177 2495 355 2559 illustratio.
401 2493 444 2556 Et
468 2496 537 2574 (per
560 2493 612 2570 28,
639 2492 697 2568 29)
730 2495 855 2574 nigredo
886 2494 982 2556 vincit
1011 2494 1039 2556 in
1074 2494 1193 2569 colore,
1227 2495 1276 2576 qni
1309 2496 1347 2560 ab
1380 2495 1536 2558 illustrata

177 2585 336 2666 superficie
368 2581 479 2648 radiat.
526 2584 636 2664 Minus·
660 2585 760 2664 itaque
794 2583 895 2666 radiat
918 2604 937 2645 a
964 2583 1051 2662 nigra
1079 2601 1167 2663 quam
1195 2584 1234 2646 ab
1262 2584 1333 2647 alba
1365 2584 1531 2665 superficie,

178 2675 278 2736 minus
302 2673 394 2752 igitur
418 2680 449 2735 et
472 2672 611 2736 cernitur.

211 2795 214 2800 v
266 2761 358 2842 Prop.
382 2761 500 2824 XXXI.
547 2761 698 2835 Posito,
723 2760 814 2839 quod
839 2757 1033 2822 ermultis
1057 2778 1161 2822 unum
1190 2759 1536 2840 aliquemcoloram

178 2871 298 2933 aeque
322 2852 424 2912 clare
448 2851 481 2912 iu
506 2850 624 2930 nigris
647 2849 841 2928 percipere
865 2867 1036 2930 queamus
1060 2867 1102 2910 ac
1125 2849 1161 2910 in
1185 2849 1282 2910 albis
1311 2851 1535 2929 superficie-

179 2943 263 3004 bus:
291 2940 387 3022 quod
404 2958 469 3018 per
492 2937 868 3003 accommodationem
885 2936 1057 3000 fortioris
1076 2936 1169 2999 lucis
1188 2937 1232 3000 ad
1251 2937 1393 3017 nigram
1410 2957 1535 3019 super-

180 3031 305 3092 ficiem
329 3026 514 3110 pracstari
538 3035 677 3108 potest:
707 3025 782 3106 jam
814 3025 1034 3090 discrimina
1062 3025 1222 3090 colorum
1250 3026 1400 3093 illorum
1422 3027 1538 3107 juxta

180 3117 400 3182 seinvicem
425 3117 657 3180 radiantium
689 3115 830 3178 rectius
863 3115 1088 3180 notabuntur
1110 3114 1144 3177 in
1177 3115 1287 3195 nigra
1316 3117 1535 3196 superficie,

181 3227 292 3291 quam,
309 3207 345 3270 in
369 3207 463 3269 alba.
501 3206 580 3270 Nam
600 3206 671 3286 quia
685 3204 756 3267 alba
774 3203 945 3284 superficies
960 3205 1085 3268 multam
1098 3202 1193 3266 habet
1215 3204 1395 3280 claritatem,
1420 3206 1538 3270 colores
1637 3277 1639 3282 ,

183 3297 340 3360 radiantes
363 3295 422 3357 luci
444 3294 604 3358 viciniores
637 3294 831 3356 vehementer
860 3293 1030 3355 clarescent
1051 3312 1105 3373 per
1128 3290 1182 3366 28,
1206 3303 1239 3356 et
1261 3293 1305 3356 sic
1333 3295 1539 3358 obliterabuut

182 3387 299 3450 colores
323 3385 409 3464 nigro
434 3383 593 3446 viciniores
616 3402 670 3463 per
693 3379 746 3448 29.
793 3382 827 3444 ld
851 3400 909 3444 nnn
934 3392 983 3443 est
1004 3400 1070 3443 cnm
1101 3382 1313 3461 superficiebus
1337 3383 1446 3458 nigris,
1470 3383 1541 3462 qnia

182 3486 252 3538 sunt
286 3473 389 3552 potius
422 3472 553 3551 privatio
587 3472 673 3534 lucis.
720 3469 864 3552 Sequitur
897 3469 964 3532 hinc
997 3489 1051 3532 ceu
1084 3471 1273 3534 corollarium
1301 3472 1339 3534 ad
1365 3469 1408 3534 30
1432 3480 1463 3532 et
1485 3469 1540 3546 nr,

183 3564 283 3626 radios
309 3562 349 3624 ad
372 3563 475 3640 nigras
499 3559 672 3640 superficies
696 3561 829 3638 allapsos
853 3558 1098 3634 distinctissime,
1132 3559 1171 3621 ad
1194 3559 1281 3622 albas
1314 3561 1540 3623 evidentissime

182 3651 316 3734 percipi:
350 3650 433 3712 etsi
462 3650 635 3729 superficies
660 3649 701 3711 sit
723 3649 831 3710 media
854 3647 932 3709 inter
964 3647 1079 3728 nigram
1107 3657 1139 3710 et
1170 3649 1280 3724 albam,
1305 3648 1469 3727 cujusmodi
1493 3656 1542 3710 est

184 3742 337 3814 caerulea,
362 3739 457 3800 diluta
480 3738 572 3801 rubeo
596 3737 668 3800 alba
691 3746 723 3800 et
747 3737 876 3810 similes,
911 3738 972 3798 fere
1006 3735 1174 3816 aequaliter
1197 3757 1230 3798 se
1253 3737 1423 3798 habituram
1446 3745 1479 3796 et
1501 3735 1541 3796 ad

184 3831 301 3894 colores
326 3827 462 3908 singulos
487 3827 579 3888 etad
604 3845 706 3888 eorum
729 3826 908 3896 discrimina¹
925 3821 1131 3898 reddenda.¹')

272 3919 365 3997 Prop.
390 3915 525 3978 xxxn.
573 3915 685 3977 Lucis
708 3915 900 3996 proprium
923 3923 981 3976 est
1004 3914 1119 3975 calor.
1154 3911 1266 3974 Posset
1288 3911 1418 3990 probari,
1444 3911 1541 3974 lucem

187 4029 252 4069 esse
278 4006 422 4081 calidam,
448 4024 485 4066 ex
508 4004 662 4086 principiis
687 4003 814 4066 anobis
839 4003 993 4065 assumtis.
1038 4001 1117 4066 Nam
1142 3999 1168 4062 si
1194 3999 1259 4062 vita
1280 4018 1377 4062 rerum
1401 3999 1543 4063 consimit

185 4099 211 4160 in
235 4099 355 4171 calore,
383 4097 491 4174 luxque
516 4093 662 4154 fovendae
687 4093 729 4155 illi
754 4092 908 4154 destinata
931 4101 997 4166 est,
1026 4089 1193 4153 calefacere
1221 4087 1313 4169 igitur
1336 4087 1450 4152 debuit.
1497 4090 1540 4152 At

185 4207 269 4250 omne
294 4203 393 4266 egem
417 4182 476 4244 sibi
500 4181 669 4244 assimilare
693 4181 800 4244 nititur
814 4181 844 4242 id
864 4181 943 4260 quod
965 4179 1089 4260 patitur.
1127 4178 1237 4242 Nitens
1260 4175 1351 4255 igitur
1366 4177 1416 4238 lux
1440 4187 1539 4240 mate-

184 4277 253 4338 rium
283 4274 457 4338 calefacere
489 4271 557 4351 ipsc
589 4271 647 4332 erit
676 4270 786 4333 calida.
834 4267 897 4330 Sed
925 4268 1098 4341 stabiliam,
1128 4267 1207 4347 quod
1230 4265 1310 4339 dixi,
1341 4266 1540 4348 experientia.

167 4365 253 4441 ,Sola
276 4381 411 4444 namque
436 4360 487 4422 lux
509 4377 628 4441 sernpcr
651 4369 682 4421 et
706 4359 815 4439 ubique
838 4377 906 4420 cunr
933 4357 1032 4438 aliquo
1060 4355 1160 4416 calore
1184 4365 1245 4430 est,
1274 4373 1328 4434 pro
1352 4373 1425 4416 suae
1448 4355 1541 4416 cleri-

182 4457 253 4518 tatis
276 4451 415 4518 modulo.
462 4449 510 4510 De
524 4445 625 4512 Solari
649 4450 715 4510 luce
738 4455 826 4529 patet
847 4445 1022 4520 clarissime,
1047 4444 1117 4525 qnia
1140 4444 1215 4506 haec
1239 4450 1273 4504 et
1293 4442 1464 4506 clarissima
1482 4451 1540 4506 est.

180 4546 223 4608 De
245 4546 384 4608 siderum
419 4539 486 4600 luce
518 4537 668 4599 claritatis
702 4537 779 4598 ratio
812 4543 957 4610 testatur,
991 4535 1120 4595 calorem
1153 4531 1358 4595 universorum
1384 4531 1412 4592 in
1436 4532 1542 4594 minori

243 4677 329 4686 -....⁴--
342 4667 506 4680 -fflffl

205 4807 211 4820 ¹
261 4741 291 4814 *l
314 4733 483 4806 Propositio
505 4732 551 4788 31.
581 4721 641 4788 cuni
670 4749 720 4790 suo
748 4732 894 4790 corollario
924 4733 1012 4790 fertur
1041 4727 1152 4799 proprie
1178 4728 1213 4785 ad
1234 4727 1303 4796 Cap,
1325 4727 1360 4782 v.
1381 4731 1413 4780 er,
1430 4741 1542 4789 mum

173 4825 273 4882 solcas
294 4823 326 4878 in
349 4813 492 4874 retifnrmi
513 4815 687 4869 reddendam.
