3700 5530
341 297 408 364 618
822 301 862 352 De
880 299 960 353 Stella
975 301 1047 353 liora
1065 301 1216 368 serpentuli

339 476 420 538 linus
450 475 583 537 medians
615 477 827 554 Haganoensis
862 478 893 538 in
923 479 1061 554 Alsatia,
1097 487 1128 539 et
1163 477 1264 540 David
1290 473 1448 539 Fabricius
1476 475 1506 536 in
1536 473 1694 545 Ostfrisia‚

340 565 421 626 idem
452 564 584 625 Michael
615 565 797 626 Maestlinus
829 567 985 646 Tubingae
1018 567 1066 627 die
1104 567 1184 628 festo
1215 565 1377 627 Michaelis
1409 563 1599 642 Archangeli
1633 562 1694 622 sire

339 649 391 716 29.
417 652 501 731 Sept.
531 651 654 715 Juliano
686 654 782 734 stylo,
816 651 845 717 9.
871 655 938 717 Oct.
972 655 1177 735 Gregorian03
1209 673 1264 716 nec
1293 653 1454 735 quisquam
1488 652 1598 713 horum
1627 649 1696 711 nori

339 741 497 822 quidquam
520 741 551 801 in
571 741 698 802 confinio
718 742 809 803 trium
832 744 1019 823 superiorum
1041 745 1230 825 planetamm
1252 744 1310 804 huc
1332 761 1427 824 nsque
1450 739 1597 814 vidisset3
1623 758 1694 800 con-

334 829 451 908 junctio
473 847 545 889 vero
569 831 657 891 Jovis
681 837 713 891 et
735 832 846 893 Martis
879 833 1042 894 secundum
1074 833 1307 912 longitudinem,
1339 851 1414 912 quae
1445 830 1697 910 complementum

338 923 404 978 erat
427 916 645 996 conjunctionis
675 937 823 998 magnae,
857 920 888 981 in
916 922 994 982 hanc
1023 921 1160 983 nltimam
1192 921 1272 982 diem
1295 917 1348 983 29.
1373 921 1457 1000 Sept.
1481 919 1542 979 vel.
1569 915 1601 980 9.
1628 915 1695 978 Oct.

337 1005 511 1066 incidisset:

428 1093 533 1154 statim
557 1101 702 1174 sequente
721 1094 880 1157 Dominica
904 1093 955 1160 30.
981 1095 1065 1176 Sept.
1091 1097 1141 1158 vel
1167 1095 1216 1159 10.
1242 1097 1322 1172 Oct,
1347 1115 1422 1177 qnae
1449 1095 1548 1175 prima
1578 1091 1640 1152 fuit
1661 1089 1696 1150 ab

339 1181 447 1250 ultima
470 1181 689 1260 conjunctione,
714 1201 780 1247 cum
802 1193 874 1264 post
896 1203 1035 1246 occasum
1058 1185 1141 1248 Solis
1164 1183 1259 1248 nubes
1281 1192 1432 1247 momento
1447 1181 1598 1263 temporis
1623 1197 1696 1259 ape-

337 1270 482 1345 rirentur,
506 1271 696 1350 supradictus
719 1273 854 1334 Joannes
875 1272 1091 1338 Brunorrslrius
1113 1273 1284 1348 Bohemus,
1314 1273 1578 1352 Meteoroscopiae
1610 1269 1696 1329 unice

337 1358 468 1433 deditus,
492 1359 542 1439 qui
566 1359 829 1423 constellationum
843 1362 1018 1422 coelestium
1034 1363 1173 1423 notitiam
1192 1363 1257 1442 jam
1281 1362 1353 1423 olim
1373 1381 1392 1422 a
1407 1359 1558 1422 naucleris
1576 1359 1609 1419 in
1623 1353 1696 1418 mari

337 1448 557 1510 mediterraneo
587 1449 716 1527 primurn
745 1451 849 1512 hausit
877 1450 1005 1530 indeque
1029 1450 1173 1512 libromm
1195 1471 1251 1512 usn
1281 1458 1312 1511 et
1333 1449 1549 1511 exercitatione
1575 1447 1609 1508 in
1634 1445 1696 1504 dies

338 1535 483 1615 adauget:
507 1535 566 1610 hic,
590 1537 721 1617 inquam,
745 1539 934 1617 planetarum
951 1537 1040 1598 situm
1064 1539 1263 1619 asnperioris
1287 1538 1346 1600 diei
1363 1555 1528 1616 congressu
1553 1531 1695 1616 specula-

337 1631 433 1698 turus,
457 1623 524 1704 ipso
547 1625 614 1685 loco
639 1643 819 1704 congressus
838 1644 893 1706 pro
909 1626 1024 1688 duabus
1048 1635 1111 1689 tres
1130 1627 1316 1689 clarissimas
1340 1627 1447 1688 stellas
1471 1621 1695 1694 animadvertit,

339 1713 428 1775 simul
458 1713 553 1773 nubes
580 1713 677 1773 locum
700 1733 818 1775 rursum
841 1715 997 1795 adspectui
1021 1715 1165 1796 eripuere.
1212 1717 1328 1778 Verum
1351 1715 1403 1778 ille
1427 1721 1542 1789 certus,
1569 1731 1604 1775 se
1628 1707 1695 1771 nori

339 1801 490 1884 quippiam
512 1801 637 1876 vidisse,
661 1821 747 1863 mane
772 1811 915 1884 sequente
938 1824 985 1866 me
1008 1805 1074 1865 adit
1097 1813 1127 1866 et
1149 1805 1291 1886 numquid
1315 1805 1386 1866 novi
1409 1803 1536 1865 viderim
1560 1799 1694 1884 qnaerit;

338 1910 462 1971 cumque
479 1908 631 1970 negarem,
648 1892 741 1952 nubes
757 1891 830 1954 mihi
848 1891 923 1954 coeli
942 1894 1118 1972 adspectum
1127 1893 1221 1956 ullum
1235 1891 1422 1974 praebuisse,
1439 1909 1595 1954 monerem
1614 1907 1693 1960 vero,

337 1998 375 2040 ne
398 1978 565 2064 praecipiti
580 1978 759 2040 credulitate
783 1980 948 2060 imperitior
970 1983 1035 2062 ipse
1059 2001 1097 2042 err
1120 1983 1203 2044 clara
1216 1982 1303 2044 Jovis
1321 1979 1546 2044 stellaNoram
1568 1975 1694 2040 ridicule

339 2067 468 2141 faceret,
500 2067 680 2142 admonens,
714 2069 805 2130 etiarn
838 2078 927 2150 atque
960 2071 1051 2132 etiam
1083 2071 1214 2132 videret:
1246 2071 1312 2151 ipse
1337 2070 1402 2150 jam
1432 2069 1551 2151 quidem
1582 2067 1693 2129 nullum

338 2175 487 2218 rumorem
503 2155 715 2217 seminaturum
730 2156 816 2231 dixit,
831 2159 926 2218 donec
940 2159 1008 2238 ipsa
1022 2157 1192 2220 clarissima
1205 2159 1383 2239 pronunciet
1397 2157 1594 2238 experientia.
1624 2153 1694 2216 Inde

338 2263 393 2325 per
413 2243 555 2305 contiuua
575 2263 629 2304 sex
650 2245 764 2306 dierum
787 2245 889 2306 nubila
912 2249 1063 2308 exstincta
1078 2247 1136 2308 fuit
1157 2250 1236 2329 apud
1257 2267 1305 2309 me
1328 2248 1396 2327 ipsa
1418 2247 1510 2308 etiam
1530 2243 1694 2306 denuncia-

339 2333 432 2394 tionis
455 2331 544 2409 hujus
564 2334 722 2408 memoria,
745 2335 942 2397 Brunowskio
966 2343 997 2396 et
1019 2335 1166 2399 Schulero
1191 2357 1257 2398 meo
1285 2336 1377 2398 tacite
1403 2335 1642 2414 advigilantibus
1667 2337 1694 2390 et

340 2439 395 2502 per
402 2422 549 2482 occultam
567 2421 798 2484 aemulationem
812 2423 909 2502 primo
925 2425 1044 2499 sideris,
1060 2424 1085 2485 si
1097 2426 1176 2506 quod
1190 2433 1282 2499 esset,
1298 2425 1454 2506 adspectui
1470 2421 1692 2485 insidiantibus

429 2510 553 2571 Interim
577 2511 625 2572 die
641 2504 725 2591 2112.
744 2511 812 2573 Oct.
838 2511 921 2574 sidus
937 2513 995 2574 hoc
1012 2513 1103 2575 etiarn
1118 2513 1229 2575 Joanni
1244 2513 1378 2575 Antonio
1397 2511 1521 2591 Magino
1537 2509 1692 2574 Bononiae

341 2600 481 2680 apparuit
504 2598 672 2681 fefellitque
694 2599 792 2675 initio,
815 2609 849 2662 ut
872 2601 920 2682 qui
945 2603 1085 2682 antiquus
1108 2603 1159 2664 ille
1175 2603 1296 2682 Jupiter
1319 2611 1377 2677 est,
1400 2621 1496 2664 novae
1521 2619 1608 2662 suam
1631 2597 1693 2658 exi-

342 2689 545 2750 stimationem
568 2689 713 2764 traderet,
735 2690 802 2770 ipse
825 2710 904 2751 nova
927 2691 1107 2754 crederetur.

341 2795 403 2804 ι...-

287 2841 296 2862 “
340 2841 421 2888 nocte
443 2849 479 2888 ea
506 2849 577 2904 quae
604 2833 757 2902 praecessit
788 2833 832 2888 17.
855 2833 902 2889 at.
925 2835 1109 2904 Septembris,
1131 2835 1262 2908 Maginus
1283 2843 1313 2890 et
1337 2834 1476 2908 Origanus
1504 2839 1614 2906 ponunt
1633 2849 1692 2888 con·

337 2913 506 2984 junctionem
527 2913 640 2968 Saturni
660 2919 690 2966 et
709 2913 816 2969 Martis.
845 2915 939 2969 Visum
959 2915 1045 2985 igitur
1066 2915 1213 2970 verisimile
1227 2917 1380 2970 Pomerano
1401 2916 1451 2978 illi,
1472 2917 1585 2972 stellam
1606 2923 1692 2971 ortam

340 3010 376 3048 ea
396 3001 477 3048 nocte
504 2995 557 3049 sub
586 2993 732 3048 articulum
757 2993 956 3062 conjunctionis
982 2995 1123 3066 visamque
1151 3011 1271 3064 vespera
1297 2997 1432 3067 sequenti.
1473 2997 1518 3050 Sic
1538 2994 1692 3066 conjunctio

342 3075 420 3129 Joris
441 3081 472 3127 et
491 3074 591 3128 Martis
612 3091 630 3128 a
650 3074 788 3144 Cypriane
815 3073 941 3128 Leoritio
968 3076 1111 3144 reponitur
1131 3076 1159 3129 in
1181 3075 1226 3130 25.
1243 3075 1320 3146 Sept.
1342 3077 1388 3129 vel
1409 3076 1436 3132 5.
1454 3077 1526 3138 oct„
1549 3075 1692 3148 aMagino

340 3154 369 3208 in
390 3153 436 3206 29.
452 3153 530 3222 Sept.
552 3154 598 3206 vel
619 3154 645 3206 9.
662 3154 722 3206 Oct.
752 3154 871 3208 Medium
892 3160 971 3208 tenet
983 3155 1159 3210 Ererhardus
1174 3155 1265 3226 Belga
1279 3173 1315 3210 ex
1329 3157 1381 3209 fide
1404 3157 1563 3210 tabularum
1584 3169 1692 3210 suarum

342 3227 425 3302 (quas
447 3233 572 3301 proprias
594 3239 622 3284 et
646 3249 683 3286 ex
704 3249 836 3287 annornm
858 3235 895 3287 40
912 3235 1065 3288 observatis
1087 3241 1245 3290 exstructas
1264 3229 1389 3298 asserit),
1412 3252 1549 3304 reponens
1570 3235 1648 3288 illam
1668 3231 1692 3284 in

342 3309 389 3365 28.
411 3309 487 3380 Sept.
508 3313 553 3364 rel
576 3311 602 3365 8.
625 3313 684 3365 Oct.
725 3313 820 3367 Visum
848 3314 935 3384 igitur
962 3314 1109 3368 verisimile
1129 3315 1312 3378 Laurentino,
1343 3313 1453 3369 stellam
1479 3315 1620 3368 incensam
1645 3313 1691 3365 sub

341 3389 487 3445 articulum
517 3389 589 3443 hunc
618 3391 844 3460 probabiliorem,
876 3393 1073 3462 conjunctionis
1098 3393 1174 3448 Joris
1201 3401 1230 3447 et
1250 3395 1358 3449 Martis.
1401 3395 1498 3464 Itaque
1528 3389 1692 3448 confidentia

341 3486 407 3524 usus
429 3471 565 3533 affirmat,
594 3471 820 3526 observatam
841 3473 883 3526 die
906 3473 932 3528 8.
956 3475 1030 3538 Oct,
1051 3475 1099 3528 ubi
1119 3475 1198 3527 fidem
1220 3480 1249 3526 et
1270 3476 1412 3527 candorem
1435 3473 1647 3527 astronomicum
1667 3469 1713 3524 in.

341 3550 509 3622 philosopho
526 3550 592 3620 jure
613 3549 759 3604 desideres.
788 3551 860 3606 Sane
882 3559 912 3606 et
931 3554 1054 3608 calculus
1071 3561 1101 3608 et
1115 3555 1272 3609 observatio
1294 3557 1451 3617 docuerunt,
1474 3553 1692 3622 conjunctionem

341 3631 418 3685 illam
439 3631 524 3686 fnisse
539 3629 612 3685 circa
626 3630 764 3684 meridiem
778 3633 841 3686 noni
857 3633 992 3688 Octobris.
1021 3639 1066 3687 An
1081 3633 1265 3688 aemulatione
1287 3636 1383 3687 ductus
1398 3650 1453 3687 unc
1467 3631 1511 3686 die
1531 3631 1691 3703 praevenire

340 3711 431 3766 voluit
451 3711 535 3766 alium
556 3712 692 3781 quendam
711 3712 812 3765 Italum
834 3707 916 3782 (puto
936 3714 1108 3768 Altobellum
1126 3716 1311 3768 veronensem
1332 3713 1449 3767 vicinum
1469 3729 1557 3776 suum,
1578 3713 1603 3766 si
1624 3714 1690 3766 bene

341 3806 435 3846 eornm
454 3789 572 3856 memini,
594 3806 666 3864 quae
687 3790 753 3846 mihi
767 3791 927 3846 Franciscus
942 3793 1073 3848 Gansneb
1088 3794 1279 3864 Tengnaglius
1298 3794 1326 3848 S.
1342 3795 1371 3848 O.
1387 3792 1499 3862 llqjest.
1515 3791 1690 3847 Consiliarius

341 3889 379 3926 ex
398 3869 487 3926 literis
507 3873 532 3928 J.
553 3870 667 3926 Antonii
688 3871 794 3944 Magini
823 3867 947 3941 retulit),
980 3873 1025 3944 qui
1052 3873 1139 3927 oculis
1167 3875 1261 3928 forsan
1282 3873 1309 3927 in
1331 3876 1446 3928 eandem
1476 3871 1691 3942 conjunctionem

340 3950 417 4006 Joris
438 3957 468 4005 et
487 3951 602 4016 Martis,
632 3967 714 4021 quarn
733 3953 864 4024 Maginus
892 3955 927 4006 ad
949 3953 976 4006 9.
999 3954 1059 4007 Oct.
1085 3953 1178 4022 ponit,
1205 3953 1332 4018 intentis,
1354 3971 1387 4006 eo
1408 3953 1451 4006 die
1473 3969 1544 4006 nono
1567 3948 1690 4006 Octobris

341 4031 457 4100 primurn
479 4037 567 4085 ortam
589 4030 755 4085 affirmabat.
796 4033 960 4086 blaestlinus
982 4033 1089 4102 quidem
1111 4048 1146 4087 ea
1165 4049 1284 4101 vespera
1306 4033 1417 4086 stellam
1438 4033 1556 4085 nandum
1577 4031 1689 4086 viderat.

339 4109 379 4165 Et
398 4110 467 4164 nihil
487 4109 601 4180 impedit
626 4118 771 4182 utrumque
797 4127 892 4165 rerum
913 4127 988 4176 esse,
1014 4111 1120 4166 scilicet
1147 4129 1201 4166 non
1228 4111 1315 4166 risam
1335 4111 1361 4165 in
1383 4109 1485 4164 Suevia
1512 4110 1582 4163 bora
1606 4109 1690 4180 prima

341 4187 448 4254 noctis3
469 4189 557 4244 risam
577 4206 644 4243 rero
663 4189 692 4243 in
712 4191 798 4245 ltalia
819 4191 906 4244 noctis
927 4191 997 4245 hora
1017 4194 1144 4246 secunda.
1186 4191 1283 4247 Subito
1305 4191 1375 4245 enim
1404 4191 1542 4244 incensam
1565 4193 1690 4260 apparet.

341 4269 396 4324 Sed
416 4276 550 4342 pertexat
574 4269 653 4336 nobis
678 4269 822 4324 historiam
849 4285 927 4324 suam
952 4271 1155 4326 Laurentibus:
1190 4272 1244 4334 „Et
1263 4272 1397 4341 primum,
1428 4269 1533 4339 inquit,
1565 4265 1691 4339 apparuit

339 4365 441 4420 parva,
464 4355 494 4403 et
514 4357 614 4418 postea
635 4350 667 4400 de
688 4349 731 4402 die
752 4349 780 4404 in
808 4350 878 4404 diem
909 4353 1054 4404 crescendo
1082 4351 1214 4420 apparuit
1241 4351 1430 4422 magnitudine
1457 4357 1486 4402 et
1513 4347 1614 4402 lumine
1641 4362 1692 4402 non

264 4447 268 4457 '
340 4428 427 4484 multo
448 4428 561 4482 inferior
574 4429 691 4493 Venere,
714 4429 839 4498 superior
858 4429 955 4483 Jove.“
991 4431 1100 4484 Causae
1121 4431 1247 4499 perditae
1268 4431 1456 4492 miseriacus,
1479 4429 1585 4482 scilicet
1605 4435 1690 4482 astro·

340 4507 413 4562 nomi
444 4509 529 4562 ceteri
553 4524 608 4560 non
635 4507 762 4562 viderunt
790 4509 880 4574 illam,
912 4509 976 4579 quia
1001 4525 1090 4578 parva
1119 4511 1179 4564 fuit.
1221 4510 1302 4564 Solus
1330 4508 1530 4572 Laurentinus,
1563 4507 1690 4578 egregius

341 4587 446 4642 scilicet
466 4595 652 4650 astronomus,
679 4587 763 4640 etiam
791 4605 905 4657 parvam
933 4589 1022 4641 adhuc
1048 4587 1250 4643 animadvertit.
1299 4588 1502 4643 Putidissimum
1529 4603 1594 4640 reno
1624 4602 1690 4640 com·

339 4673 461 4721 mentum
481 4670 514 4720 de
534 4665 700 4719 incremento
728 4667 827 4720 senaim
854 4673 949 4736 capto,
976 4685 1036 4720 cum
1061 4669 1155 4722 statim
1180 4669 1258 4722 initio
1280 4669 1323 4721 die
1346 4669 1391 4722 10.
1414 4665 1540 4721 Octobris
1562 4673 1689 4720 anostra

340 4745 549 4817 Brunowskyo,
580 4743 623 4798 die
647 4743 691 4800 12.
719 4747 755 4799 ab
776 4746 895 4799 Antonio
917 4745 1046 4817 Magino,
1077 4747 1209 4803 Helisaeo
1230 4747 1373 4814 Roeslino,
1406 4747 1450 4800 die
1482 4743 1526 4800 13.
1550 4761 1567 4799 a
1587 4743 1690 4799 Daride

341 4823 467 4879 Fabricio
489 4824 596 4881 omnino
617 4831 775 4879 cerneretur
795 4823 923 4880 maxima
