3652 5532
329 287 332 294 ·
380 273 445 342 698
860 275 901 327 uo
919 273 1000 328 aru·
1016 275 1088 328 non
1106 275 1257 344 menan

381 455 466 518 culus
495 472 566 515 vero
594 455 750 517 flammeus
779 463 877 516 atrum
909 453 1025 516 discum
1054 455 1243 520 circumdans
1273 454 1463 536 intelligatur
1491 473 1550 537 per
1581 451 1642 530 Ceo,
1661 453 1706 528 bt.

381 543 482 624 Igitur'
500 541 538 603 ab
560 543 617 605 hac
639 543 722 606 Solis
744 544 882 624 portione
905 545 953 622 γβ,
983 562 1059 626 quae
1082 544 1239 624 superfuit,
1267 552 1349 607 totus
1372 552 1440 621 atr,
1469 544 1584 608 nouis
1606 551 1708 618 matun,

382 634 432 716 qui
456 632 673 694 ciroaLnuam
696 633 726 694 in
751 630 793 708 ζο,
818 633 985 706 sedetis,
1008 632 1296 714 qniiuterLuuam
1321 635 1473 697 etrisum
1496 635 1530 696 iu
1554 632 1677 714 spatici
1704 683 1709 707 ,

381 721 589 786 illustrabatur
604 739 641 782 ex
657 741 771 804 aequo.⁴
798 723 995 804 Nequaquam
1010 722 1103 802 igitur
1120 721 1151 784 iu
1167 724 1248 786 atris
1269 723 1408 804 portione
1422 727 1456 786 rt
1472 723 1594 806 speeies
1608 725 1711 786 mimda

382 811 522 874 deficiens
546 810 706 890 splendore
730 810 911 874 circumfuso
934 811 1158 892 repraesentari
1180 813 1288 892 potuit.

468 899 558 962 Adde
587 900 666 981 quod
696 901 802 964 umbra
823 901 928 963 Lunae
955 923 998 975 aa,
1029 919 1104 982 quae
1134 923 1153 962 u
1178 900 1354 964 Flandriam
1382 919 1443 962 nou
1477 899 1713 981 complectebatur

381 994 467 1070 (pars
490 988 598 1069 quippe
622 989 706 1052 Solis
728 991 762 1070 γβ
784 990 826 1053 ibi
850 989 1015 1064 exstabat),
1039 990 1134 1052 multo
1157 991 1256 1053 adhuc
1286 990 1404 1070 lougius
1426 998 1623 1070 procurreret
1641 991 1713 1052 meri-

381 1076 493 1141 diouali
524 1077 661 1140 lateres
690 1096 797 1142 versus
826 1079 993 1161 Hispaniae
1032 1079 1104 1140 litus
1145 1080 1415 1154 mediterraneum,
1445 1079 1528 1160 qnod
1556 1079 1621 1158 jam
1647 1079 1714 1140 subt

381 1167 589 1247 intelligatur:
619 1168 720 1250 itaque
753 1168 882 1231 cuculus
918 1168 1090 1248 hujusmodi
1119 1177 1185 1231 ater
1220 1167 1380 1250 splendore
1410 1166 1617 1230 circumdatus
1644 1168 1713 1248 plane

381 1275 440 1320 nou
472 1257 751 1337 comprehendisset
773 1257 885 1321 Solem
909 1265 941 1318 et
963 1257 1095 1332 Lunam,
1125 1257 1180 1320 sed
1207 1259 1246 1320 ad
1277 1257 1435 1319 meridiem
1465 1258 1609 1320 stetisset
1632 1265 1713 1318 totns:

382 1346 466 1408 visus
489 1365 561 1408 vero
584 1365 679 1427 parva
702 1347 749 1409 sni
771 1354 867 1428 parte,
890 1346 1052 1426 potissima
1073 1353 1144 1426 post
1166 1355 1284 1410 montes
1307 1345 1443 1409 abiisset
1494 1345 1635 1410 Circulos
1655 1347 1714 1406 euin

379 1429 428 1507 ar,
451 1435 502 1516 qui
525 1437 785 1517 'comprehenditur
813 1435 919 1498 umbra
941 1443 973 1497 et
994 1435 1119 1516 proinde
1142 1443 1209 1500 ater
1239 1443 1384 1518 apparet,
1416 1435 1549 1498 amictus
1579 1435 1713 1515 splendore

383 1524 634 1588 circumsistentis
664 1526 745 1588 ebria
768 1528 807 1602 tp
834 1533 921 1587 extra
951 1523 1119 1600 versantis,
1150 1525 1219 1602 bic,
1242 1527 1378 1606 iuquam,
1411 1525 1562 1600 circulus,
1587 1533 1619 1586 ut
1639 1523 1713 1596 rides,

383 1620 466 1676 totus
490 1614 572 1676 cadit
594 1613 674 1676 iufra
696 1615 806 1676 lineam
829 1619 875 1689 od,
899 1613 929 1676 in
953 1633 1013 1695 qua
1035 1614 1112 1676 imus
1135 1614 1239 1677 Lunae
1262 1633 1367 1696 margo
1390 1632 1429 1676 ex
1452 1637 1471 1676 o
1494 1614 1635 1676 cernitur.

472 1703 664 1784 Quapropter
684 1704 843 1766 materiam
868 1701 959 1765 aliam
979 1703 1072 1766 multo
1096 1704 1300 1766 sublimiorem
1326 1711 1396 1768 aare
1410 1703 1577 1766 Flaudrico
1592 1706 1625 1765 tr
1642 1701 1714 1763 inisse

384 1799 520 1874 oportet,
549 1793 579 1853 iu
606 1813 667 1874 qua
698 1793 816 1874 species
845 1793 982 1854 flammae
1012 1793 1128 1854 discum
1154 1793 1258 1856 Lunae
1289 1801 1387 1856 atrurn
1417 1792 1587 1874 cingentis,
1617 1813 1634 1852 a
1660 1790 1714 1853 Sole

384 1882 884 1963 impressae,repraesentabatur:
909 1889 941 1943 et
958 1881 1191 1945 illustrationem
1215 1882 1335 1964 quidem
1358 1881 1423 1961 ejus
1446 1882 1526 1944 adeo
1550 1883 1712 1954 fortemut

385 1972 444 2034 etsi
467 1970 516 2032 hic
538 1990 654 2052 quoque
672 1979 724 2034 aer
739 1973 773 2034 al
795 1991 813 2032 a
831 1970 981 2052 particula
996 1971 1079 2034 Solia
1094 1973 1129 2050 γβ
1150 1972 1181 2034 in
1196 1971 1342 2034 Flaudria
1359 1979 1443 2033 totus
1466 1977 1537 2033 erat
1559 1971 1713 2040 illustratus,

386 2061 438 2122 ille
461 2068 563 2122 mmeu
586 2059 729 2140 splendor
751 2079 789 2122 ex
811 2058 846 2134 ξὸ
861 2059 908 2121 vel
926 2081 975 2138 prr,
998 2061 1077 2123 huuc
1095 2078 1133 2122 ex
1146 2061 1181 2140 γβ
1199 2061 1271 2123 Sole
1294 2059 1430 2122 vinceret
1445 2069 1478 2123 et
1492 2061 1533 2123 ab
1557 2060 1615 2122 hac
1634 2064 1715 2120 nostn

387 2149 468 2212 atris
489 2152 526 2211 rt
547 2149 749 2212 illustratione
781 2169 841 2212 non
873 2150 1030 2224 confusus,
1063 2169 1122 2212 non
1153 2169 1333 2230 oppressus,
1366 2149 1509 2212 distincta
1540 2149 1571 2212 iu
1594 2173 1612 2212 a
1636 2147 1714 2209 oculos

387 2241 614 2301 observatorum
636 2239 843 2300 descenderet.

473 2327 606 2390 Rursum
628 2328 708 2390 idem
728 2326 914 2408 probabitur,
939 2326 966 2389 si
988 2327 1073 2390 locus
1096 2335 1232 2409 uterque,
1254 2327 1403 2408 Neapolis
1425 2333 1458 2388 et
1478 2327 1640 2401 Leodium‚
1660 2342 1713 2386 con·

385 2417 558 2499 jungantur.
604 2417 674 2480 Nou
703 2427 753 2481 est
779 2415 961 2490 verisimile,
994 2416 1132 2480 omuibus
1161 2416 1238 2478 locis
1267 2417 1394 2480 eandem
1426 2435 1496 2478 osse
1529 2418 1610 2481 aeris
1639 2410 1712 2475 nostri

387 2505 627 2569 crassitudinem.
672 2507 860 2570 Aristoteles
882 2506 981 2567 Ponto
1003 2505 1146 2586 pinguem
1168 2513 1200 2567 et
1222 2505 1427 2568 albescentem
1451 2505 1614 2586 'splendore
1634 2499 1714 2564 tribuit

356 2648 359 2660 ,
388 2605 498 2670 aerem,
523 2597 640 2678 qualem
662 2596 793 2659 Athenis
816 2614 874 2658 nou
898 2593 984 2656 vidit.
1030 2597 1072 2658 Et
1095 2613 1171 2677 quae
1193 2595 1322 2657 historia
1345 2595 1403 2657 hoo
1425 2614 1484 2657 non
1506 2593 1656 2658 inculcat?
1684 2593 1714 2652 At

389 2685 617 2767 phaenomeuou
645 2687 717 2762 hoc,
751 2684 829 2768 quod
852 2684 920 2765 quis
949 2683 1029 2746 atria
1062 2683 1214 2746 crassitiei
1244 2683 1377 2746 tribuere
1405 2683 1499 2758 velit,
1529 2684 1610 2748 idem
1630 2679 1713 2744 fuitin

390 2774 466 2837 locis
490 2775 718 2838 diversissimis.
764 2773 843 2846 Quis
866 2773 947 2835 euim
968 2775 1084 2836 coelum
1108 2773 1256 2838 Celticum
1280 2791 1345 2836 cum
1369 2772 1478 2835 Italico
1501 2765 1713 2855 comparaverit?

390 2864 487 2944 Igitur
509 2883 569 2926 nou
598 2871 651 2926 atr
680 2863 768 2926 uobis
799 2863 991 2943 superfusus,
1025 2863 1079 2926 sed
1109 2861 1263 2925 sublimior
1292 2863 1394 2944 aliqua
1422 2863 1574 2946 planeque
1602 2855 1713 2924 coelestis

390 2953 517 3016 materia
540 2953 731 3035 splendorem
753 2954 832 3016 hunc
855 2971 874 3012 a
896 2951 969 3014 Sole
993 2959 1150 3034 exceptum
1172 2952 1276 3014 Lunae
1299 2952 1493 3031 circumjacit
1708 3029 1712 3044 ι

478 3041 628 3114 Quorsum
656 3043 747 3114 haec,
779 3039 892 3122 inquis,
927 3048 980 3103 aut
1003 3042 1073 3121 quid
1100 3041 1157 3102 hoc
1185 3041 1224 3108 ad
1247 3041 1364 3114 thema,
1389 3060 1447 3122 quo
1470 3039 1633 3114 contendis,
1660 3031 1712 3130 coeit

340 3165 345 3182 ·
391 3132 549 3194 materiem
574 3151 641 3194 esse
665 3131 873 3195 alterabilem‘i
919 3127 1025 3202 Quidai
1049 3149 1176 3210 namque
1199 3139 1342 3192 constans
1365 3129 1408 3192 sit
1434 3130 1482 3194 bic
1505 3130 1642 3213 splendor
1660 3120 1712 3185 coel

392 3222 474 3283 circa
496 3219 598 3284 Solem
631 3229 685 3283 aut
711 3222 843 3294 Lanam,
878 3219 996 3298 qndtiea
1028 3219 1149 3299 eclipsis
1182 3221 1282 3300 aliqua
1314 3217 1395 3282 Solis
1428 3219 1498 3282 est?
1543 3221 1652 3298 Nempe
1675 3212 1712 3272 hot

391 3313 488 3392 ipsum
512 3310 643 3390 pertinet
667 3310 706 3372 ad
729 3311 933 3389 integritatem
957 3309 1139 3390 argumenti,
1159 3309 1222 3388 jam
1247 3327 1333 3389 porro
1357 3307 1477 3372 diversa
1499 3310 1641 3389 planeque
1660 3317 1709 3363 ron-

391 3396 487 3462 traria
510 3399 667 3461 ostendere
692 3400 838 3479 exempla,
862 3407 896 3460 ut
914 3407 1070 3480 apparent,
1094 3399 1171 3460 hunc
1190 3397 1379 3479 splendorem
1401 3399 1431 3461 iu
1448 3399 1618 3478 eclipsibus,
1638 3393 1712 3488 itaqpt

392 3497 424 3552 et
447 3489 523 3549 hauc
546 3488 691 3550 materiae
715 3487 856 3550 coelestia
879 3488 1048 3550 crassitiem
1071 3506 1128 3549 nou
1152 3507 1220 3550 essa
1243 3496 1428 3568 perpetuam.
1470 3485 1643 3569 Quanquam
1662 3473 1710 3560 qni

392 3576 536 3658 exemplis
559 3595 643 3658 opus,
668 3596 743 3658 quae
767 3576 896 3657 plurima
918 3595 974 3658 ego
997 3577 1025 3640 iu
1050 3575 1169 3657 Opticla
1192 3577 1290 3640 retuli.
1337 3576 1467 3639 Tantam
1490 3577 1520 3639 in
1548 3577 1645 3641 ultimo
1664 3585 1710 3630 111²·

391 3686 516 3730 neamus
539 3667 610 3728 nuni
637 3662 741 3738 1560,
764 3667 848 3747 cujus
873 3667 943 3728 anni
966 3667 1126 3748 deliquium
1149 3667 1314 3747 stupendae
1328 3665 1447 3728 induxit
1459 3665 1631 3729 Lusitaniae
1647 3669 1709 3722 tene

391 3759 472 3820 bras.
510 3764 569 3826 (nd
590 3763 647 3830 opt
664 3761 777 3830 p.ttt.)
822 3755 890 3817 Elei
912 3753 1005 3852 igitur
1026 3755 1114 3818 Loua
1136 3756 1165 3818 io
1189 3755 1329 3836 perigueo
1360 3755 1432 3828 fnit,
1465 3775 1502 3817 ue
1533 3765 1629 3818 marcu
1649 3744 1709 3846 ⁶¹l⁵'

391 3848 495 3921 times,
528 3846 601 3910 solis
633 3845 842 3909 astronomicis
869 3844 1102 3908 circumstantiis
1131 3853 1237 3908 auctas
1260 3843 1329 3908 illas
1351 3846 1508 3921 tenebras,
1540 3844 1608 3926 quin
1635 3845 1708 3934 moos

392 3937 448 3998 boc
471 3943 607 4010 statuas,
641 3936 759 3997 deiectu
791 3934 937 3998 materiae
965 3934 1106 3998 coelestis
1134 3933 1321 4015 splendorem
1354 3934 1417 3997 late
1439 3933 1616 4014 perferentis
1635 3931 1708 4022 potst-

393 4026 501 4088 simam
530 4025 591 4088 illis
619 4023 749 4088 tenebris
781 4024 894 4086 iactam
922 4023 1134 4087 accessionem.
1180 4023 1310 4104 Accipe,
1344 4042 1421 4106 qnae
1450 4041 1543 4103 nuper
1571 4011 1707 4084 sTrevim

393 4115 433 4176 ad
455 4133 502 4176 me
524 4115 692 4195 perscripta
714 4121 784 4177 snut
813 4133 851 4176 ex
879 4132 930 4176 ore
957 4114 1113 4195 cujusdam
1140 4113 1220 4175 senis
1242 4111 1389 4188 ‚teones
1423 4130 1515 4193 opera
1546 4111 1601 4174 viri
1629 4106 1706 4169 litere-

392 4203 503 4266 tissimi
525 4203 700 4284 minimeque
724 4203 809 4265 vani:
833 4203 884 4265 illo
908 4201 989 4266 Solis
1012 4204 1131 4266 defectu
1155 4203 1224 4264 anni
1250 4193 1344 4266 1560ss
1376 4201 1457 4266 circa
1473 4200 1631 4265 meridiem
1652 4191 1706 4252 lit·

393 4293 466 4356 riria
489 4312 604 4374 quoque
626 4300 741 4354 tantam
765 4291 823 4354 diei
847 4292 940 4355 luisse
964 4291 1197 4365 obscuritatem,
1229 4298 1264 4352 ut
1285 4293 1341 4354 sub
1369 4299 1451 4354 tecto
1484 4292 1615 4354 homiues
1640 4275 1705 4382 pell

396 4383 545 4445 distantes
569 4381 607 4444 ab
639 4381 767 4444 invicem
795 4399 827 4444 se
856 4401 915 4444 nou
942 4381 1121 4462 agnoverint
1150 4380 1355 4463 plurimaeque
1389 4381 1498 4444 stellae
1530 4371 1705 4462 apparuertssli

395 4471 454 4534 etsi
477 4472 612 4533 delectus
635 4469 676 4534 ibi
699 4471 759 4532 loci
780 4489 800 4530 a
821 4471 911 4532 totali
939 4471 1065 4533 multum
1095 4469 1233 4532 abluerit.
1278 4471 1325 4533 At
1354 4469 1508 4551 superiore
1536 4487 1610 4534 anno
1637 4451 1703 4552 15053

394 4569 516 4641 praeter
539 4579 626 4624 uuum
650 4559 819 4640 chimrgnm
841 4558 871 4622 in
895 4559 1077 4634 Brabautia‚
1101 4560 1237 4641 lynceum
1265 4559 1386 4640 opinor,
1409 4559 1523 4622 nullum
1553 4551 1655 4642 audiri,
1672 4560 1704 4604 ⁰⁰¹

397 4650 505 4711 stellae
529 4649 590 4712 sint
612 4657 809 4730 conspectas;
833 4651 969 4730 quamvis
993 4656 1024 4711 et
1038 4650 1125 4710 Lnua
1147 4666 1240 4729 prope
1263 4649 1436 4730 perigaenm
1459 4657 1493 4710 et
1506 4641 1703 4729 Neapolitana

399 4736 454 4799 Sol
475 4745 573 4802 tectus
596 4738 695 4810 inerit.
742 4737 823 4810 Quid
845 4737 914 4800 binc
937 4738 1019 4800 aliud
1047 4737 1199 4840 colligitur
1220 4739 1279 4800 nisi
1293 4739 1379 4814 boc,
1407 4738 1487 4820 quod
1515 4735 1632 4801 materia
1649 4719 1702 4788 coel
