3566 5536
310 255 377 326 aaa
792 257 830 310 ns
849 257 929 310 sana
947 255 1020 310 aon
1037 257 1188 322 saeuam

308 442 475 523 planeque,
501 435 599 518 quoad
627 435 829 498 dimensiones
853 443 885 498 et
908 443 1062 516 tempora,
1091 434 1265 514 aequalem,
1288 432 1319 495 in
1341 451 1417 496 aura
1439 430 1584 495 aetherea
1606 429 1670 492 cir-

312 535 432 593 cumeat
456 526 582 611 quilibet
605 545 658 588 suo
678 525 753 588 loco.
791 526 827 588 In
850 525 1004 590 schemate
1029 524 1150 606 adjecto
1173 522 1215 586 sit
1227 521 1258 584 A
1272 523 1375 599 Terre,
1389 519 1503 584 Bone
1525 519 1670 582 circuitus

737 613 837 676 Solis:
874 613 915 676 sit
942 616 1039 694 primo
1063 611 1119 675 Sol
1142 612 1237 687 inB,
1266 611 1392 693 planeta
1414 610 1508 684 iuP,
1532 617 1568 670 ut
1589 609 1672 670 linea

475 695 530 763 rig.
550 691 575 744 0·
737 702 842 766 Solem
864 703 1006 783 planetae
1030 711 1213 766 connectens
1235 699 1278 764 ιιι
1289 700 1353 778 ΒΡ
1378 719 1455 781 qnae
1477 700 1589 762 educta
1612 695 1670 760 sub

280 867 282 873 y
378 839 684 900 Α
718 793 811 864 ,fixas
834 793 956 855 cadat
948 812 977 854 ιι
1001 794 1036 855 F.
1073 791 1156 853 Dato
1180 790 1271 870 igitur
1294 790 1373 872 quod
1396 791 1521 869 planeta
1543 786 1669 868 proprio

440 931 442 937 .
503 887 553 925 Η
614 898 630 942 ιι
736 890 820 944 motu
850 891 971 958 careat,
1010 889 1044 943 ut
1073 881 1148 943 haec
1178 880 1268 942 Nova
1304 879 1422 941 carnit:
1461 887 1563 939 tamen
1600 877 1671 954 lege

739 975 930 1046 σνμιιαθιιας
962 970 1043 1032 lines
1063 969 1117 1032 BP
1149 969 1197 1042 (et
1219 968 1249 1030 in
1281 971 1348 1049 ejus
1380 977 1515 1029 extremo
1544 965 1674 1046 planeta

738 1058 769 1120 in
795 1060 836 1134 P)
869 1079 935 1121 cnm
965 1059 1030 1140 ipso
1061 1057 1133 1121 Sole
1167 1057 1322 1132 circumit,
1352 1076 1477 1119 manens
1510 1056 1578 1134 ipsa
1610 1053 1672 1116 sibi

738 1149 911 1231 parallelos,
936 1156 968 1209 et
983 1147 1102 1210 sistitur
1120 1148 1149 1209 in
1164 1144 1231 1222 Qu,
1246 1147 1317 1216 XD‚
1331 1145 1392 1208 IE:
1417 1146 1520 1226 itaque
1543 1143 1673 1223 planeta

739 1236 845 1300 scribit
859 1237 915 1298 boo
930 1245 1018 1318 raptu
1042 1247 1187 1299 extraneo
1203 1237 1358 1298 circuitum
1373 1232 1486 1308 PQXI,
1511 1233 1673 1312 aequalem

737 1326 796 1406 ipsi
818 1325 1097 1406 BCDE,apparet
1119 1343 1191 1388 vero
1214 1324 1269 1388 sub
1292 1325 1360 1387 lixis
1383 1324 1413 1386 in
1436 1322 1558 1386 PKZY.
1607 1319 1671 1390 Qui

738 1415 795 1478 hoo
810 1415 929 1490 statuit,
954 1416 1025 1497 qnid
1043 1434 1152 1478 censae
1166 1415 1282 1488 aflerat,
1309 1413 1464 1494 quominus
1477 1412 1560 1474 idem
1573 1409 1673 1471 faciat

738 1503 856 1566 Novum
880 1503 973 1580 sidus,
998 1507 1075 1586 quod
1091 1504 1205 1566 faciunt
1220 1505 1362 1583 planetae
1381 1519 1495 1576 omues,
1520 1499 1548 1562 si
1562 1499 1673 1561 eodem

740 1611 806 1655 ιιιι
829 1593 961 1672 planetis
984 1595 1050 1657 loco
1078 1593 1234 1656 constitit?
1263 1594 1314 1654 An
1345 1593 1536 1672 planetarum
1568 1589 1673 1651 nullus

606 1724 610 1747 1
741 1683 816 1745 aden
832 1683 919 1744 fortis
934 1691 991 1758 est,
1017 1684 1066 1764 qui
1080 1681 1146 1746 Soli
1170 1681 1386 1760 circumagenti
1403 1679 1538 1753 resistat,
1563 1695 1673 1739 omnes

740 1771 906 1846 vincuntur,
932 1789 1035 1834 omnes
1057 1773 1236 1834 trahuntur:
1260 1772 1358 1833 solnm
1376 1771 1433 1832 hoc
1452 1785 1560 1832 novum
1583 1767 1673 1828 sidus

738 1859 818 1923 viam
841 1860 948 1922 didicit
980 1862 1176 1936 contrariam,
1210 1861 1270 1922 vim
1303 1860 1444 1942 adeptum
1467 1864 1516 1920 est
1538 1864 1672 1932 tantam,

736 1969 795 2030 qna
818 1949 847 2010 vi
871 1968 989 2031 quaque
1012 1951 1063 2012 via
1085 1951 1144 2012 iter
1167 1949 1254 2026 illud,
1286 1967 1342 2031 per
1365 1948 1444 2030 qnod
1474 1945 1672 2026 raptabatur,

308 2037 459 2101 contrario
482 2037 549 2101 nisu
574 2037 731 2118 relegeret,
756 2039 858 2118 itaque
877 2038 950 2101 Sole
973 2040 1057 2102 eluso
1080 2059 1135 2103 suo
1157 2040 1225 2103 loco
1249 2037 1452 2102 consisteret?
1476 2033 1577 2106 Quam
1592 2035 1673 2096 baec

308 2135 378 2190 sunt
402 2126 611 2190 incredibilia?
639 2145 726 2206 qnam
749 2125 994 2206 ἀναιιιοιογιμαι
1024 2129 1068 2191 Et
1090 2139 1192 2192 tamen
1215 2137 1330 2204 certum
1353 2134 1416 2202 est,
1441 2145 1478 2188 ex
1500 2123 1671 2188 immobili·

307 2223 374 2278 tete
407 2216 515 2278 sideris
547 2216 705 2296 apparenti
738 2225 790 2278 aut
813 2218 856 2279 sic
880 2219 1062 2281 translatum
1091 2238 1149 2282 non
1178 2237 1246 2280 esse
1270 2219 1309 2280 ad
1333 2217 1533 2279 imitationem
1566 2221 1672 2275 motus

307 2303 389 2368 Solis
413 2305 522 2382 sunni,
553 2313 607 2366 aut
639 2305 869 2370 translationem
893 2306 972 2370 banc
996 2309 1023 2370 in
1048 2315 1136 2370 tanta
1167 2306 1327 2370 altitudine
1360 2314 1507 2386 tantaque
1539 2303 1673 2365 lixarum

307 2394 504 2474 amplitudine
537 2393 712 2474 contigisse,
745 2396 830 2458 utin
855 2395 1089 2460 estotaSolie
1122 2397 1221 2460 orbita
1250 2415 1309 2459 non
1333 2393 1366 2458 2⁴
1388 2413 1490 2458 arcum
1517 2409 1672 2472 occupare

305 2483 413 2564 possit
457 2485 523 2546 Hoc
547 2501 619 2544 vero
638 2483 701 2563 jam
725 2492 874 2565 repugnat
895 2484 1114 2566 hypothesibus
1139 2485 1212 2550 dicti
1235 2486 1381 2561 auctoris,
1407 2494 1441 2546 ut
1464 2483 1514 2566 qni
1536 2481 1672 2544 fixarum

306 2571 454 2654 sphaerae
488 2573 637 2636 diametro
674 2572 780 2636 tribuit
809 2593 868 2636 nou
907 2576 975 2655 plns
1015 2571 1123 2639 14000
1156 2575 1446 2638 semidiametrornru
1480 2572 1595 2634 Terrae
1629 2570 1673 2632 ad

306 2680 463 2724 summum.
502 2663 547 2725 At
570 2660 596 2724 si
619 2662 648 2722 in
664 2659 810 2724 Saturnia
833 2663 953 2743 regione
977 2664 1138 2728 translatio
1161 2665 1330 2744 hujusmodi
1354 2662 1463 2725 sideris
1487 2663 1522 2734 (a
1544 2661 1672 2740 proprio

306 2759 389 2813 motu
413 2751 490 2813 alias
507 2741 669 2826 immunis)
694 2752 886 2831 contigisset,
916 2753 1035 2815 omnino
1060 2754 1100 2816 ad
1125 2750 1184 2816 120
1207 2753 1331 2816 lecisset
1353 2760 1453 2814 motus
1475 2768 1530 2831 per
1553 2748 1671 2811 YZFK

306 2841 527 2920 apparentiam.
573 2839 669 2919 Finge
699 2859 825 2922 namque
856 2859 959 2902 verum
991 2843 1055 2922 ejus
1090 2844 1187 2906 locum
1217 2842 1341 2906 fnisse'
1333 2861 1363 2904 ιι
1391 2836 1448 2904 180
1470 2845 1501 2914 ,ι’
1525 2839 1609 2900 linea
1632 2855 1673 2898 ex

304 2927 377 2991 Sole
400 2947 454 3009 per
477 2931 562 2993 eidus
586 2928 752 3005 educta,
743 2947 832 3010 mque
856 2929 913 2992 hac
943 2931 1045 2994 mobili
1074 2932 1155 2994 linea
1186 2932 1323 2994 haesisse
1353 2928 1553 2992 immobilem:
1584 2935 1672 2988 certe

306 3018 443 3099 equidem
467 3019 547 3082 linea
569 3020 626 3082 hac
650 3038 710 3081 una
732 3037 798 3080 cum
822 3019 922 3082 sidere
946 3020 985 3083 ad
1008 3028 1122 3083 motum
1142 3021 1224 3084 Solis
1247 3019 1408 3094 translata,
1433 3018 1518 3081 sidus
1539 3013 1672 3078 Octobri

303 3125 407 3169 mense
432 3109 623 3189 apparuisset
645 3107 675 3170 in
703 3103 761 3170 12⁰
783 3115 813 3182 ,ἵ
837 3109 951 3187 (posito
975 3111 1055 3188 quod
1077 3111 1203 3172 fixeram
1227 3111 1358 3192 sphaera
1386 3107 1492 3171 statim
1520 3104 1672 3168 succedat

261 3257 267 3281 ,
306 3193 463 3274 Saturno),
491 3215 593 3260 mense
615 3194 706 3259 Junio
740 3197 810 3260 anni
836 3192 930 3260 1605.
956 3196 986 3258 iu
1010 3194 1072 3261 240
1094 3204 1125 3272 ‚d
1147 3199 1275 3262 circiter.
1320 3200 1429 3279 Itaque
1462 3203 1496 3260 ut
1526 3195 1670 3258 immunis

306 3284 344 3347 ab
369 3285 447 3348 omni
481 3295 627 3349 extranee
656 3303 710 3365 per
738 3284 841 3348 Solem
875 3287 957 3348 lacta
988 3287 1160 3369 repletione
1191 3289 1358 3352 consistere
1389 3293 1514 3368 posset,
1544 3283 1670 3346 omnino

308 3393 432 3436 necesse
456 3375 514 3437 luit
536 3375 628 3438 altius
652 3395 671 3436 a
694 3373 826 3438 Saturno
850 3375 1011 3449 elevatum,
1034 3377 1115 3439 inter
1136 3377 1221 3457 ipssa
1244 3379 1320 3440 lixas
1344 3376 1438 3440 fuisse
1462 3373 1610 3444 abditum.
1633 3379 1671 3434 ιι

306 3460 361 3525 illa
386 3470 449 3524 ιιιι
473 3483 633 3549 numerose
663 3464 812 3526 societate
844 3465 997 3527 suffultum
1034 3475 1122 3528 tanto
1151 3467 1269 3530 facilius
1293 3465 1358 3529 Soli
1381 3462 1563 3527 vecturienti
1586 3459 1669 3526 resi-

307 3563 388 3615 stere
418 3561 534 3634 posset.
582 3553 661 3620 Nam
692 3553 822 3633 sphaera
855 3553 929 3617 baec
960 3554 1084 3636 ejusque
1116 3557 1216 3618 lucida
1248 3571 1375 3638 corpora
1406 3554 1485 3635 apud
1512 3551 1670 3615 Brabeuan

304 3639 386 3704 Solis
420 3642 520 3704 isthoc
553 3642 583 3705 in
616 3661 684 3706 sese
715 3642 871 3723 imperium
904 3663 961 3705 nnn
994 3653 1172 3725 agnoscunt.
1210 3645 1291 3708 Vide
1318 3645 1481 3726 Progymn.
1513 3640 1670 3725 Tycbonis

304 3732 416 3807 Brahe,
441 3731 494 3805 lei.
519 3727 585 3795 400
609 3739 640 3796 ιι
662 3727 727 3795 437
751 3749 817 3793 cum
841 3751 923 3812 seqq.
968 3732 1071 3814 Atque
1096 3734 1171 3796 haec
1195 3734 1232 3796 de
1256 3733 1528 3797 immobilitate.

245 3827 252 3836 '
392 3819 536 3902 Sequitur
559 3822 596 3884 de
620 3820 767 3896 lumine,
801 3821 885 3902 cujus
912 3821 1037 3884 claritas
1070 3833 1103 3885 et
1125 3823 1301 3887 scintillatio
1324 3821 1520 3902 rapidissima
1543 3819 1669 3882 stellam

302 3909 380 3974 hanc
403 3909 473 3972 fixis
496 3910 616 3973 omnino
639 3909 820 3974 simillimam
843 3911 926 3973 lecit.
971 3909 1093 3980 Etenim
1116 3913 1221 3975 tritum
1239 3921 1287 3976 est
1301 3911 1340 3974 ab
1353 3909 1521 3974 Aristotele
1546 3908 1670 3971 axioma

303 3999 374 4076 hoc,
407 3999 656 4062 scintillationem
687 3999 767 4062 inter
799 4009 935 4063 errantes
968 4009 999 4064 et
1030 4001 1197 4065 immobiles
1225 4002 1349 4074 stellas,
1382 4019 1458 4082 quas
1490 3998 1520 4060 in
1555 4008 1670 4062 octava

301 4090 432 4170 sphaera
454 4090 590 4164 haerent,
615 4089 809 4168 distinguere.
855 4089 925 4152 Etsi
948 4092 1028 4153 enim
1051 4109 1105 4154 sua
1128 4092 1222 4154 Marti
1246 4091 1424 4154 scintillatio
1449 4096 1481 4150 et
1503 4088 1667 4162 Mercurio,

300 4197 356 4241 nec
380 4177 508 4240 obscura
531 4187 563 4241 et
585 4177 714 4251 Venari;
738 4179 839 4241 nescio
863 4186 974 4256 tamen,
999 4198 1056 4260 quo
1079 4189 1169 4260 pacto
1192 4180 1314 4242 diversa
1336 4189 1385 4242 est
1408 4201 1426 4241 a
1449 4177 1669 4240 scintillatione

300 4267 442 4342 duarum
467 4268 551 4330 lenta
573 4267 712 4329 nimirum
735 4276 767 4329 et
790 4268 906 4347 magnis
931 4269 1100 4332 intervallis
1122 4271 1311 4332 continuata:
1342 4287 1409 4332 cum
1431 4266 1560 4329 lixarum
1582 4265 1669 4327 sciu-

300 4357 413 4419 tillatio
437 4357 568 4437 abrupta
591 4363 624 4417 et
652 4355 844 4435 rapidissima
873 4358 1109 4437 reciprocatione
1138 4359 1235 4422 visum
1266 4359 1445 4432 confundat,
1478 4355 1542 4418 alia
1572 4355 1667 4416 aliam

300 4447 445 4508 obruente
470 4445 670 4508 exundatione
693 4445 853 4507 radiorum.
892 4444 1027 4517 Quarum
1048 4449 1174 4510 lixarum
1197 4467 1264 4510 cnm
1286 4447 1370 4510 nulla
1393 4447 1443 4523 sit,
1468 4463 1556 4528 quam
1575 4445 1668 4507 Nova

300 4533 376 4596 haec
400 4553 458 4597 non
482 4533 671 4614 superaverit
693 4541 757 4596 tam
779 4535 912 4614 puritate
944 4537 1064 4598 luminis
1097 4556 1184 4618 qnam
1215 4537 1414 4600 scintillarum
1446 4534 1667 4618 promicatione

301 4621 508 4701 rapidissima,
531 4621 606 4684 nibil
630 4629 679 4684 eet
701 4641 754 4684 cur
776 4622 919 4705 physicus
941 4625 971 4686 in
994 4625 1157 4689 Aristoteli
1180 4626 1286 4690 schola
1315 4626 1422 4688 doctus
1445 4625 1485 4688 de
1510 4623 1576 4688 loco
1598 4623 1667 4703 ejus

302 4725 368 4770 oum
392 4711 491 4774 stellis
514 4711 580 4773 lixis
605 4710 751 4774 communi
775 4711 913 4776 dubitare
935 4723 1054 4795 pergat.

883 4879 1072 4892 ——1-——0
