3674 5538
786 309 868 380 Caput
885 309 906 364 l.
1461 301 1525 370 i37
1637 383 1639 390 Ι

166 487 296 570 spargit,
331 487 464 552 medinm
488 489 608 569 ponitur
631 507 699 552 esse
724 489 855 554 densius.
901 491 983 570 Ergo
1007 486 1135 550 medinm
1169 483 1307 565 impedit,
1338 501 1396 564 qno
1426 483 1524 546 ruinas

168 578 217 640 lux
239 586 435 657 spargana
463 579 522 641 Est
545 598 615 642 vero
640 589 847 659 argumentum
877 578 1044 658 sparsionis
1068 575 1191 655 obliqua
1214 571 1396 648 incidentia3
1429 591 1524 653 prop-

168 675 250 730 terea
273 667 353 746 qued
375 666 406 728 in
432 687 522 747 qnam
545 669 731 748 superficiem
756 670 808 732 lux
831 668 949 748 oblique
972 665 1088 738 incidit,
1113 663 1141 726 in
1166 662 1291 726 eandem
1316 661 1524 726 continuatam

166 765 300 818 streete
324 753 441 831 incidit,
467 775 538 837 ergo
562 757 640 822 inter
663 767 779 822 rectum
802 767 834 819 et
857 757 1008 838 obliquum
1038 753 1139 817 radios
1170 751 1298 830 angulus
1322 750 1522 830 interjiciunt:

166 845 274 924 angulo
298 864 371 907 vero
395 845 474 906 radii
499 855 691 926 sparguntur.
738 846 787 910 Sit
815 846 916 908 radius
948 846 1084 925 obliquus
1107 843 1164 906 AB
1190 839 1326 902 incidens
1356 840 1387 902 in
1415 859 1523 920 snper-

166 933 260 1010 ficiem
284 933 314 996 in
338 941 451 1014 puncto
474 935 515 1010 Β,
543 943 653 1014 agatur
675 945 806 1016 tangens
828 936 912 998 illam
937 955 1044 1015 super·
1185 967 1191 978 ·
1224 965 1276 1030 mg.
1301 959 1344 1012 ω,
1384 967 1390 980 =

166 1021 281 1092 ficiem,
315 1041 391 1104 quae
418 1023 461 1084 sit
479 1021 534 1087 ΒΟ
560 1033 591 1088 et
613 1025 652 1088 ab
671 1025 702 1088 A
726 1025 892 1088 descendat
913 1043 1044 1105 perpen-

165 1110 311 1174 dicularis
332 1109 400 1174 ΑΟ.
448 1112 505 1175 Ηίι
529 1132 601 1194 ergo
625 1115 677 1176 lux
706 1133 743 1176 ex
766 1115 795 1178 A
826 1115 936 1193 angulo
959 1112 1045 1176 ΒΑΟ

164 1200 321 1280 spargitur
357 1202 396 1262 ad
437 1221 526 1265 unum
564 1204 664 1278 latus,
707 1212 739 1264 et
782 1211 925 1283 quantum
971 1201 1046 1264 lucis

164 1289 245 1350 intra
270 1287 356 1352 ΒΑΟ
380 1290 522 1368 angulum
545 1291 602 1354 fnit
624 1292 653 1354 in
677 1292 815 1371 partibus
837 1291 897 1371 ipsi
920 1294 950 1354 A
974 1309 1045 1371 pro-

162 1377 316 1458 pioribus,
352 1379 531 1442 tantundem
563 1389 612 1444 est
639 1381 722 1443 etin
747 1379 800 1444 ΒΟ
824 1381 914 1444 linea.
963 1378 1046 1443 Οιιιι-

163 1467 304 1528 tinuatae
328 1466 385 1528 AB
410 1467 439 1528 in
454 1467 491 1542 D,
517 1467 574 1532 ΑΟ
595 1469 623 1531 in
638 1469 676 1540 Ε,
700 1478 734 1532 ιιι
748 1469 804 1532 ΒΕ
825 1469 866 1532 sit
884 1469 1047 1549 parallelos

164 1557 203 1618 ad
218 1553 285 1630 ΒΟ,
312 1555 387 1618 siin
400 1553 455 1618 BC
475 1577 531 1621 non
557 1569 696 1622 occurrat
718 1559 891 1639 superficies
915 1559 1047 1631 densior,

164 1652 330 1724 spargetur
359 1645 410 1706 lux
442 1647 571 1725 amplius
605 1649 720 1728 eritque
744 1649 808 1729 jam
833 1666 949 1710 rursum
974 1656 1046 1710 tan·

166 1734 292 1796 tundam
316 1733 392 1796 lucis
417 1733 446 1797 in
470 1735 526 1798 DE
549 1745 695 1818 quantum
720 1737 778 1800 fuit
802 1737 831 1800 iu
855 1735 920 1798 ΒΟ.
952 1737 996 1798 At
1020 1736 1046 1814 si

164 1821 339 1901 superficies
362 1820 417 1886 ΒΟ
449 1823 489 1886 sit
523 1825 686 1890 densioris.
703 1826 811 1900 medii,
846 1826 936 1888 sistet
969 1828 1047 1888 hanc

108 1981 112 1990 ¹
164 1909 387 1990 dispersionem
419 1929 474 1992 per
500 1909 552 1980 14.
585 1916 673 1996 idque
697 1915 861 1978 secundum
894 1915 992 1994 magis
1017 1924 1049 1978 et

164 1999 272 2062 minus.
320 2000 392 2062 Lux
418 2019 488 2064 vero
511 2003 565 2068 ΒΟ
595 2005 620 2067 si
649 2005 714 2067 sine
743 2005 929 2084 dispersione
957 2023 1046 2084 porro

166 2096 341 2163 moveatur,
375 2091 527 2171 oportebit
553 2094 667 2156 illam'
660 2113 688 2154 m
713 2094 769 2156 Ι)Ε
793 2092 949 2173 superficie
983 2093 1160 2154 tantundem
1194 2109 1340 2172 occupare
1373 2090 1466 2171 spatii
1489 2109 1525 2154 ac

166 2177 195 2238 in
219 2175 285 2254 ΒΟ,
311 2196 404 2258 qnare
430 2200 466 2242 ex
488 2181 546 2259 DE
569 2183 699 2246 resecari
724 2183 855 2264 aliquam
879 2182 1036 2262 aequalem
1059 2179 1123 2253 ΒΟ,
1148 2181 1202 2244 illa
1225 2179 1266 2242 sit
1288 2179 1350 2242 FE.
1391 2181 1502 2243 Nam
1495 2197 1524 2241 ιιι

167 2263 253 2328 ΑΟΕ
277 2276 327 2328 est
350 2268 496 2332 terminus
521 2271 616 2334 onmis
641 2271 837 2351 dispersionis
862 2271 946 2343 lucis,
970 2271 1041 2350 qnia
1064 2268 1121 2333 ΑΟ
1144 2269 1279 2332 radius
1271 2289 1300 2331 m
1327 2267 1379 2332 ΟΒ
1404 2277 1523 2342 rectus;

165 2373 258 2434 quare
282 2353 309 2416 Ε
333 2357 496 2420 communis
520 2361 667 2423 terminus
691 2361 788 2422 lineae
811 2360 864 2422 EF
888 2369 919 2422 et
942 2359 999 2420 ΕΙ)
1022 2359 1088 2420 erit.
1135 2359 1205 2422 Erit
1229 2358 1320 2437 igitur
1343 2358 1395 2420 BF
1418 2358 1524 2437 parsl-

166 2444 240 2506 lelos
264 2443 305 2504 ad
330 2441 384 2507 ΟΕ
408 2455 440 2508 et
462 2447 530 2510 ideo
554 2459 586 2512 et
607 2450 676 2528 ipsa
703 2449 959 2531 perpendicularis
984 2449 1021 2510 ad
1045 2447 1110 2511 ΒΟ.
1159 2449 1225 2510 Lux
1254 2446 1346 2526 igitur
1374 2447 1438 2508 sine
1462 2447 1527 2510 ulla

167 2531 355 2610 dispersione
380 2554 473 2615 usque
498 2539 536 2599 ad
560 2539 617 2600 ΕΙ)
641 2539 774 2612 veniens,
800 2545 962 2616 occuparet
989 2537 1120 2616 spatium
1144 2537 1215 2611 EF;
1246 2536 1351 2598 eadem
1374 2535 1439 2598 sine
1464 2535 1526 2598 ulla

166 2621 393 2700 perturbatione
418 2644 547 2706 eousque
571 2627 757 2689 descendens
781 2635 943 2706 occuparet
969 2626 1101 2706 spatium
1125 2626 1191 2700 ΕΙ),
1216 2643 1363 2705 spargens
1385 2633 1416 2686 et
1436 2633 1525 2688 exte-

166 2729 263 2772 nuans
287 2729 321 2771 se
353 2712 460 2774 eadent
490 2715 693 2794 proportione.
740 2715 822 2795 Fago
846 2733 912 2777 cnm
945 2714 1108 2778 intervenit
1141 2716 1269 2778 medium
1302 2712 1356 2777 ΒΟ
1390 2713 1523 2809 densius,

167 2797 195 2859 id
218 2798 436 2877 dispersionem
461 2804 626 2883 impediens
656 2803 742 2879 facit,
768 2813 802 2865 nt
826 2804 875 2866 lux
898 2803 1027 2866 medium
1056 2803 1186 2882 spatium
1215 2809 1343 2884 occupet
1367 2785 1447 2866 in⁰tsr
1470 2801 1524 2864 BF

167 2897 198 2948 et
220 2885 296 2961 ΕΙ);
320 2887 362 2950 ιιι
384 2891 457 2953 illud
480 2890 548 2953 EG.
596 2893 713 2956 Radius
742 2911 813 2973 ergo
838 2892 893 2954 AB
927 2892 1143 2972 astringetur
1135 2913 1164 2954 ιιι
1189 2892 1214 2954 Β
1243 2901 1276 2954 et
1303 2891 1384 2954 infra
1415 2909 1524 2970 super-

167 2974 262 3037 ficiem
288 2975 435 3042 densioris
453 2981 547 3044 medii
571 2983 623 3044 fiet
637 2980 704 3056 BG,
732 2983 879 3044 accedens
904 2982 942 3042 ad
966 2980 1241 3061 perpendicularem
1257 2982 1328 3042 BF:
1354 2981 1432 3061 quod
1457 2987 1525 3042 erat

168 3064 444 3132 demonstrandum.

256 3149 420 3223 Quaeritur
444 3164 554 3232 autern,
581 3177 640 3238 qua
664 3159 810 3220 facultate
834 3158 896 3222 fieri
920 3159 1030 3239 possit,
1057 3167 1091 3222 ut
1113 3158 1234 3220 affectio
1262 3157 1431 3241 superficiei
1455 3156 1523 3237 pel-

168 3241 286 3302 lucidae
310 3243 367 3306 luci
396 3245 604 3327 imprimatur?
637 3247 834 3327 Respondeo:
864 3247 923 3310 luci
950 3258 1048 3310 motus
1077 3247 1222 3328 competit
1245 3265 1298 3326 per
1325 3247 1351 3322 l,
1377 3263 1468 3326 quare
1492 3257 1525 3309 et

167 3331 286 3409 species
309 3343 409 3400 motus
433 3344 466 3396 et
495 3335 666 3398 accidentia
693 3336 822 3416 reliqna,
855 3335 1002 3416 impactus
1027 3356 1133 3417 nempe
1156 3337 1185 3398 in
1216 3336 1385 3398 densiorem
1414 3354 1523 3417 super-

167 3418 263 3482 ficiem
297 3429 329 3482 et
359 3423 424 3504 ejus
457 3425 610 3505 superatio
645 3434 677 3486 et
708 3424 851 3486 nonnulla
883 3425 1057 3488 resistentia
1086 3447 1104 3488 a
1131 3433 1285 3504 superato.
1338 3424 1524 3505 contingere

166 3517 266 3570 autem
291 3509 396 3573 eadem
421 3513 592 3575 necessario
616 3522 648 3576 et
670 3514 698 3574 in
723 3513 882 3576 mobilibus
904 3514 1052 3596 physicis,
1086 3515 1203 3597 quoties
1227 3514 1334 3594 globus
1357 3513 1386 3574 iu
1412 3533 1521 3593 aquam

167 3605 334 3676 torquetur,
359 3601 516 3664 dummodo
540 3603 651 3666 subeat
672 3621 789 3682 aquam,
814 3611 902 3681 patet
924 3603 977 3664 sic.
1027 3603 1136 3666 Liceat
1159 3602 1238 3666 enim
1263 3603 1311 3664 hio
1335 3602 1405 3664 mibi
1429 3602 1524 3664 verba

167 3685 336 3766 optinorum
357 3699 462 3752 contra
481 3699 611 3753 mentem
631 3692 760 3772 ipsorum
785 3709 928 3770 usurpare
943 3701 976 3752 et
990 3691 1018 3754 in
1037 3693 1191 3754 meliorem
1206 3710 1326 3754 sensum
1352 3691 1523 3752 traducere.

256 3773 307 3838 Sit
329 3777 384 3840 ΒΟ
409 3799 495 3860 aqua,
521 3780 577 3842 AB
602 3788 700 3843 motus
724 3779 912 3860 sphaerulae,
937 3781 1127 3844 continuetur
1142 3780 1227 3843 ΟΒ
1219 3799 1249 3844 ιιι
1269 3780 1298 3840 H
1322 3787 1353 3840 et
1377 3778 1428 3840 FB
1451 3778 1521 3840 inl.

167 3861 240 3926 Cam
264 3885 339 3946 ergo
362 3876 462 3930 motus
485 3869 664 3950 spbasmlae
684 3868 740 3931 AB
761 3869 803 3930 sit
826 3869 1045 3950 quodammodo
1069 3869 1253 3949 compositos
1280 3887 1318 3928 ex
1335 3867 1377 3928 lB
1401 3875 1433 3928 et
1453 3866 1522 3941 BH,

167 3953 285 4016 accidet
312 3955 424 4032 etiam,
459 3967 493 4020 ut
523 3959 651 4020 resistat
683 3943 817 4020 illitam
850 3959 1039 4038 profunditas
1067 3959 1138 4032 BF
1173 3975 1261 4038 quant
1286 3957 1342 4016 BH
1365 3955 1522 4017 crassities

167 4041 312 4106 lateralis.
361 4046 449 4108 Prius
473 4047 718 4126 impedimentum
741 4047 904 4110 tardiorem
928 4047 1066 4110 eflicit'
1039 4067 1105 4127 epus
1130 4006 1306 4108 descensum
1322 4053 1353 4106 et
1376 4043 1521 4115 retundit,

166 4131 324 4196 dummodo
358 4135 542 4198 descendat:
577 4137 728 4216 posterius
759 4155 829 4198 tero
862 4136 1022 4216 repellit
1013 4154 1144 4216 ipsam
1135 4154 1154 4195 a
1178 4154 1233 4196 sua
1264 4134 1359 4205 linea,
1396 4141 1429 4194 nt
1453 4131 1523 4212 quia

165 4231 261 4284 motus
285 4231 354 4285 erat
376 4225 433 4286 BD
458 4226 581 4300 tumme,
607 4225 771 4306 repellatur
795 4225 943 4286 aBHet
967 4226 1019 4287 fiat
1037 4223 1105 4288 BG.
1145 4226 1209 4286 Hoc
1233 4222 1370 4284 accidere
1394 4239 1520 4284 necessa

165 4319 209 4372 est
231 4309 261 4374 iu
285 4303 509 4394 projectilibns,
544 4333 621 4394 quae
645 4335 663 4374 a
691 4333 815 4392 corpore
844 4314 974 4376 densiori
1006 4313 1217 4395 impediuntur.
1264 4314 1299 4375 In
1325 4313 1394 4373 luce
1422 4317 1522 4373 motus

163 4397 213 4462 illa
235 4403 358 4484 portio,
393 4421 470 4482 qnae
494 4410 543 4463 est
566 4421 670 4464 versus
693 4403 768 4475 BH,
802 4409 850 4464 est
872 4403 923 4465 ille
951 4401 1316 4476 motusextennatiouis;
1349 4417 1522 4480 quaerero
1606 4470 1609 4478 f

164 4505 264 4554 versus
283 4493 328 4556 ΙΒ
344 4491 395 4554 vel
410 4491 474 4564 BF,
499 4509 554 4552 nou
576 4491 675 4553 variat
694 4492 751 4554 luci
771 4510 865 4565 suam,
888 4501 921 4553 nt
938 4491 981 4552 ita
996 4492 1102 4559 dicam,
1127 4491 1304 4564 materiam;
1329 4489 1384 4550 sed
1404 4497 1521 4550 tantum

161 4575 238 4644 illam
263 4583 378 4655 defert,
405 4579 452 4642 cui
476 4580 594 4660 quidem
613 4599 668 4660 per
685 4579 733 4645 10.
759 4599 816 4642 non
837 4599 944 4661 corpus
963 4582 1011 4643 vel
1031 4579 1184 4643 crassities
1200 4579 1252 4640 BF
1275 4577 1519 4659 impedimentum

157 4669 263 4750 adfert,
288 4672 348 4734 sed
373 4667 443 4732 sola
467 4668 639 4749 superficies
662 4669 730 4742 ΒΟ,
765 4671 938 4751 etquidem
963 4690 1018 4732 ιιοιι
1044 4669 1146 4742 aliter,
1183 4686 1272 4749 quam
1300 4675 1447 4748 quatenus
1472 4679 1521 4730 est

156 4759 319 4826 densitatis
349 4759 524 4840 particeps,
552 4776 606 4837 per
633 4755 681 4822 ld.
728 4761 795 4822 Nou
820 4767 868 4820 est
891 4768 992 4821 autem
1023 4756 1183 4820 densitatis
1217 4757 1370 4838 particeps
1394 4757 1424 4820 iu
1448 4775 1521 4838 pro-

154 4852 298 4930 fundnm3
324 4857 416 4914 esset
440 4847 519 4908 euim
544 4865 666 4928 corpus,
696 4869 752 4910 non
777 4849 960 4928 superficies.
1006 4846 1065 4908 Est
1088 4865 1158 4908 vero
1189 4846 1285 4909 densa
1313 4846 1342 4909 in
1372 4846 1466 4910 latum
1491 4856 1523 4909 et
