<?xml version="1.0" encoding="UTF-8"?>
<!DOCTYPE html PUBLIC "-//W3C//DTD XHTML 1.0 Transitional//EN"
    "http://www.w3.org/TR/xhtml1/DTD/xhtml1-transitional.dtd">
<html xmlns="http://www.w3.org/1999/xhtml" xml:lang="en" lang="en">
 <head>
  <title>
</title>
<meta http-equiv="Content-Type" content="text/html;charset=utf-8" />
  <meta name='ocr-system' content='tesseract 3.04.00' />
  <meta name='ocr-capabilities' content='ocr_page ocr_carea ocr_par ocr_line ocrx_word'/>
</head>
<body>
  <div class='ocr_page' id='page_1' title='image "./joanniskepleria02unkngoog/joanniskepleria02unkngoog_0819.png"; bbox 0 0 3476 5532; ppageno 0'>
   <div class='ocr_carea' id='block_1_1' title="bbox 357 233 1177 302">
    <p class='ocr_par' dir='ltr' id='par_1_1' title="bbox 357 233 1177 302">
     <span class='ocr_line' id='line_1_1' title="bbox 357 233 1177 302; baseline -0.013 -5"><span class='ocrx_word' id='word_1_1' title='bbox 357 235 420 302; x_wconf 82' lang='grc'>776</span> <span class='ocrx_word' id='word_1_2' title='bbox 873 233 912 286; x_wconf 86' lang='lat' dir='ltr'>De</span> <span class='ocrx_word' id='word_1_3' title='bbox 930 235 1032 286; x_wconf 78' lang='lat' dir='ltr'>macoth</span> <span class='ocrx_word' id='word_1_4' title='bbox 1054 233 1177 288; x_wconf 76' lang='lat' dir='ltr'>solaribus</span> 
     </span>
    </p>
   </div>
   <div class='ocr_carea' id='block_1_2' title="bbox 349 409 1661 2282">
    <p class='ocr_par' dir='ltr' id='par_1_2' title="bbox 350 409 1661 1744">
     <span class='ocr_line' id='line_1_2' title="bbox 444 409 1658 478; baseline -0.001 -1"><span class='ocrx_word' id='word_1_5' title='bbox 444 415 533 478; x_wconf 91' lang='lat' dir='ltr'>Anno</span> <span class='ocrx_word' id='word_1_6' title='bbox 551 409 644 477; x_wconf 89' lang='grc'><strong>1612.</strong></span> <span class='ocrx_word' id='word_1_7' title='bbox 669 413 774 475; x_wconf 81' lang='lat' dir='ltr'><strong>literas</strong></span> <span class='ocrx_word' id='word_1_8' title='bbox 793 413 876 475; x_wconf 82' lang='lat' dir='ltr'><strong>dedit</strong></span> <span class='ocrx_word' id='word_1_9' title='bbox 890 411 1075 476; x_wconf 87' lang='lat' dir='ltr'>Scheinerus&#39;</span> <span class='ocrx_word' id='word_1_10' title='bbox 1091 415 1220 475; x_wconf 85' lang='lat' dir='ltr'>Marco</span> <span class='ocrx_word' id='word_1_11' title='bbox 1244 413 1425 474; x_wconf 88' lang='lat' dir='ltr'>Welsero</span> <span class='ocrx_word' id='word_1_12' title='bbox 1450 411 1556 475; x_wconf 82' lang='lat' dir='ltr'>celebri</span> <span class='ocrx_word' id='word_1_13' title='bbox 1571 413 1658 476; x_wconf 79' lang='lat' dir='ltr'>illil&#39;a</span> 
     </span>
     <span class='ocr_line' id='line_1_3' title="bbox 355 500 1658 582; baseline -0.001 -15"><span class='ocrx_word' id='word_1_14' title='bbox 355 505 639 582; x_wconf 78' lang='lat' dir='ltr'>tricioAngnstano,</span> <span class='ocrx_word' id='word_1_15' title='bbox 662 501 794 582; x_wconf 90' lang='lat' dir='ltr'>pluribus</span> <span class='ocrx_word' id='word_1_16' title='bbox 817 503 949 565; x_wconf 80' lang='lat' dir='ltr'>referens</span> <span class='ocrx_word' id='word_1_17' title='bbox 973 503 1009 564; x_wconf 90' lang='lat' dir='ltr'>de</span> <span class='ocrx_word' id='word_1_18' title='bbox 1024 503 1148 565; x_wconf 88' lang='lat' dir='ltr'>maculis</span> <span class='ocrx_word' id='word_1_19' title='bbox 1164 503 1193 564; x_wconf 91' lang='lat' dir='ltr'>in</span> <span class='ocrx_word' id='word_1_20' title='bbox 1212 501 1293 564; x_wconf 89' lang='lat' dir='ltr'>Sole.</span> <span class='ocrx_word' id='word_1_21' title='bbox 1331 503 1493 564; x_wconf 86' lang='lat' dir='ltr'>Welserus</span> <span class='ocrx_word' id='word_1_22' title='bbox 1516 500 1606 564; x_wconf 85' lang='lat' dir='ltr'>literas</span> <span class='ocrx_word' id='word_1_23' title='bbox 1623 505 1658 566; x_wconf 80' lang='lat' dir='ltr'>ln</span> 
     </span>
     <span class='ocr_line' id='line_1_4' title="bbox 356 589 1659 674; baseline -0.002 -18"><span class='ocrx_word' id='word_1_24' title='bbox 356 595 466 656; x_wconf 91' lang='lat' dir='ltr'>omisso</span> <span class='ocrx_word' id='word_1_25' title='bbox 486 591 639 654; x_wconf 88' lang='lat' dir='ltr'>Scheineri</span> <span class='ocrx_word' id='word_1_26' title='bbox 669 591 785 652; x_wconf 86' lang='lat' dir='ltr'>nomina</span> <span class='ocrx_word' id='word_1_27' title='bbox 818 591 897 674; x_wconf 88' lang='lat' dir='ltr'>typis</span> <span class='ocrx_word' id='word_1_28' title='bbox 930 591 1141 672; x_wconf 88' lang='lat' dir='ltr'>imprimendas</span> <span class='ocrx_word' id='word_1_29' title='bbox 1173 593 1291 653; x_wconf 85' lang='lat' dir='ltr'>curavit</span> <span class='ocrx_word' id='word_1_30' title='bbox 1321 589 1547 672; x_wconf 77' lang='lat' dir='ltr'><strong>transmisitque</strong></span> <span class='ocrx_word' id='word_1_31' title='bbox 1567 591 1659 673; x_wconf 82' lang='lat' dir='ltr'>Keplen</span> 
     </span>
     <span class='ocr_line' id='line_1_5' title="bbox 355 679 1659 762; baseline -0.003 -16"><span class='ocrx_word' id='word_1_32' title='bbox 355 683 555 748; x_wconf 77' lang='lat' dir='ltr'>libellum&#39;his</span> <span class='ocrx_word' id='word_1_33' title='bbox 580 679 691 741; x_wconf 88' lang='lat' dir='ltr'>additis</span> <span class='ocrx_word' id='word_1_34' title='bbox 715 680 825 742; x_wconf 91' lang='lat' dir='ltr'>literis:</span> <span class='ocrx_word' id='word_1_35' title='bbox 856 681 978 760; x_wconf 71' lang='lat' dir='ltr'>Mitto,</span> <span class='ocrx_word' id='word_1_36' title='bbox 1013 701 1087 762; x_wconf 92' lang='lat' dir='ltr'>quas</span> <span class='ocrx_word' id='word_1_37' title='bbox 1115 681 1199 742; x_wconf 91' lang='lat' dir='ltr'>vides</span> <span class='ocrx_word' id='word_1_38' title='bbox 1222 680 1341 761; x_wconf 81' lang='lat' dir='ltr'><strong>Apellis</strong></span> <span class='ocrx_word' id='word_1_39' title='bbox 1373 682 1434 742; x_wconf 89' lang='lat' dir='ltr'>mei</span> <span class='ocrx_word' id='word_1_40' title='bbox 1469 681 1659 759; x_wconf 85' lang='lat' dir='ltr'>epistolas,de</span> 
     </span>
     <span class='ocr_line' id='line_1_6' title="bbox 355 768 1660 854; baseline -0.002 -20"><span class='ocrx_word' id='word_1_41' title='bbox 355 773 460 854; x_wconf 90' lang='lat' dir='ltr'>quibus</span> <span class='ocrx_word' id='word_1_42' title='bbox 484 771 509 832; x_wconf 90' lang='lat' dir='ltr'>si</span> <span class='ocrx_word' id='word_1_43' title='bbox 533 768 725 843; x_wconf 84' lang='lat' dir='ltr'>sententiam,</span> <span class='ocrx_word' id='word_1_44' title='bbox 752 769 830 851; x_wconf 92' lang='lat' dir='ltr'>quod</span> <span class='ocrx_word' id='word_1_45' title='bbox 853 778 904 831; x_wconf 88' lang='lat' dir='ltr'>tao</span> <span class='ocrx_word' id='word_1_46' title='bbox 927 771 1081 832; x_wconf 89' lang='lat' dir='ltr'>commodo</span> <span class='ocrx_word' id='word_1_47' title='bbox 1105 771 1166 845; x_wconf 86' lang='lat' dir='ltr'>fiat,</span> <span class='ocrx_word' id='word_1_48' title='bbox 1192 771 1308 849; x_wconf 90' lang='lat' dir='ltr'>aperire</span> <span class='ocrx_word' id='word_1_49' title='bbox 1333 768 1433 845; x_wconf 90' lang='lat' dir='ltr'>voles,</span> <span class='ocrx_word' id='word_1_50' title='bbox 1468 789 1515 830; x_wconf 89' lang='lat' dir='ltr'>me</span> <span class='ocrx_word' id='word_1_51' title='bbox 1537 770 1585 831; x_wconf 92' lang='lat' dir='ltr'>tibi</span> <span class='ocrx_word' id='word_1_52' title='bbox 1602 791 1660 850; x_wconf 79' lang='lat' dir='ltr'>nng-</span> 
     </span>
     <span class='ocr_line' id='line_1_7' title="bbox 355 858 1661 942; baseline -0.003 -18"><span class='ocrx_word' id='word_1_53' title='bbox 355 879 465 942; x_wconf 89' lang='lat' dir='ltr'>nopere</span> <span class='ocrx_word' id='word_1_54' title='bbox 489 858 649 922; x_wconf 85' lang='lat' dir='ltr'>devincies.</span> <span class='ocrx_word' id='word_1_55' title='bbox 696 859 741 919; x_wconf 94' lang='lat' dir='ltr'>De</span> <span class='ocrx_word' id='word_1_56' title='bbox 766 878 811 920; x_wconf 90' lang='lat' dir='ltr'>me</span> <span class='ocrx_word' id='word_1_57' title='bbox 835 858 889 919; x_wconf 90' lang='lat' dir='ltr'>tibi</span> <span class='ocrx_word' id='word_1_58' title='bbox 913 878 1102 940; x_wconf 88' lang='lat' dir='ltr'>quaecuuque</span> <span class='ocrx_word' id='word_1_59' title='bbox 1125 859 1154 919; x_wconf 92' lang='lat' dir='ltr'>in</span> <span class='ocrx_word' id='word_1_60' title='bbox 1171 878 1238 922; x_wconf 88' lang='lat' dir='ltr'>mea</span> <span class='ocrx_word' id='word_1_61' title='bbox 1256 867 1411 939; x_wconf 78' lang='lat' dir='ltr'>potestate</span> <span class='ocrx_word' id='word_1_62' title='bbox 1431 860 1496 920; x_wconf 88' lang='lat' dir='ltr'>sita</span> <span class='ocrx_word' id='word_1_63' title='bbox 1518 867 1581 920; x_wconf 91' lang='lat' dir='ltr'>sunt</span> <span class='ocrx_word' id='word_1_64' title='bbox 1598 861 1661 921; x_wconf 87' lang='lat' dir='ltr'>liber·</span> 
     </span>
     <span class='ocr_line' id='line_1_8' title="bbox 353 945 1660 1031; baseline -0.002 -18"><span class='ocrx_word' id='word_1_65' title='bbox 353 951 426 1014; x_wconf 85' lang='lat' dir='ltr'>rimo</span> <span class='ocrx_word' id='word_1_66' title='bbox 451 950 551 1010; x_wconf 90' lang='lat' dir='ltr'>omnia</span> <span class='ocrx_word' id='word_1_67' title='bbox 574 949 723 1031; x_wconf 79' lang='lat' dir='ltr'>promitte,</span> <span class='ocrx_word' id='word_1_68' title='bbox 748 948 784 1009; x_wconf 93' lang='lat' dir='ltr'>iis</span> <span class='ocrx_word' id='word_1_69' title='bbox 809 955 901 1023; x_wconf 92' lang='lat' dir='ltr'>utere,</span> <span class='ocrx_word' id='word_1_70' title='bbox 926 948 1059 1010; x_wconf 79' lang='lat' dir='ltr'>abutere.</span> <span class='ocrx_word' id='word_1_71' title='bbox 1096 949 1184 1026; x_wconf 78' lang='lat' dir='ltr'>Vale.</span> <span class='ocrx_word' id='word_1_72' title='bbox 1209 951 1289 1028; x_wconf 87' lang='lat' dir='ltr'><strong>Aug.</strong></span> <span class='ocrx_word' id='word_1_73' title='bbox 1314 949 1408 1010; x_wconf 94' lang='lat' dir='ltr'>Vind.</span> <span class='ocrx_word' id='word_1_74' title='bbox 1434 945 1491 1010; x_wconf 84' lang='lat'>22.</span> <span class='ocrx_word' id='word_1_75' title='bbox 1512 946 1574 1011; x_wconf 86' lang='lat' dir='ltr'>Oct</span> <span class='ocrx_word' id='word_1_76' title='bbox 1596 945 1660 1011; x_wconf 80' lang='lat' dir='ltr'>ttlt</span> 
     </span>
     <span class='ocr_line' id='line_1_9' title="bbox 353 1037 1661 1118; baseline -0.003 -16"><span class='ocrx_word' id='word_1_77' title='bbox 353 1040 470 1102; x_wconf 88' lang='lat' dir='ltr'>Deinde</span> <span class='ocrx_word' id='word_1_78' title='bbox 493 1037 575 1100; x_wconf 86' lang='lat' dir='ltr'>Julio</span> <span class='ocrx_word' id='word_1_79' title='bbox 599 1037 701 1098; x_wconf 81' lang='lat' dir='ltr'>mense</span> <span class='ocrx_word' id='word_1_80' title='bbox 727 1037 796 1099; x_wconf 91' lang='lat' dir='ltr'>anni</span> <span class='ocrx_word' id='word_1_81' title='bbox 819 1038 971 1118; x_wconf 81' lang='lat' dir='ltr'>sequentis</span> <span class='ocrx_word' id='word_1_82' title='bbox 994 1039 1068 1099; x_wconf 91' lang='lat' dir='ltr'>baec</span> <span class='ocrx_word' id='word_1_83' title='bbox 1092 1037 1178 1098; x_wconf 85' lang='lat' dir='ltr'>addit</span> <span class='ocrx_word' id='word_1_84' title='bbox 1199 1037 1373 1100; x_wconf 85' lang='lat' dir='ltr'>Welserus:</span> <span class='ocrx_word' id='word_1_85' title='bbox 1398 1037 1496 1098; x_wconf 89' lang='lat' dir='ltr'>Salve</span> <span class='ocrx_word' id='word_1_86' title='bbox 1514 1037 1567 1099; x_wconf 92' lang='lat' dir='ltr'>Vir</span> <span class='ocrx_word' id='word_1_87' title='bbox 1580 1037 1661 1101; x_wconf 73' lang='lat' dir='ltr'>Claris</span> 
     </span>
     <span class='ocr_line' id='line_1_10' title="bbox 352 1123 1661 1207; baseline -0.005 -16"><span class='ocrx_word' id='word_1_88' title='bbox 352 1129 437 1191; x_wconf 89' lang='lat' dir='ltr'>sime.</span> <span class='ocrx_word' id='word_1_89' title='bbox 485 1125 561 1190; x_wconf 80' lang='lat' dir='ltr'>Cum</span> <span class='ocrx_word' id='word_1_90' title='bbox 586 1123 741 1188; x_wconf 81' lang='lat' dir='ltr'>Galilaeae</span> <span class='ocrx_word' id='word_1_91' title='bbox 773 1127 811 1187; x_wconf 92' lang='lat' dir='ltr'>ad</span> <span class='ocrx_word' id='word_1_92' title='bbox 838 1126 957 1206; x_wconf 87' lang='lat' dir='ltr'>Apellis</span> <span class='ocrx_word' id='word_1_93' title='bbox 988 1126 1131 1207; x_wconf 89' lang='lat' dir='ltr'>epistolas</span> <span class='ocrx_word' id='word_1_94' title='bbox 1163 1125 1282 1207; x_wconf 92' lang='lat' dir='ltr'>copiose</span> <span class='ocrx_word' id='word_1_95' title='bbox 1314 1127 1508 1206; x_wconf 89' lang='lat' dir='ltr'>responderit</span> <span class='ocrx_word' id='word_1_96' title='bbox 1541 1132 1592 1200; x_wconf 78' lang='lat' dir='ltr'>(Op</span> <span class='ocrx_word' id='word_1_97' title='bbox 1612 1136 1661 1186; x_wconf 79' lang='lat' dir='ltr'>ortt</span> 
     </span>
     <span class='ocr_line' id='line_1_11' title="bbox 351 1214 1660 1294; baseline 0 -18"><span class='ocrx_word' id='word_1_98' title='bbox 351 1226 396 1278; x_wconf 78' lang='lat' dir='ltr'>Ed.</span> <span class='ocrx_word' id='word_1_99' title='bbox 417 1225 479 1276; x_wconf 70' lang='lat' dir='ltr'>ntor.</span> <span class='ocrx_word' id='word_1_100' title='bbox 500 1221 662 1288; x_wconf 84' lang='lat' dir='ltr'>v01.111.p.</span> <span class='ocrx_word' id='word_1_101' title='bbox 683 1219 757 1284; x_wconf 77' lang='lat' dir='ltr'>tot.)</span> <span class='ocrx_word' id='word_1_102' title='bbox 772 1223 815 1275; x_wconf 83' lang='lat' dir='ltr'>et</span> <span class='ocrx_word' id='word_1_103' title='bbox 839 1217 876 1275; x_wconf 88' lang='lat' dir='ltr'>ad</span> <span class='ocrx_word' id='word_1_104' title='bbox 905 1224 987 1277; x_wconf 89' lang='lat' dir='ltr'>tuam</span> <span class='ocrx_word' id='word_1_105' title='bbox 1011 1215 1190 1277; x_wconf 87' lang='lat' dir='ltr'>sententiam</span> <span class='ocrx_word' id='word_1_106' title='bbox 1222 1217 1257 1278; x_wconf 92' lang='lat' dir='ltr'>de</span> <span class='ocrx_word' id='word_1_107' title='bbox 1282 1217 1407 1278; x_wconf 91' lang='lat' dir='ltr'>maculis</span> <span class='ocrx_word' id='word_1_108' title='bbox 1433 1214 1584 1278; x_wconf 87' lang='lat' dir='ltr'>Solaribns</span> <span class='ocrx_word' id='word_1_109' title='bbox 1603 1217 1660 1294; x_wconf 79' lang='lat' dir='ltr'>louge</span> 
     </span>
     <span class='ocr_line' id='line_1_12' title="bbox 351 1304 1660 1388; baseline -0.003 -19"><span class='ocrx_word' id='word_1_110' title='bbox 351 1308 474 1388; x_wconf 88' lang='lat' dir='ltr'>propius</span> <span class='ocrx_word' id='word_1_111' title='bbox 501 1324 589 1386; x_wconf 90' lang='lat' dir='ltr'>quam</span> <span class='ocrx_word' id='word_1_112' title='bbox 612 1305 651 1365; x_wconf 90' lang='lat' dir='ltr'>ad</span> <span class='ocrx_word' id='word_1_113' title='bbox 673 1304 831 1386; x_wconf 86' lang='lat' dir='ltr'>Apelleam</span> <span class='ocrx_word' id='word_1_114' title='bbox 854 1306 996 1366; x_wconf 86' lang='lat' dir='ltr'>accedere</span> <span class='ocrx_word' id='word_1_115' title='bbox 1020 1305 1170 1380; x_wconf 89' lang='lat' dir='ltr'>videatur,</span> <span class='ocrx_word' id='word_1_116' title='bbox 1203 1304 1258 1366; x_wconf 93' lang='lat' dir='ltr'>tibi</span> <span class='ocrx_word' id='word_1_117' title='bbox 1287 1305 1405 1367; x_wconf 91' lang='lat' dir='ltr'>omnino</span> <span class='ocrx_word' id='word_1_118' title='bbox 1439 1305 1507 1384; x_wconf 90' lang='lat' dir='ltr'>ejus</span> <span class='ocrx_word' id='word_1_119' title='bbox 1529 1305 1660 1385; x_wconf 85' lang='lat' dir='ltr'>scriptionis</span> 
     </span>
     <span class='ocr_line' id='line_1_13' title="bbox 353 1392 1660 1477; baseline -0.003 -19"><span class='ocrx_word' id='word_1_120' title='bbox 353 1397 519 1477; x_wconf 80' lang='lat' dir='ltr'>exemplum</span> <span class='ocrx_word' id='word_1_121' title='bbox 544 1392 721 1456; x_wconf 90' lang='lat' dir='ltr'>mittendum</span> <span class='ocrx_word' id='word_1_122' title='bbox 753 1393 932 1454; x_wconf 85' lang='lat' dir='ltr'>existimavi.</span> <span class='ocrx_word' id='word_1_123' title='bbox 978 1393 1105 1455; x_wconf 90' lang='lat' dir='ltr'>Videbis</span> <span class='ocrx_word' id='word_1_124' title='bbox 1133 1393 1277 1474; x_wconf 91' lang='lat' dir='ltr'>optimum</span> <span class='ocrx_word' id='word_1_125' title='bbox 1308 1414 1413 1456; x_wconf 87' lang='lat' dir='ltr'>senem</span> <span class='ocrx_word' id='word_1_126' title='bbox 1446 1395 1660 1475; x_wconf 86' lang='lat' dir='ltr'>quantumvisir</span> 
     </span>
     <span class='ocr_line' id='line_1_14' title="bbox 351 1482 1660 1567; baseline -0.004 -19"><span class='ocrx_word' id='word_1_127' title='bbox 351 1485 520 1567; x_wconf 84' lang='lat' dir='ltr'>opinionum</span> <span class='ocrx_word' id='word_1_128' title='bbox 541 1482 678 1544; x_wconf 89' lang='lat' dir='ltr'>dissensu</span> <span class='ocrx_word' id='word_1_129' title='bbox 702 1482 923 1544; x_wconf 88' lang='lat' dir='ltr'>modestissime</span> <span class='ocrx_word' id='word_1_130' title='bbox 943 1501 1009 1544; x_wconf 91' lang='lat' dir='ltr'>cum</span> <span class='ocrx_word' id='word_1_131' title='bbox 1028 1483 1199 1547; x_wconf 87' lang='lat' dir='ltr'>adversario</span> <span class='ocrx_word' id='word_1_132' title='bbox 1218 1503 1318 1562; x_wconf 84' lang='lat' dir='ltr'>agere,</span> <span class='ocrx_word' id='word_1_133' title='bbox 1342 1483 1416 1545; x_wconf 94' lang='lat' dir='ltr'>nibil</span> <span class='ocrx_word' id='word_1_134' title='bbox 1437 1483 1596 1556; x_wconf 86' lang='lat' dir='ltr'>dentatum,</span> <span class='ocrx_word' id='word_1_135' title='bbox 1616 1482 1660 1543; x_wconf 90' lang='lat' dir='ltr'>nibil</span> 
     </span>
     <span class='ocr_line' id='line_1_15' title="bbox 350 1551 1660 1653; baseline -0.005 -16"><span class='ocrx_word' id='word_1_136' title='bbox 350 1575 519 1636; x_wconf 87' lang='lat' dir='ltr'>aculeatum</span> <span class='ocrx_word' id='word_1_137' title='bbox 543 1572 780 1647; x_wconf 87' lang='lat' dir='ltr'>animadvertes,</span> <span class='ocrx_word' id='word_1_138' title='bbox 814 1591 889 1652; x_wconf 89' lang='lat' dir='ltr'>qnae</span> <span class='ocrx_word' id='word_1_139' title='bbox 923 1551 979 1653; x_wconf 49' lang='lat' dir='ltr'>&amp;lo</span> <span class='ocrx_word' id='word_1_140' title='bbox 1011 1571 1099 1634; x_wconf 86' lang='lat' dir='ltr'>bodie</span> <span class='ocrx_word' id='word_1_141' title='bbox 1132 1573 1210 1634; x_wconf 90' lang='lat' dir='ltr'>inter</span> <span class='ocrx_word' id='word_1_142' title='bbox 1237 1573 1398 1652; x_wconf 83' lang='lat' dir='ltr'>scriptores</span> <span class='ocrx_word' id='word_1_143' title='bbox 1433 1573 1531 1634; x_wconf 91' lang='lat' dir='ltr'>rarior</span> <span class='ocrx_word' id='word_1_144' title='bbox 1561 1593 1592 1633; x_wconf 93' lang='lat' dir='ltr'>eo</span> <span class='ocrx_word' id='word_1_145' title='bbox 1610 1572 1660 1632; x_wconf 80' lang='lat' dir='ltr'>baud</span> 
     </span>
     <span class='ocr_line' id='line_1_16' title="bbox 352 1660 1596 1744; baseline -0.003 -18"><span class='ocrx_word' id='word_1_146' title='bbox 352 1664 441 1726; x_wconf 88' lang='lat' dir='ltr'>dubie</span> <span class='ocrx_word' id='word_1_147' title='bbox 466 1661 616 1744; x_wconf 88' lang='lat' dir='ltr'>pulchrior</span> <span class='ocrx_word' id='word_1_148' title='bbox 639 1660 705 1722; x_wconf 92' lang='lat' dir='ltr'>laus</span> <span class='ocrx_word' id='word_1_149' title='bbox 729 1670 794 1735; x_wconf 83' lang='lat' dir='ltr'>est3</span> <span class='ocrx_word' id='word_1_150' title='bbox 818 1679 872 1740; x_wconf 86' lang='lat' dir='ltr'>ego</span> <span class='ocrx_word' id='word_1_151' title='bbox 896 1660 1033 1722; x_wconf 86' lang='lat' dir='ltr'>fiduciam</span> <span class='ocrx_word' id='word_1_152' title='bbox 1056 1661 1195 1723; x_wconf 89' lang='lat' dir='ltr'>veritatis</span> <span class='ocrx_word' id='word_1_153' title='bbox 1219 1661 1409 1741; x_wconf 87' lang='lat' dir='ltr'>interpretari</span> <span class='ocrx_word' id='word_1_154' title='bbox 1435 1660 1521 1724; x_wconf 90' lang='lat' dir='ltr'>soleo</span> <span class='ocrx_word' id='word_1_155' title='bbox 1545 1671 1596 1722; x_wconf 88' lang='lat' dir='ltr'>etc.</span> 
     </span>
    </p>

    <p class='ocr_par' dir='ltr' id='par_1_3' title="bbox 349 1750 1661 2100">
     <span class='ocr_line' id='line_1_17' title="bbox 439 1750 1659 1831; baseline -0.006 -15"><span class='ocrx_word' id='word_1_156' title='bbox 439 1753 557 1816; x_wconf 87' lang='lat' dir='ltr'>Nomen</span> <span class='ocrx_word' id='word_1_157' title='bbox 573 1750 732 1831; x_wconf 83' lang='lat' dir='ltr'>„Apellis“</span> <span class='ocrx_word' id='word_1_158' title='bbox 759 1752 836 1830; x_wconf 91' lang='lat' dir='ltr'>quod</span> <span class='ocrx_word' id='word_1_159' title='bbox 860 1750 978 1823; x_wconf 87' lang='lat' dir='ltr'>attinet,</span> <span class='ocrx_word' id='word_1_160' title='bbox 1003 1753 1165 1813; x_wconf 87' lang='lat' dir='ltr'>notandum</span> <span class='ocrx_word' id='word_1_161' title='bbox 1189 1757 1245 1826; x_wconf 88' lang='lat' dir='ltr'>est,</span> <span class='ocrx_word' id='word_1_162' title='bbox 1270 1751 1428 1814; x_wconf 90' lang='lat' dir='ltr'>literarum</span> <span class='ocrx_word' id='word_1_163' title='bbox 1451 1751 1568 1812; x_wconf 87' lang='lat' dir='ltr'>illarum</span> <span class='ocrx_word' id='word_1_164' title='bbox 1587 1769 1659 1812; x_wconf 82' lang='lat' dir='ltr'>seam</span> 
     </span>
     <span class='ocr_line' id='line_1_18' title="bbox 351 1826 1661 1921; baseline -0.005 -16"><span class='ocrx_word' id='word_1_165' title='bbox 351 1843 421 1906; x_wconf 89' lang='lat' dir='ltr'>dam</span> <span class='ocrx_word' id='word_1_166' title='bbox 441 1843 489 1916; x_wconf 70' lang='lat' dir='ltr'>ld.</span> <span class='ocrx_word' id='word_1_167' title='bbox 515 1826 543 1904; x_wconf 88' lang='lat' dir='ltr'>d.</span> <span class='ocrx_word' id='word_1_168' title='bbox 572 1838 622 1903; x_wconf 84' lang='grc'>14.</span> <span class='ocrx_word' id='word_1_169' title='bbox 647 1841 720 1920; x_wconf 87' lang='lat' dir='ltr'>Apr.</span> <span class='ocrx_word' id='word_1_170' title='bbox 747 1835 856 1912; x_wconf 84' lang='grc'><strong>1612.)</strong></span> <span class='ocrx_word' id='word_1_171' title='bbox 888 1840 1104 1919; x_wconf 86' lang='lat' dir='ltr'>subscripsisse</span> <span class='ocrx_word' id='word_1_172' title='bbox 1138 1840 1349 1902; x_wconf 87' lang='lat' dir='ltr'>Scheinerum:</span> <span class='ocrx_word' id='word_1_173' title='bbox 1380 1840 1514 1921; x_wconf 83' lang='lat' dir='ltr'>Apelles</span> <span class='ocrx_word' id='word_1_174' title='bbox 1545 1851 1605 1902; x_wconf 90' lang='lat' dir='ltr'>tuos</span> <span class='ocrx_word' id='word_1_175' title='bbox 1627 1838 1661 1898; x_wconf 86' lang='lat' dir='ltr'>tili</span> 
     </span>
     <span class='ocr_line' id='line_1_19' title="bbox 351 1927 1658 2008; baseline -0.005 -14"><span class='ocrx_word' id='word_1_176' title='bbox 351 1933 408 1994; x_wconf 92' lang='lat' dir='ltr'>soli</span> <span class='ocrx_word' id='word_1_177' title='bbox 440 1939 544 2006; x_wconf 86' lang='lat' dir='ltr'>notos,</span> <span class='ocrx_word' id='word_1_178' title='bbox 578 1929 646 1992; x_wconf 88' lang='lat' dir='ltr'>aliis</span> <span class='ocrx_word' id='word_1_179' title='bbox 678 1929 795 2008; x_wconf 80' lang='lat' dir='ltr'>ignotus</span> <span class='ocrx_word' id='word_1_180' title='bbox 819 1929 937 2002; x_wconf 88' lang='lat' dir='ltr'>luceat;</span> <span class='ocrx_word' id='word_1_181' title='bbox 971 1929 1092 1990; x_wconf 86' lang='lat' dir='ltr'>tertiam</span> <span class='ocrx_word' id='word_1_182' title='bbox 1124 1929 1169 2004; x_wconf 87' lang='lat' dir='ltr'>(d.</span> <span class='ocrx_word' id='word_1_183' title='bbox 1194 1930 1223 1992; x_wconf 90' lang='lat' dir='ltr'>d.</span> <span class='ocrx_word' id='word_1_184' title='bbox 1248 1927 1299 1994; x_wconf 81' lang='grc'>25.</span> <span class='ocrx_word' id='word_1_185' title='bbox 1321 1929 1383 1991; x_wconf 86' lang='lat' dir='ltr'>Jul.</span> <span class='ocrx_word' id='word_1_186' title='bbox 1412 1928 1542 2003; x_wconf 83' lang='grc'><strong>1612.);</strong></span> <span class='ocrx_word' id='word_1_187' title='bbox 1572 1929 1658 2008; x_wconf 80' lang='lat' dir='ltr'>Apelle</span> 
     </span>
     <span class='ocr_line' id='line_1_20' title="bbox 349 2017 1620 2100; baseline -0.004 -16"><span class='ocrx_word' id='word_1_188' title='bbox 349 2021 448 2084; x_wconf 90' lang='lat' dir='ltr'>latens</span> <span class='ocrx_word' id='word_1_189' title='bbox 472 2021 526 2082; x_wconf 91' lang='lat' dir='ltr'>sub</span> <span class='ocrx_word' id='word_1_190' title='bbox 538 2020 699 2092; x_wconf 70' lang='lat' dir='ltr'>tabulam,</span> <span class='ocrx_word' id='word_1_191' title='bbox 724 2017 772 2080; x_wconf 91' lang='lat' dir='ltr'>vel</span> <span class='ocrx_word' id='word_1_192' title='bbox 795 2017 821 2079; x_wconf 92' lang='lat' dir='ltr'>si</span> <span class='ocrx_word' id='word_1_193' title='bbox 844 2017 954 2079; x_wconf 83' lang='lat' dir='ltr'>mavis:</span> <span class='ocrx_word' id='word_1_194' title='bbox 979 2019 1104 2100; x_wconf 89' lang='lat' dir='ltr'>Ulysses</span> <span class='ocrx_word' id='word_1_195' title='bbox 1128 2019 1182 2080; x_wconf 89' lang='lat' dir='ltr'>snb</span> <span class='ocrx_word' id='word_1_196' title='bbox 1205 2019 1311 2098; x_wconf 88' lang='lat' dir='ltr'>Ajacis</span> <span class='ocrx_word' id='word_1_197' title='bbox 1335 2020 1455 2100; x_wconf 82' lang='lat' dir='ltr'>clypeo.</span> <span class='ocrx_word' id='word_1_198' title='bbox 1498 2069 1503 2086; x_wconf 83' lang='lat'>,</span> <span class='ocrx_word' id='word_1_199' title='bbox 1617 2031 1620 2038; x_wconf 90' lang='grc'><strong><em>’</em></strong></span> 
     </span>
    </p>

    <p class='ocr_par' dir='ltr' id='par_1_4' title="bbox 349 2105 1658 2282">
     <span class='ocr_line' id='line_1_21' title="bbox 440 2105 1658 2188; baseline -0.007 -16"><span class='ocrx_word' id='word_1_200' title='bbox 440 2107 586 2172; x_wconf 87' lang='lat' dir='ltr'>Perlectis</span> <span class='ocrx_word' id='word_1_201' title='bbox 619 2107 712 2187; x_wconf 86' lang='lat' dir='ltr'>igitur</span> <span class='ocrx_word' id='word_1_202' title='bbox 746 2107 903 2186; x_wconf 81' lang='lat' dir='ltr'>,Apellis“</span> <span class='ocrx_word' id='word_1_203' title='bbox 936 2106 1044 2180; x_wconf 90' lang='lat' dir='ltr'>literis,</span> <span class='ocrx_word' id='word_1_204' title='bbox 1078 2127 1153 2188; x_wconf 90' lang='lat' dir='ltr'>quas</span> <span class='ocrx_word' id='word_1_205' title='bbox 1185 2109 1358 2188; x_wconf 86' lang='lat' dir='ltr'>priusquam</span> <span class='ocrx_word' id='word_1_206' title='bbox 1385 2107 1545 2171; x_wconf 87' lang='lat' dir='ltr'>Welserus</span> <span class='ocrx_word' id='word_1_207' title='bbox 1574 2105 1658 2168; x_wconf 76' lang='lat' dir='ltr'>nien</span> 
     </span>
     <span class='ocr_line' id='line_1_22' title="bbox 349 2196 1581 2282; baseline -0.004 -20"><span class='ocrx_word' id='word_1_208' title='bbox 349 2219 403 2282; x_wconf 89' lang='lat' dir='ltr'>per</span> <span class='ocrx_word' id='word_1_209' title='bbox 426 2199 674 2265; x_wconf 87' lang='lat' dir='ltr'>Waclbernm</span> <span class='ocrx_word' id='word_1_210' title='bbox 697 2197 840 2276; x_wconf 78' lang='lat' dir='ltr'>legendas</span> <span class='ocrx_word' id='word_1_211' title='bbox 864 2196 991 2276; x_wconf 87' lang='lat' dir='ltr'>accepit,</span> <span class='ocrx_word' id='word_1_212' title='bbox 1015 2197 1089 2260; x_wconf 85' lang='lat' dir='ltr'>baec</span> <span class='ocrx_word' id='word_1_213' title='bbox 1112 2198 1196 2260; x_wconf 81' lang='lat' dir='ltr'>deelit</span> <span class='ocrx_word' id='word_1_214' title='bbox 1217 2197 1388 2260; x_wconf 82' lang='lat' dir='ltr'>Wackhero</span> <span class='ocrx_word' id='word_1_215' title='bbox 1413 2197 1581 2280; x_wconf 87' lang='lat' dir='ltr'>Keplerus:</span> 
     </span>
    </p>
   </div>
   <div class='ocr_carea' id='block_1_3' title="bbox 523 2461 1525 2644">
    <p class='ocr_par' dir='ltr' id='par_1_5' title="bbox 523 2461 1525 2644">
     <span class='ocr_line' id='line_1_23' title="bbox 523 2461 1525 2562; baseline -0.002 -21"><span class='ocrx_word' id='word_1_216' title='bbox 523 2465 677 2540; x_wconf 88' lang='lat' dir='ltr'>Illustris</span> <span class='ocrx_word' id='word_1_217' title='bbox 705 2461 742 2536; x_wconf 85' lang='lat' dir='ltr'>S.</span> <span class='ocrx_word' id='word_1_218' title='bbox 772 2461 876 2537; x_wconf 90' lang='lat' dir='ltr'>Caes.</span> <span class='ocrx_word' id='word_1_219' title='bbox 904 2461 1047 2562; x_wconf 90' lang='lat' dir='ltr'>Majest.</span> <span class='ocrx_word' id='word_1_220' title='bbox 1078 2462 1298 2550; x_wconf 89' lang='lat' dir='ltr'>Consiliarie,</span> <span class='ocrx_word' id='word_1_221' title='bbox 1319 2465 1525 2539; x_wconf 83' lang='lat' dir='ltr'>Maecenas</span> 
     </span>
     <span class='ocr_line' id='line_1_24' title="bbox 848 2570 1191 2644; baseline -0.003 0"><span class='ocrx_word' id='word_1_222' title='bbox 848 2570 1191 2644; x_wconf 87' lang='lat' dir='ltr'>benevolentissime.</span> 
     </span>
    </p>
   </div>
   <div class='ocr_carea' id='block_1_4' title="bbox 346 2705 1684 4868">
    <p class='ocr_par' dir='ltr' id='par_1_6' title="bbox 346 2705 1684 4868">
     <span class='ocr_line' id='line_1_25' title="bbox 438 2705 1684 2813; baseline -0.011 -13"><span class='ocrx_word' id='word_1_223' title='bbox 438 2735 535 2810; x_wconf 85' lang='lat' dir='ltr'>Quam</span> <span class='ocrx_word' id='word_1_224' title='bbox 559 2735 597 2796; x_wconf 87' lang='lat' dir='ltr'>ad</span> <span class='ocrx_word' id='word_1_225' title='bbox 620 2705 668 2796; x_wconf 63' lang='lat' dir='ltr'>m&#39;e</span> <span class='ocrx_word' id='word_1_226' title='bbox 691 2731 801 2794; x_wconf 88' lang='lat' dir='ltr'>misisti</span> <span class='ocrx_word' id='word_1_227' title='bbox 824 2731 1037 2812; x_wconf 81' lang='lat' dir='ltr'>virgunculam,</span> <span class='ocrx_word' id='word_1_228' title='bbox 1061 2733 1170 2794; x_wconf 87' lang='lat' dir='ltr'>vellem</span> <span class='ocrx_word' id='word_1_229' title='bbox 1193 2731 1345 2813; x_wconf 89' lang='lat' dir='ltr'>equidem,</span> <span class='ocrx_word' id='word_1_230' title='bbox 1369 2733 1413 2795; x_wconf 90' lang='lat' dir='ltr'>uti</span> <span class='ocrx_word' id='word_1_231' title='bbox 1438 2733 1565 2806; x_wconf 79' lang='lat' dir='ltr'>suades,</span> <span class='ocrx_word' id='word_1_232' title='bbox 1587 2728 1660 2806; x_wconf 81' lang='lat' dir='ltr'>deglr</span> <span class='ocrx_word' id='word_1_233' title='bbox 1683 2757 1684 2760; x_wconf 33' lang='lat'>¹</span> 
     </span>
     <span class='ocr_line' id='line_1_26' title="bbox 349 2817 1659 2900; baseline -0.011 -10"><span class='ocrx_word' id='word_1_234' title='bbox 349 2827 421 2890; x_wconf 89' lang='lat' dir='ltr'>bere</span> <span class='ocrx_word' id='word_1_235' title='bbox 444 2845 482 2890; x_wconf 84' lang='lat' dir='ltr'>ex</span> <span class='ocrx_word' id='word_1_236' title='bbox 506 2823 595 2888; x_wconf 85' lang='lat' dir='ltr'>animi</span> <span class='ocrx_word' id='word_1_237' title='bbox 619 2823 678 2884; x_wconf 89' lang='lat' dir='ltr'>mei</span> <span class='ocrx_word' id='word_1_238' title='bbox 701 2821 851 2884; x_wconf 86' lang='lat' dir='ltr'>sententia</span> <span class='ocrx_word' id='word_1_239' title='bbox 872 2839 1006 2900; x_wconf 87' lang='lat' dir='ltr'>possem:</span> <span class='ocrx_word' id='word_1_240' title='bbox 1040 2821 1115 2882; x_wconf 92' lang='lat' dir='ltr'>adeo</span> <span class='ocrx_word' id='word_1_241' title='bbox 1148 2823 1280 2884; x_wconf 79' lang='lat' dir='ltr'>formosa</span> <span class='ocrx_word' id='word_1_242' title='bbox 1310 2830 1343 2883; x_wconf 92' lang='lat' dir='ltr'>et</span> <span class='ocrx_word' id='word_1_243' title='bbox 1365 2821 1502 2886; x_wconf 79' lang='lat' dir='ltr'>delicata</span> <span class='ocrx_word' id='word_1_244' title='bbox 1524 2831 1582 2896; x_wconf 89' lang='lat' dir='ltr'>est,</span> <span class='ocrx_word' id='word_1_245' title='bbox 1610 2817 1659 2878; x_wconf 83' lang='lat' dir='ltr'>addc</span> 
     </span>
     <span class='ocr_line' id='line_1_27' title="bbox 350 2905 1658 2998; baseline -0.009 -20"><span class='ocrx_word' id='word_1_246' title='bbox 350 2927 382 2980; x_wconf 88' lang='lat' dir='ltr'>et</span> <span class='ocrx_word' id='word_1_247' title='bbox 405 2934 569 2998; x_wconf 85' lang='lat' dir='ltr'>generosa:</span> <span class='ocrx_word' id='word_1_248' title='bbox 594 2929 696 2974; x_wconf 87' lang='lat' dir='ltr'>verum</span> <span class='ocrx_word' id='word_1_249' title='bbox 719 2911 820 2973; x_wconf 86' lang='lat' dir='ltr'>nescio</span> <span class='ocrx_word' id='word_1_250' title='bbox 844 2910 893 2990; x_wconf 90' lang='lat' dir='ltr'>qui</span> <span class='ocrx_word' id='word_1_251' title='bbox 916 2910 984 2985; x_wconf 84' lang='lat' dir='ltr'>liat,</span> <span class='ocrx_word' id='word_1_252' title='bbox 1016 2919 1049 2970; x_wconf 86' lang='lat' dir='ltr'>nt</span> <span class='ocrx_word' id='word_1_253' title='bbox 1082 2929 1139 2991; x_wconf 92' lang='lat' dir='ltr'>qno</span> <span class='ocrx_word' id='word_1_254' title='bbox 1169 2911 1270 2991; x_wconf 87' lang='lat' dir='ltr'>plures</span> <span class='ocrx_word' id='word_1_255' title='bbox 1293 2911 1464 2991; x_wconf 86' lang='lat' dir='ltr'>hujusmodi</span> <span class='ocrx_word' id='word_1_256' title='bbox 1487 2912 1610 2989; x_wconf 79' lang='lat' dir='ltr'>virgines</span> <span class='ocrx_word' id='word_1_257' title='bbox 1627 2905 1658 2966; x_wconf 85' lang='lat' dir='ltr'>sul</span> 
     </span>
     <span class='ocr_line' id='line_1_28' title="bbox 349 2997 1657 3084; baseline -0.008 -14"><span class='ocrx_word' id='word_1_258' title='bbox 349 3026 447 3070; x_wconf 90' lang='lat' dir='ltr'>meum</span> <span class='ocrx_word' id='word_1_259' title='bbox 471 3007 646 3084; x_wconf 88' lang='lat' dir='ltr'>adspectum</span> <span class='ocrx_word' id='word_1_260' title='bbox 668 3001 805 3074; x_wconf 86' lang='lat' dir='ltr'>veniant,</span> <span class='ocrx_word' id='word_1_261' title='bbox 830 3018 944 3080; x_wconf 91' lang='lat' dir='ltr'>quoque</span> <span class='ocrx_word' id='word_1_262' title='bbox 967 3000 1068 3079; x_wconf 88' lang='lat' dir='ltr'>plures</span> <span class='ocrx_word' id='word_1_263' title='bbox 1091 3018 1147 3078; x_wconf 85' lang='lat' dir='ltr'>ego</span> <span class='ocrx_word' id='word_1_264' title='bbox 1171 3001 1312 3062; x_wconf 78' lang='lat' dir='ltr'>adamare</span> <span class='ocrx_word' id='word_1_265' title='bbox 1335 3001 1496 3081; x_wconf 87' lang='lat' dir='ltr'>incipiam,</span> <span class='ocrx_word' id='word_1_266' title='bbox 1523 3002 1576 3063; x_wconf 90' lang='lat' dir='ltr'>hoc</span> <span class='ocrx_word' id='word_1_267' title='bbox 1596 2997 1657 3059; x_wconf 79' lang='lat' dir='ltr'>miuv</span> 
     </span>
     <span class='ocr_line' id='line_1_29' title="bbox 350 3088 1656 3176; baseline -0.011 -18"><span class='ocrx_word' id='word_1_268' title='bbox 350 3095 482 3176; x_wconf 89' lang='lat' dir='ltr'>quotidie</span> <span class='ocrx_word' id='word_1_269' title='bbox 505 3093 629 3174; x_wconf 86' lang='lat' dir='ltr'>possim.</span> <span class='ocrx_word' id='word_1_270' title='bbox 667 3091 754 3152; x_wconf 84' lang='lat' dir='ltr'>Adeo</span> <span class='ocrx_word' id='word_1_271' title='bbox 776 3089 824 3150; x_wconf 85' lang='lat' dir='ltr'>vel</span> <span class='ocrx_word' id='word_1_272' title='bbox 847 3089 930 3150; x_wconf 89' lang='lat' dir='ltr'>solus</span> <span class='ocrx_word' id='word_1_273' title='bbox 951 3107 1052 3153; x_wconf 86' lang='lat' dir='ltr'>aarum</span> <span class='ocrx_word' id='word_1_274' title='bbox 1070 3099 1249 3169; x_wconf 87' lang='lat' dir='ltr'>conspectus</span> <span class='ocrx_word' id='word_1_275' title='bbox 1267 3099 1393 3152; x_wconf 76' lang='lat' dir='ltr'>enervat</span> <span class='ocrx_word' id='word_1_276' title='bbox 1411 3091 1510 3165; x_wconf 85' lang='lat' dir='ltr'>vires;</span> <span class='ocrx_word' id='word_1_277' title='bbox 1534 3099 1564 3152; x_wconf 88' lang='lat' dir='ltr'>et</span> <span class='ocrx_word' id='word_1_278' title='bbox 1583 3088 1656 3164; x_wconf 78' lang='lat' dir='ltr'>despe</span> 
     </span>
     <span class='ocr_line' id='line_1_30' title="bbox 350 3173 1658 3262; baseline -0.011 -16"><span class='ocrx_word' id='word_1_279' title='bbox 350 3185 469 3246; x_wconf 88' lang='lat' dir='ltr'>ratione</span> <span class='ocrx_word' id='word_1_280' title='bbox 492 3183 613 3262; x_wconf 78' lang='lat' dir='ltr'>objecta</span> <span class='ocrx_word' id='word_1_281' title='bbox 635 3179 770 3260; x_wconf 86' lang='lat' dir='ltr'>potiundi</span> <span class='ocrx_word' id='word_1_282' title='bbox 794 3177 957 3251; x_wconf 86' lang='lat' dir='ltr'>universis,</span> <span class='ocrx_word' id='word_1_283' title='bbox 986 3177 1134 3239; x_wconf 89' lang='lat' dir='ltr'>vilitatem</span> <span class='ocrx_word' id='word_1_284' title='bbox 1157 3180 1307 3260; x_wconf 87' lang='lat' dir='ltr'>quandam</span> <span class='ocrx_word' id='word_1_285' title='bbox 1330 3189 1362 3240; x_wconf 92' lang='lat' dir='ltr'>et</span> <span class='ocrx_word' id='word_1_286' title='bbox 1384 3181 1561 3242; x_wconf 83' lang='lat' dir='ltr'>satietatem</span> <span class='ocrx_word' id='word_1_287' title='bbox 1581 3173 1658 3238; x_wconf 82' lang='lat' dir='ltr'>inducit</span> 
     </span>
     <span class='ocr_line' id='line_1_31' title="bbox 349 3267 1656 3354; baseline -0.007 -20"><span class='ocrx_word' id='word_1_288' title='bbox 349 3273 550 3354; x_wconf 82' lang='lat' dir='ltr'>singularum,</span> <span class='ocrx_word' id='word_1_289' title='bbox 581 3269 679 3332; x_wconf 85' lang='lat' dir='ltr'>animo</span> <span class='ocrx_word' id='word_1_290' title='bbox 702 3268 809 3348; x_wconf 86' lang='lat' dir='ltr'>impari</span> <span class='ocrx_word' id='word_1_291' title='bbox 832 3275 895 3328; x_wconf 86' lang='lat' dir='ltr'>tam</span> <span class='ocrx_word' id='word_1_292' title='bbox 918 3267 1010 3328; x_wconf 89' lang='lat' dir='ltr'>variis</span> <span class='ocrx_word' id='word_1_293' title='bbox 1033 3267 1200 3331; x_wconf 90' lang='lat' dir='ltr'>desideriis.</span> <span class='ocrx_word' id='word_1_294' title='bbox 1247 3267 1355 3330; x_wconf 75' lang='lat' dir='ltr'>Totam</span> <span class='ocrx_word' id='word_1_295' title='bbox 1386 3269 1467 3330; x_wconf 86' lang='lat' dir='ltr'>hanc</span> <span class='ocrx_word' id='word_1_296' title='bbox 1491 3277 1601 3330; x_wconf 91' lang='lat' dir='ltr'>noctem</span> <span class='ocrx_word' id='word_1_297' title='bbox 1619 3278 1656 3324; x_wconf 84' lang='lat' dir='ltr'>cuv</span> 
     </span>
     <span class='ocr_line' id='line_1_32' title="bbox 349 3356 1657 3439; baseline -0.008 -14"><span class='ocrx_word' id='word_1_298' title='bbox 349 3364 406 3425; x_wconf 87' lang='lat' dir='ltr'>hac</span> <span class='ocrx_word' id='word_1_299' title='bbox 430 3361 545 3422; x_wconf 84' lang='lat' dir='ltr'>novitia</span> <span class='ocrx_word' id='word_1_300' title='bbox 567 3358 749 3439; x_wconf 90' lang='lat' dir='ltr'>pulchellula</span> <span class='ocrx_word' id='word_1_301' title='bbox 771 3356 924 3418; x_wconf 80' lang='lat' dir='ltr'>volutatus</span> <span class='ocrx_word' id='word_1_302' title='bbox 947 3357 1033 3419; x_wconf 83' lang='lat' dir='ltr'>effeci</span> <span class='ocrx_word' id='word_1_303' title='bbox 1055 3357 1145 3418; x_wconf 88' lang='lat' dir='ltr'>nihil:</span> <span class='ocrx_word' id='word_1_304' title='bbox 1178 3358 1279 3419; x_wconf 89' lang='lat' dir='ltr'>dotem</span> <span class='ocrx_word' id='word_1_305' title='bbox 1311 3377 1399 3439; x_wconf 88' lang='lat' dir='ltr'>quam</span> <span class='ocrx_word' id='word_1_306' title='bbox 1432 3359 1539 3420; x_wconf 87' lang='lat' dir='ltr'>attulit</span> <span class='ocrx_word' id='word_1_307' title='bbox 1565 3373 1610 3436; x_wconf 87' lang='lat' dir='ltr'>per</span> <span class='ocrx_word' id='word_1_308' title='bbox 1632 3366 1657 3410; x_wconf 81' lang='lat' dir='ltr'>m</span> 
     </span>
     <span class='ocr_line' id='line_1_33' title="bbox 349 3435 1656 3528; baseline -0.01 -14"><span class='ocrx_word' id='word_1_309' title='bbox 349 3451 479 3514; x_wconf 89' lang='lat' dir='ltr'>obtinet.</span> <span class='ocrx_word' id='word_1_310' title='bbox 526 3449 726 3510; x_wconf 81' lang='lat' dir='ltr'>Percontatus</span> <span class='ocrx_word' id='word_1_311' title='bbox 751 3465 788 3506; x_wconf 78' lang='lat' dir='ltr'>ex</span> <span class='ocrx_word' id='word_1_312' title='bbox 810 3445 878 3519; x_wconf 88' lang='lat' dir='ltr'>illa,</span> <span class='ocrx_word' id='word_1_313' title='bbox 912 3445 1067 3525; x_wconf 90' lang='lat' dir='ltr'>cujusnam</span> <span class='ocrx_word' id='word_1_314' title='bbox 1090 3455 1173 3508; x_wconf 89' lang='lat' dir='ltr'>esset</span> <span class='ocrx_word' id='word_1_315' title='bbox 1195 3447 1346 3525; x_wconf 83' lang='lat' dir='ltr'>parentis,</span> <span class='ocrx_word' id='word_1_316' title='bbox 1371 3447 1445 3510; x_wconf 92' lang='lat' dir='ltr'>nihil</span> <span class='ocrx_word' id='word_1_317' title='bbox 1470 3447 1598 3528; x_wconf 91' lang='lat' dir='ltr'>quidem,</span> <span class='ocrx_word' id='word_1_318' title='bbox 1623 3435 1656 3501; x_wconf 74' lang='lat' dir='ltr'>rii</span> 
     </span>
     <span class='ocr_line' id='line_1_34' title="bbox 352 3529 1656 3622; baseline -0.008 -18"><span class='ocrx_word' id='word_1_319' title='bbox 352 3539 509 3622; x_wconf 58' lang='lat' dir='ltr'>„Apellis‘</span> <span class='ocrx_word' id='word_1_320' title='bbox 541 3535 648 3598; x_wconf 88' lang='lat' dir='ltr'>didici:</span> <span class='ocrx_word' id='word_1_321' title='bbox 686 3545 816 3596; x_wconf 88' lang='lat' dir='ltr'>ceterum</span> <span class='ocrx_word' id='word_1_322' title='bbox 848 3535 941 3596; x_wconf 83' lang='lat' dir='ltr'>variis</span> <span class='ocrx_word' id='word_1_323' title='bbox 973 3535 1101 3608; x_wconf 87' lang='lat' dir='ltr'>artibus,</span> <span class='ocrx_word' id='word_1_324' title='bbox 1138 3556 1215 3597; x_wconf 90' lang='lat' dir='ltr'>nunc</span> <span class='ocrx_word' id='word_1_325' title='bbox 1247 3537 1303 3598; x_wconf 89' lang='lat' dir='ltr'>hoc</span> <span class='ocrx_word' id='word_1_326' title='bbox 1335 3556 1412 3598; x_wconf 91' lang='lat' dir='ltr'>nunc</span> <span class='ocrx_word' id='word_1_327' title='bbox 1445 3537 1521 3599; x_wconf 92' lang='lat' dir='ltr'>illud</span> <span class='ocrx_word' id='word_1_328' title='bbox 1552 3529 1656 3610; x_wconf 72' lang='lat' dir='ltr'>rogauit</span> 
     </span>
     <span class='ocr_line' id='line_1_35' title="bbox 347 3621 1656 3718; baseline -0.009 -24"><span class='ocrx_word' id='word_1_329' title='bbox 347 3641 466 3694; x_wconf 83' lang='lat' dir='ltr'>tantum</span> <span class='ocrx_word' id='word_1_330' title='bbox 487 3647 534 3690; x_wconf 90' lang='lat' dir='ltr'>me</span> <span class='ocrx_word' id='word_1_331' title='bbox 555 3634 626 3705; x_wconf 88' lang='lat' dir='ltr'>puto</span> <span class='ocrx_word' id='word_1_332' title='bbox 645 3623 796 3696; x_wconf 89' lang='lat' dir='ltr'>didicisse,</span> <span class='ocrx_word' id='word_1_333' title='bbox 821 3631 853 3684; x_wconf 92' lang='lat' dir='ltr'>ut</span> <span class='ocrx_word' id='word_1_334' title='bbox 867 3623 910 3684; x_wconf 88' lang='lat' dir='ltr'>Te</span> <span class='ocrx_word' id='word_1_335' title='bbox 929 3624 1134 3702; x_wconf 92' lang='lat' dir='ltr'>proculdubio</span> <span class='ocrx_word' id='word_1_336' title='bbox 1152 3643 1253 3686; x_wconf 82' lang='lat' dir='ltr'>errare</span> <span class='ocrx_word' id='word_1_337' title='bbox 1271 3627 1302 3686; x_wconf 89' lang='lat' dir='ltr'>in</span> <span class='ocrx_word' id='word_1_338' title='bbox 1316 3627 1494 3718; x_wconf 67' lang='lat' dir='ltr'>Brenggepo</span> <span class='ocrx_word' id='word_1_339' title='bbox 1512 3621 1656 3686; x_wconf 68' lang='lat' dir='ltr'>existiment</span> 
     </span>
     <span class='ocr_line' id='line_1_36' title="bbox 346 3707 1655 3801; baseline -0.011 -17"><span class='ocrx_word' id='word_1_340' title='bbox 346 3739 415 3784; x_wconf 86' lang='lat' dir='ltr'>mea</span> <span class='ocrx_word' id='word_1_341' title='bbox 438 3719 558 3801; x_wconf 83' lang='lat' dir='ltr'>quidem</span> <span class='ocrx_word' id='word_1_342' title='bbox 579 3715 732 3778; x_wconf 80' lang='lat' dir='ltr'>sententia</span> <span class='ocrx_word' id='word_1_343' title='bbox 754 3721 807 3774; x_wconf 87' lang='lat' dir='ltr'>aut</span> <span class='ocrx_word' id='word_1_344' title='bbox 821 3711 950 3774; x_wconf 83' lang='lat' dir='ltr'>ll&#39;elseri</span> <span class='ocrx_word' id='word_1_345' title='bbox 971 3713 1064 3791; x_wconf 88' lang='lat' dir='ltr'>ipsius</span> <span class='ocrx_word' id='word_1_346' title='bbox 1086 3723 1150 3786; x_wconf 86' lang='lat' dir='ltr'>est,</span> <span class='ocrx_word' id='word_1_347' title='bbox 1174 3734 1244 3776; x_wconf 87' lang='lat' dir='ltr'>nam</span> <span class='ocrx_word' id='word_1_348' title='bbox 1266 3715 1316 3794; x_wconf 85' lang='lat' dir='ltr'>qni</span> <span class='ocrx_word' id='word_1_349' title='bbox 1338 3717 1493 3794; x_wconf 85' lang='lat' dir='ltr'>potuisset</span> <span class='ocrx_word' id='word_1_350' title='bbox 1514 3707 1655 3794; x_wconf 76' lang='lat' dir='ltr'>ingeniosic</span> 
     </span>
     <span class='ocr_line' id='line_1_37' title="bbox 346 3792 1655 3890; baseline -0.015 -16"><span class='ocrx_word' id='word_1_351' title='bbox 346 3811 443 3874; x_wconf 82' lang='lat' dir='ltr'>latere</span> <span class='ocrx_word' id='word_1_352' title='bbox 465 3817 536 3890; x_wconf 89' lang='lat' dir='ltr'>post</span> <span class='ocrx_word' id='word_1_353' title='bbox 558 3824 643 3868; x_wconf 86' lang='lat' dir='ltr'>suam</span> <span class='ocrx_word' id='word_1_354' title='bbox 666 3803 818 3874; x_wconf 69' lang='lat' dir='ltr'>tabulam</span> <span class='ocrx_word' id='word_1_355' title='bbox 841 3811 895 3863; x_wconf 78' lang='lat' dir='ltr'>aut</span> <span class='ocrx_word' id='word_1_356' title='bbox 917 3811 1008 3876; x_wconf 89' lang='lat' dir='ltr'>certe,</span> <span class='ocrx_word' id='word_1_357' title='bbox 1033 3803 1110 3882; x_wconf 92' lang='lat' dir='ltr'>qnod</span> <span class='ocrx_word' id='word_1_358' title='bbox 1131 3804 1228 3882; x_wconf 86' lang='lat' dir='ltr'>magis</span> <span class='ocrx_word' id='word_1_359' title='bbox 1250 3814 1300 3864; x_wconf 86' lang='lat' dir='ltr'>est</span> <span class='ocrx_word' id='word_1_360' title='bbox 1317 3817 1553 3866; x_wconf 75' lang='lat' dir='ltr'>consentaneum</span> <span class='ocrx_word' id='word_1_361' title='bbox 1570 3792 1655 3875; x_wconf 79' lang='lat' dir='ltr'>reliquis</span> 
     </span>
     <span class='ocr_line' id='line_1_38' title="bbox 346 3888 1655 3980; baseline -0.005 -18"><span class='ocrx_word' id='word_1_362' title='bbox 346 3899 540 3980; x_wconf 79' lang='lat' dir='ltr'>argumentis,</span> <span class='ocrx_word' id='word_1_363' title='bbox 564 3894 689 3957; x_wconf 88' lang='lat' dir='ltr'>Joanuis</span> <span class='ocrx_word' id='word_1_364' title='bbox 705 3893 808 3971; x_wconf 89' lang='lat' dir='ltr'>Bajeri</span> <span class='ocrx_word' id='word_1_365' title='bbox 821 3890 962 3964; x_wconf 84' lang='lat' dir='ltr'>Rainani,</span> <span class='ocrx_word' id='word_1_366' title='bbox 984 3894 1050 3970; x_wconf 90' lang='lat' dir='ltr'>ejus</span> <span class='ocrx_word' id='word_1_367' title='bbox 1072 3891 1123 3971; x_wconf 89' lang='lat' dir='ltr'>qui</span> <span class='ocrx_word' id='word_1_368' title='bbox 1136 3893 1376 3954; x_wconf 72' lang='lat' dir='ltr'>Cranometriam</span> <span class='ocrx_word' id='word_1_369' title='bbox 1398 3894 1565 3956; x_wconf 79' lang='lat' dir='ltr'>adornavit.</span> <span class='ocrx_word' id='word_1_370' title='bbox 1601 3888 1655 3948; x_wconf 82' lang='lat' dir='ltr'>Tm</span> 
     </span>
     <span class='ocr_line' id='line_1_39' title="bbox 347 3975 1655 4066; baseline -0.006 -16"><span class='ocrx_word' id='word_1_371' title='bbox 347 3990 417 4052; x_wconf 87' lang='lat' dir='ltr'>dem</span> <span class='ocrx_word' id='word_1_372' title='bbox 439 3987 532 4066; x_wconf 83' lang='lat' dir='ltr'>igitur</span> <span class='ocrx_word' id='word_1_373' title='bbox 555 3985 641 4046; x_wconf 90' lang='lat' dir='ltr'>nobis</span> <span class='ocrx_word' id='word_1_374' title='bbox 664 3981 843 4044; x_wconf 88' lang='lat' dir='ltr'>credendum</span> <span class='ocrx_word' id='word_1_375' title='bbox 866 3990 930 4054; x_wconf 86' lang='lat' dir='ltr'>est,</span> <span class='ocrx_word' id='word_1_376' title='bbox 958 4000 1015 4041; x_wconf 92' lang='lat' dir='ltr'>non</span> <span class='ocrx_word' id='word_1_377' title='bbox 1040 3983 1152 4042; x_wconf 80' lang='lat' dir='ltr'>frustra</span> <span class='ocrx_word' id='word_1_378' title='bbox 1175 3983 1267 4042; x_wconf 84' lang='lat' dir='ltr'>fuisse</span> <span class='ocrx_word' id='word_1_379' title='bbox 1290 3983 1519 4061; x_wconf 88' lang='lat' dir='ltr'>promissionem</span> <span class='ocrx_word' id='word_1_380' title='bbox 1540 3981 1584 4044; x_wconf 88' lang='lat' dir='ltr'>Jo.</span> <span class='ocrx_word' id='word_1_381' title='bbox 1604 3975 1655 4036; x_wconf 61' lang='lat' dir='ltr'>illle*</span> 
     </span>
     <span class='ocr_line' id='line_1_40' title="bbox 348 4067 1654 4155; baseline -0.01 -15"><span class='ocrx_word' id='word_1_382' title='bbox 348 4077 494 4152; x_wconf 81' lang='lat' dir='ltr'>Fabricii,</span> <span class='ocrx_word' id='word_1_383' title='bbox 527 4075 576 4155; x_wconf 87' lang='lat' dir='ltr'>qui</span> <span class='ocrx_word' id='word_1_384' title='bbox 608 4072 750 4152; x_wconf 72' lang='lat' dir='ltr'>proximis</span> <span class='ocrx_word' id='word_1_385' title='bbox 779 4070 918 4132; x_wconf 87' lang='lat' dir='ltr'>nundinis</span> <span class='ocrx_word' id='word_1_386' title='bbox 950 4069 1046 4131; x_wconf 88' lang='lat' dir='ltr'>indice</span> <span class='ocrx_word' id='word_1_387' title='bbox 1069 4072 1209 4148; x_wconf 85' lang='lat' dir='ltr'>catalogo</span> <span class='ocrx_word' id='word_1_388' title='bbox 1232 4071 1367 4132; x_wconf 86' lang='lat' dir='ltr'>maculas</span> <span class='ocrx_word' id='word_1_389' title='bbox 1389 4072 1516 4135; x_wconf 69' lang='lat' dir='ltr'>Solones</span> <span class='ocrx_word' id='word_1_390' title='bbox 1536 4067 1610 4132; x_wconf 87' lang='lat' dir='ltr'>uobis</span> <span class='ocrx_word' id='word_1_391' title='bbox 1625 4071 1654 4120; x_wconf 78' lang='lat' dir='ltr'>st</span> 
     </span>
     <span class='ocr_line' id='line_1_41' title="bbox 347 4159 1654 4248; baseline -0.009 -20"><span class='ocrx_word' id='word_1_392' title='bbox 347 4165 522 4248; x_wconf 81' lang='lat' dir='ltr'>pollicitus?</span> <span class='ocrx_word' id='word_1_393' title='bbox 566 4163 607 4224; x_wconf 86' lang='lat' dir='ltr'>Et</span> <span class='ocrx_word' id='word_1_394' title='bbox 630 4183 647 4222; x_wconf 90' lang='lat' dir='ltr'>o</span> <span class='ocrx_word' id='word_1_395' title='bbox 670 4181 725 4222; x_wconf 90' lang='lat' dir='ltr'>nos</span> <span class='ocrx_word' id='word_1_396' title='bbox 746 4160 865 4236; x_wconf 77' lang='lat' dir='ltr'>Progne</span> <span class='ocrx_word' id='word_1_397' title='bbox 888 4177 1013 4236; x_wconf 72' lang='lat' dir='ltr'>segnes,</span> <span class='ocrx_word' id='word_1_398' title='bbox 1047 4161 1096 4239; x_wconf 89' lang='lat' dir='ltr'>qui</span> <span class='ocrx_word' id='word_1_399' title='bbox 1119 4161 1254 4238; x_wconf 85' lang='lat' dir='ltr'>Lipsiam</span> <span class='ocrx_word' id='word_1_400' title='bbox 1277 4159 1409 4223; x_wconf 81' lang='lat' dir='ltr'>vicinani</span> <span class='ocrx_word' id='word_1_401' title='bbox 1429 4181 1498 4224; x_wconf 90' lang='lat' dir='ltr'>cum</span> <span class='ocrx_word' id='word_1_402' title='bbox 1519 4160 1654 4222; x_wconf 68' lang='lat' dir='ltr'>hammo</span> 
     </span>
     <span class='ocr_line' id='line_1_42' title="bbox 348 4243 1652 4333; baseline -0.012 -17"><span class='ocrx_word' id='word_1_403' title='bbox 348 4277 386 4318; x_wconf 86' lang='lat' dir='ltr'>ne</span> <span class='ocrx_word' id='word_1_404' title='bbox 409 4275 487 4317; x_wconf 82' lang='lat' dir='ltr'>nnrrc</span> <span class='ocrx_word' id='word_1_405' title='bbox 510 4253 627 4333; x_wconf 88' lang='lat' dir='ltr'>quidem</span> <span class='ocrx_word' id='word_1_406' title='bbox 649 4252 741 4311; x_wconf 87' lang='lat' dir='ltr'>ullum</span> <span class='ocrx_word' id='word_1_407' title='bbox 763 4249 892 4310; x_wconf 87' lang='lat' dir='ltr'>vidimus</span> <span class='ocrx_word' id='word_1_408' title='bbox 913 4249 1005 4310; x_wconf 89' lang='lat' dir='ltr'>libelli</span> <span class='ocrx_word' id='word_1_409' title='bbox 1028 4251 1190 4328; x_wconf 79' lang='lat' dir='ltr'>exemplar.</span> <span class='ocrx_word' id='word_1_410' title='bbox 1237 4249 1366 4324; x_wconf 70' lang='lat' dir='ltr'>Verum,</span> <span class='ocrx_word' id='word_1_411' title='bbox 1390 4270 1468 4330; x_wconf 82' lang='lat' dir='ltr'>age,</span> <span class='ocrx_word' id='word_1_412' title='bbox 1492 4251 1519 4314; x_wconf 87' lang='lat' dir='ltr'>si</span> <span class='ocrx_word' id='word_1_413' title='bbox 1539 4246 1601 4310; x_wconf 84' lang='lat' dir='ltr'>nibil</span> <span class='ocrx_word' id='word_1_414' title='bbox 1617 4243 1652 4301; x_wconf 76' lang='lat' dir='ltr'>bat</span> 
     </span>
     <span class='ocr_line' id='line_1_43' title="bbox 347 4335 1652 4424; baseline -0.009 -18"><span class='ocrx_word' id='word_1_415' title='bbox 347 4347 414 4408; x_wconf 82' lang='lat' dir='ltr'>viee</span> <span class='ocrx_word' id='word_1_416' title='bbox 437 4361 595 4424; x_wconf 81' lang='lat' dir='ltr'>possumus</span> <span class='ocrx_word' id='word_1_417' title='bbox 618 4341 647 4400; x_wconf 89' lang='lat' dir='ltr'>iu</span> <span class='ocrx_word' id='word_1_418' title='bbox 671 4341 784 4417; x_wconf 84' lang='lat' dir='ltr'>ipsam,</span> <span class='ocrx_word' id='word_1_419' title='bbox 817 4338 949 4398; x_wconf 87' lang='lat' dir='ltr'>habitum</span> <span class='ocrx_word' id='word_1_420' title='bbox 983 4338 1089 4400; x_wconf 79' lang='lat' dir='ltr'>saltem</span> <span class='ocrx_word' id='word_1_421' title='bbox 1118 4339 1183 4418; x_wconf 86' lang='lat' dir='ltr'>ejus</span> <span class='ocrx_word' id='word_1_422' title='bbox 1212 4337 1389 4408; x_wconf 85' lang='lat' dir='ltr'>lustremus,</span> <span class='ocrx_word' id='word_1_423' title='bbox 1421 4342 1563 4419; x_wconf 77' lang='lat' dir='ltr'>genuinos</span> <span class='ocrx_word' id='word_1_424' title='bbox 1583 4335 1614 4394; x_wconf 89' lang='lat' dir='ltr'>sit</span> <span class='ocrx_word' id='word_1_425' title='bbox 1629 4343 1652 4386; x_wconf 75' lang='lat'>³¹</span> 
     </span>
     <span class='ocr_line' id='line_1_44' title="bbox 347 4421 1650 4516; baseline -0.009 -20"><span class='ocrx_word' id='word_1_426' title='bbox 347 4446 526 4516; x_wconf 80' lang='lat' dir='ltr'>personatus</span> <span class='ocrx_word' id='word_1_427' title='bbox 549 4439 582 4491; x_wconf 88' lang='lat' dir='ltr'>et</span> <span class='ocrx_word' id='word_1_428' title='bbox 603 4426 835 4490; x_wconf 71' lang='lat' dir='ltr'>Bacchanalium</span> <span class='ocrx_word' id='word_1_429' title='bbox 866 4427 977 4488; x_wconf 78' lang='lat' dir='ltr'>tabula.</span> <span class='ocrx_word' id='word_1_430' title='bbox 1022 4428 1124 4488; x_wconf 89' lang='lat' dir='ltr'>Prima</span> <span class='ocrx_word' id='word_1_431' title='bbox 1156 4427 1274 4507; x_wconf 88' lang='lat' dir='ltr'>quidem</span> <span class='ocrx_word' id='word_1_432' title='bbox 1307 4429 1439 4507; x_wconf 85' lang='lat' dir='ltr'>epistola</span> <span class='ocrx_word' id='word_1_433' title='bbox 1470 4431 1540 4492; x_wconf 87' lang='lat' dir='ltr'>mihi</span> <span class='ocrx_word' id='word_1_434' title='bbox 1564 4421 1650 4486; x_wconf 76' lang='lat' dir='ltr'>drue-</span> 
     </span>
     <span class='ocr_line' id='line_1_45' title="bbox 349 4513 1650 4600; baseline -0.005 -16"><span class='ocrx_word' id='word_1_435' title='bbox 349 4525 464 4584; x_wconf 89' lang='lat' dir='ltr'>tionem</span> <span class='ocrx_word' id='word_1_436' title='bbox 485 4537 604 4582; x_wconf 86' lang='lat' dir='ltr'>omnem</span> <span class='ocrx_word' id='word_1_437' title='bbox 625 4517 740 4588; x_wconf 74' lang='lat' dir='ltr'>eximit,</span> <span class='ocrx_word' id='word_1_438' title='bbox 762 4533 824 4576; x_wconf 83' lang='lat' dir='ltr'>rem</span> <span class='ocrx_word' id='word_1_439' title='bbox 848 4534 916 4575; x_wconf 88' lang='lat' dir='ltr'>esse</span> <span class='ocrx_word' id='word_1_440' title='bbox 939 4535 997 4576; x_wconf 89' lang='lat' dir='ltr'>uon</span> <span class='ocrx_word' id='word_1_441' title='bbox 1020 4517 1202 4594; x_wconf 71' lang='lat' dir='ltr'>phantasma</span> <span class='ocrx_word' id='word_1_442' title='bbox 1224 4537 1312 4597; x_wconf 84' lang='lat' dir='ltr'>quam</span> <span class='ocrx_word' id='word_1_443' title='bbox 1330 4519 1403 4580; x_wconf 90' lang='lat' dir='ltr'>tubo</span> <span class='ocrx_word' id='word_1_444' title='bbox 1422 4513 1650 4600; x_wconf 69' lang='lat' dir='ltr'>deprehenderunt</span> 
     </span>
     <span class='ocr_line' id='line_1_46' title="bbox 349 4604 1649 4690; baseline -0.001 -18"><span class='ocrx_word' id='word_1_445' title='bbox 349 4609 491 4690; x_wconf 80' lang='lat' dir='ltr'>Quisquis</span> <span class='ocrx_word' id='word_1_446' title='bbox 515 4619 581 4680; x_wconf 88' lang='lat' dir='ltr'>est,</span> <span class='ocrx_word' id='word_1_447' title='bbox 605 4605 814 4668; x_wconf 84' lang='lat' dir='ltr'>mathematice</span> <span class='ocrx_word' id='word_1_448' title='bbox 837 4604 976 4683; x_wconf 79' lang='lat' dir='ltr'>loquitur,</span> <span class='ocrx_word' id='word_1_449' title='bbox 999 4606 1097 4666; x_wconf 84' lang='lat' dir='ltr'>sobrie</span> <span class='ocrx_word' id='word_1_450' title='bbox 1120 4607 1332 4680; x_wconf 84' lang='lat' dir='ltr'>ratiocinatur,</span> <span class='ocrx_word' id='word_1_451' title='bbox 1356 4608 1528 4670; x_wconf 86' lang='lat' dir='ltr'>illusionum</span> <span class='ocrx_word' id='word_1_452' title='bbox 1547 4609 1649 4682; x_wconf 63' lang='lat' dir='ltr'>exwffl</span> 
     </span>
     <span class='ocr_line' id='line_1_47' title="bbox 351 4694 1649 4778; baseline 0.004 -22"><span class='ocrx_word' id='word_1_453' title='bbox 351 4712 414 4768; x_wconf 81' lang='lat' dir='ltr'>est,</span> <span class='ocrx_word' id='word_1_454' title='bbox 444 4701 555 4778; x_wconf 87' lang='lat' dir='ltr'>optime</span> <span class='ocrx_word' id='word_1_455' title='bbox 578 4696 637 4756; x_wconf 89' lang='lat' dir='ltr'>sihi</span> <span class='ocrx_word' id='word_1_456' title='bbox 661 4694 778 4754; x_wconf 80' lang='lat' dir='ltr'>cavisse</span> <span class='ocrx_word' id='word_1_457' title='bbox 801 4695 941 4754; x_wconf 88' lang='lat' dir='ltr'>creditur.</span> <span class='ocrx_word' id='word_1_458' title='bbox 987 4695 1094 4774; x_wconf 83' lang='lat' dir='ltr'>ltaque</span> <span class='ocrx_word' id='word_1_459' title='bbox 1117 4695 1154 4757; x_wconf 87' lang='lat' dir='ltr'>de</span> <span class='ocrx_word' id='word_1_460' title='bbox 1177 4697 1221 4758; x_wconf 84' lang='lat' dir='ltr'>rei</span> <span class='ocrx_word' id='word_1_461' title='bbox 1242 4698 1372 4758; x_wconf 82' lang='lat' dir='ltr'>veritate</span> <span class='ocrx_word' id='word_1_462' title='bbox 1393 4699 1515 4777; x_wconf 87' lang='lat' dir='ltr'>penitus</span> <span class='ocrx_word' id='word_1_463' title='bbox 1535 4694 1585 4776; x_wconf 70' lang='lat' dir='ltr'>ipsi</span> <span class='ocrx_word' id='word_1_464' title='bbox 1601 4703 1649 4748; x_wconf 51' lang='lat'>0⁰*</span> 
     </span>
     <span class='ocr_line' id='line_1_48' title="bbox 351 4776 1649 4868; baseline 0.004 -24"><span class='ocrx_word' id='word_1_465' title='bbox 351 4787 440 4847; x_wconf 80' lang='lat' dir='ltr'>cedo:</span> <span class='ocrx_word' id='word_1_466' title='bbox 464 4789 500 4846; x_wconf 86' lang='lat' dir='ltr'>de</span> <span class='ocrx_word' id='word_1_467' title='bbox 525 4787 562 4847; x_wconf 87' lang='lat' dir='ltr'>iis</span> <span class='ocrx_word' id='word_1_468' title='bbox 586 4784 685 4863; x_wconf 81' lang='lat' dir='ltr'>igitur,</span> <span class='ocrx_word' id='word_1_469' title='bbox 710 4800 785 4860; x_wconf 81' lang='lat' dir='ltr'>quae</span> <span class='ocrx_word' id='word_1_470' title='bbox 808 4800 898 4860; x_wconf 86' lang='lat' dir='ltr'>super</span> <span class='ocrx_word' id='word_1_471' title='bbox 919 4802 951 4842; x_wconf 93' lang='lat' dir='ltr'>re</span> <span class='ocrx_word' id='word_1_472' title='bbox 971 4785 1022 4845; x_wconf 91' lang='lat' dir='ltr'>ille</span> <span class='ocrx_word' id='word_1_473' title='bbox 1041 4785 1176 4864; x_wconf 79' lang='lat' dir='ltr'>disputat</span> <span class='ocrx_word' id='word_1_474' title='bbox 1194 4804 1328 4867; x_wconf 79' lang='lat' dir='ltr'>quaeque</span> <span class='ocrx_word' id='word_1_475' title='bbox 1344 4789 1576 4868; x_wconf 70' lang='lat' dir='ltr'>superaedihnt</span> <span class='ocrx_word' id='word_1_476' title='bbox 1594 4776 1649 4840; x_wconf 78' lang='lat' dir='ltr'>lubet</span> 
     </span>
    </p>
   </div>
   <div class='ocr_carea' id='block_1_5' title="bbox 0 0 1742 5532">
    <p class='ocr_par' dir='ltr' id='par_1_7' title="bbox 0 0 1742 5532">
     <span class='ocr_line' id='line_1_49' title="bbox 0 0 1742 5532; baseline 0 2"><span class='ocrx_word' id='word_1_477' title='bbox 0 0 1742 5532; x_wconf 95' lang='lat' dir='ltr'> </span> 
     </span>
    </p>
   </div>
  </div>
 </body>
</html>
