3672 5528
319 285 380 352 ¹86
782 285 971 352 Paralipomena
988 287 1015 337 in
1033 285 1198 338 Vitelllcuem.

313 462 421 524 stituta
445 469 497 524 ant
519 469 569 524 est
590 468 684 537 recta,
710 469 763 524 aut
786 462 929 536 circulus,
954 470 1007 525 aut
1033 463 1176 543 parabole
1201 470 1255 526 aut
1277 463 1439 545 hyperbole
1465 470 1517 525 aut
1540 461 1668 542 ellipsis.

313 553 396 614 Inter
418 551 474 612 has
497 549 594 612 lineas
617 550 664 612 hie
688 558 737 612 est
764 551 836 613 ordo
866 571 959 614 causa
989 551 1183 631 proprietatis
1212 571 1299 626 snae,
1329 561 1360 613 et
1387 552 1543 631 analogice
1571 551 1670 630 magis

313 657 401 722 quam
425 637 606 720 geometrice
636 638 802 718 loquendo:
833 641 912 720 quod
935 661 954 701 a
977 639 1057 702 linea
1083 649 1168 702 recta
1191 660 1245 719 per
1273 641 1453 721 hyperbolae
1482 641 1615 702 infinitas
1638 640 1668 700 in

312 727 490 808 parabolen,
521 727 590 788 iude
619 745 673 806 per
705 727 827 806 ellipse·
860 727 993 790 infinitas
1021 730 1051 790 in
1085 729 1227 790 circulum
1256 738 1303 792 est
1336 730 1495 792 transitus.
1546 727 1669 790 Etenim

313 817 444 880 omnium
467 814 697 897 hyperbolamm
720 815 915 878 obtusissima
939 825 987 878 est
1010 817 1090 879 linea
1113 828 1210 890 recta,
1236 817 1412 880 acutissima
1436 817 1599 901 parabole:
1625 819 1669 877 sic

313 907 441 966 omnium
465 903 613 982 ellipaiurn
646 904 823 966 acutissima
846 915 894 967 est
916 905 1075 986 parabole,
1110 905 1305 968 obtusissima
1332 906 1469 969 circulus.
1516 905 1668 966 Parabo'le

312 993 403 1072 igitur
432 991 525 1054 habet
547 1010 586 1052 ex
612 992 710 1054 altera
737 1001 824 1073 parte
853 994 929 1055 duas
958 1003 1067 1056 natura
1100 993 1247 1070 infinitas,
1280 994 1464 1075 hyperbolen
1489 1002 1522 1054 et
1544 1001 1667 1068 rectam,

312 1101 350 1143 ex
373 1081 471 1142 altera
494 1081 581 1140 duas-
597 1080 697 1142 finitas
727 1081 811 1143 etin
835 1102 868 1144 se
891 1083 1065 1157 redeuntes,
1098 1082 1216 1161 ellipsin
1246 1090 1277 1144 et
1307 1083 1459 1145 circulum.
1507 1083 1579 1161 lpsa
1602 1082 1668 1142 loco

312 1169 409 1231 medio
432 1168 532 1231 media
555 1177 665 1230 natura
687 1189 720 1231 se
744 1171 846 1234 habet.
893 1171 1016 1233 Infinita
1036 1169 1114 1232 enim
1139 1179 1170 1232 et
1193 1172 1260 1250 ipsa
1284 1180 1340 1246 est,
1366 1171 1420 1233 sed
1443 1170 1606 1232 finitionem
1630 1189 1668 1230 er

310 1259 410 1344 altera
432 1265 520 1338 parte
553 1257 690 1330 affectat,
724 1277 781 1340 qno
814 1260 910 1338 magis
935 1259 1013 1321 enim
1046 1259 1234 1338 producitur,
1269 1260 1326 1322 hoc
1349 1259 1446 1338 magis
1469 1259 1504 1320 fit
1526 1258 1583 1320 sibi
1609 1259 1668 1340 ipsi

310 1346 492 1426 parallelos,
517 1353 549 1406 et
573 1345 705 1422 brachia,
730 1354 764 1408 ut
786 1347 831 1409 ita
854 1347 968 1424 dicam,
1001 1367 1060 1409 nun
1084 1355 1116 1410 ut
1139 1347 1303 1428 hyperbole
1328 1347 1488 1428 expandit,
1515 1347 1568 1410 sed
1592 1366 1667 1409 con-

310 1435 407 1497 trahit
429 1435 467 1495 ab
496 1433 602 1495 infiniti
636 1433 808 1514 complexu,
842 1455 961 1516 semper
983 1437 1051 1515 plus
1084 1435 1202 1516 quidem
1235 1437 1452 1516 complectens,
1487 1444 1522 1498 ‘at
1549 1454 1668 1515 semper

311 1522 409 1584 minna
433 1530 598 1602 appetens:
629 1541 695 1584 cum
718 1522 896 1606 hyperbole,
921 1544 978 1605 quo
1002 1526 1069 1604 plus
1093 1532 1163 1586 actu
1187 1524 1265 1586 inter
1292 1525 1417 1588 brachia
1446 1524 1664 1603 complectitur,

311 1612 367 1673 hoc
390 1612 458 1691 plus
482 1610 574 1671 etiam
598 1619 734 1692 appetat.
773 1611 852 1675 Sunt
865 1613 957 1692 igitur
980 1613 1110 1694 oppositi
1130 1613 1257 1685 termini,
1282 1613 1409 1675 circulus
1431 1621 1462 1675 et
1484 1621 1579 1687 recta,
1603 1613 1665 1673 illic

310 1719 386 1780 pura
410 1706 459 1761 εει
481 1699 627 1774 curvitas,
656 1700 705 1761 hio
727 1719 804 1779 pura
825 1701 986 1766 rectitudo.
1032 1700 1221 1783 Hyperbole,
1245 1702 1404 1782 parabole,
1429 1701 1544 1781 ellipsis
1568 1701 1664 1762 iuter-

308 1791 412 1870 jeotae
432 1796 463 1850 et
493 1794 575 1849 recto
599 1796 631 1849 et
658 1807 748 1851 curvo
771 1791 975 1871 participant3
998 1791 1144 1870 parabole
1163 1809 1200 1852 ex
1220 1809 1325 1870 aequo,
1350 1789 1605 1872 hyperbolaplna
1629 1790 1665 1850 de

311 1876 511 1952 rectitudine,
544 1875 661 1956 ellipsis
690 1877 758 1960 plus
790 1881 826 1942 de
860 1880 1017 1942 curvitate.
1063 1881 1230 1959 Propterea
1260 1879 1424 1961 hyperbole
1458 1897 1515 1956 quo
1548 1877 1666 1957 longius
1759 1897 1762 1902 ·

310 1964 498 2046 producitur,
523 1965 580 2027 hoc
603 1966 699 2047 magis
728 1978 830 2032 rectae
859 1988 912 2032 seu
940 1975 1113 2050 asymptoto
1137 1987 1209 2029 suae
1232 1967 1267 2028 fit
1294 1967 1411 2030 similis.
1458 1966 1584 2045 Ellipria
1608 1985 1665 2046 qno

311 2054 430 2134 longius
445 2055 526 2116 ultra
548 2055 677 2117 medium
701 2057 901 2130 continuatur,
925 2058 981 2120 hoc
996 2055 1093 2136 magis
1116 2056 1351 2117 circularitatem
1376 2057 1501 2116 affectat
1524 2055 1665 2116 tandem-

311 2162 368 2223 que
392 2142 454 2206 coit
475 2139 585 2205 iterum
608 2163 709 2207 secum
733 2146 817 2225 ipsa:
841 2146 986 2226 parabole
1001 2146 1066 2208 loco
1085 2144 1193 2218 medio,
1219 2163 1338 2225 semper
1361 2144 1478 2206 curvior
1491 2153 1540 2204 est
1554 2143 1665 2223 hyper-

311 2231 391 2302 bole,
407 2231 434 2292 si
448 2229 624 2311 aequalibus
643 2233 818 2296 interstitiis
836 2234 1048 2315 producantur,
1064 2251 1239 2313 semperque
1255 2232 1364 2294 rectior
1379 2232 1487 2310 ellipsi.
1520 2229 1665 2310 Cumque,

311 2327 345 2382 ut
368 2319 497 2382 circulus
520 2327 552 2381 et
578 2327 663 2382 recta
691 2329 827 2386 extrema
856 2323 1015 2395 claudunt,
1048 2322 1092 2383 sic
1125 2320 1268 2401 parabole
1303 2329 1406 2383 teneat
1438 2319 1588 2382 medium:
1623 2321 1668 2382 ita

313 2409 405 2470 etiam
428 2416 462 2470 ut
485 2415 586 2470 rectae
609 2429 713 2473 omues
738 2412 861 2486 similes,
886 2411 1017 2492 itemque
1040 2419 1073 2472 et
1096 2410 1199 2474 circuli
1221 2428 1335 2486 omnes,
1360 2411 1403 2471 sio
1428 2416 1497 2470 sunt
1521 2417 1552 2470 et
1574 2426 1667 2486 para-

312 2497 399 2558 bolae
423 2515 527 2558 omnes
550 2497 665 2560 similes
689 2499 812 2580 solaque
837 2499 1008 2581 quantitate
1033 2499 1183 2562 differunt.

301 2603 305 2610 ·
401 2583 479 2647 Sunt
503 2594 602 2647 autem
625 2589 705 2668 apud
730 2590 784 2651 has
809 2589 905 2650 lineas
928 2589 1030 2670 aliqua
1059 2594 1172 2668 puncta
1198 2586 1378 2666 praecipuae
1407 2582 1667 2659 considerationis,

312 2693 388 2755 qnae
413 2673 616 2738 definitionem
640 2686 754 2740 certam
777 2676 900 2754 habeut,
925 2697 1033 2740 nomen
1058 2677 1186 2750 nullum,
1212 2675 1268 2737 nisi
1292 2692 1345 2752 pro
1374 2673 1491 2735 nomine
1517 2671 1674 2734 delinitio·-¹

313 2781 381 2825 nem
405 2771 458 2824 aut
479 2764 696 2843 proprietatem
720 2766 850 2847 aliquam
874 2785 1010 2848 usurpes.
1049 2765 1098 2826 Ab
1118 2765 1156 2827 iis
1171 2765 1249 2825 enim
1272 2763 1391 2843 punctis
1415 2769 1517 2823 rectae
1543 2761 1669 2823 eductae

115 2907 116 2910 ,
229 2927 231 2932 ,
313 2852 351 2912 ad
366 2851 576 2930 contingentes
591 2856 757 2917 sectionem
770 2864 942 2937 punctaque
962 2861 1153 2917 contactunm
1178 2852 1364 2914 constituunt
1379 2851 1522 2931 aequales
1542 2849 1669 2928 angulos

312 2941 365 3015 iis,
391 2941 552 3021 quibunt,
584 2941 611 3002 si
633 2952 746 3021 puncta
774 2944 915 3026 opposita
938 2963 1005 3006 cum
1029 2943 1137 3004 iisdem
1166 2940 1286 3021 punctis
1316 2947 1508 3002 contactuurn
1538 2957 1669 3000 connec-

313 3037 424 3090 tantur.
464 3028 529 3090 Nos
554 3029 629 3093 lucis
652 3051 745 3096 causa
768 3041 800 3094 et
823 3033 917 3096 oculis
939 3033 970 3094 in
994 3031 1199 3094 mechanicam
1223 3029 1348 3090 intentis
1372 3048 1408 3090 ea
1431 3036 1543 3107 puncta
1568 3027 1670 3088 iocos

313 3115 539 3194 appellabimus.
585 3116 701 3182 Centra
730 3121 924 3197 dixissemus,
959 3121 1030 3202 qnia
1059 3127 1130 3181 sunt
1153 3120 1181 3181 in
1206 3118 1312 3180 aribus
1341 3115 1523 3190 sectionum,
1558 3115 1617 3178 nisi
1640 3115 1671 3176 in

313 3203 477 3284 hyperbole
498 3212 530 3264 et
552 3205 653 3288 ellipsi
675 3207 770 3273 conici
795 3218 933 3273 auctores
952 3209 1034 3272 alind
1057 3221 1199 3288 punctum
1213 3205 1309 3268 centri
1327 3205 1445 3266 nomine
1469 3205 1669 3284 appellarent.

1065 3298 1163 3359 Focus
1186 3294 1277 3374 igitur
1292 3295 1322 3355 in
1346 3293 1457 3356 circulo
1480 3313 1555 3355 unus
1580 3291 1673 3354 estA

1064 3386 1148 3466 isque
1164 3385 1241 3446 idem
1257 3383 1350 3464 quiet
1364 3390 1513 3445 centrum:
1530 3382 1559 3442 in
1574 3380 1674 3460 ellipsi

996 3501 998 3506 ·
1065 3474 1124 3535 loci
1153 3473 1210 3534 dno
1238 3479 1308 3532 sunt
1335 3471 1370 3546 B,
1397 3469 1431 3544 G,
1463 3470 1673 3549 aequalitera

1064 3570 1168 3623 centro
1198 3562 1310 3639 figurae
1344 3558 1452 3621 remoti
1482 3567 1515 3620 et
1543 3559 1611 3640 plus
1644 3559 1673 3619 iu

1064 3649 1208 3712 acutiore.
1256 3650 1290 3710 ln
1312 3648 1455 3726 parabole
1479 3667 1554 3709 unus
1574 3647 1602 3709 D
1627 3656 1675 3709 est

1063 3739 1144 3802 intra
1158 3737 1332 3809 sectionem,
1353 3736 1431 3797 alter
1449 3736 1497 3797 vel
1518 3743 1607 3798 extra
1625 3735 1673 3798 vel

1062 3829 1143 3890 intra
1176 3825 1340 3888 sectionem
1367 3825 1396 3886 in
1426 3845 1482 3886 axe
1515 3825 1673 3904 fingendus

1061 3923 1110 3977 est
1153 3914 1267 3977 infinito
1309 3913 1471 3976 intervallo
1512 3934 1531 3974 a
1572 3913 1672 3992 priore

1060 4013 1207 4078 remotus,
1242 4004 1318 4065 adeo
1342 4009 1376 4065 ut
1405 4001 1515 4064 educta
1537 4001 1600 4063 HG
1624 4004 1673 4064 vel

954 4138 974 4142 --
987 4137 1007 4144 -
1061 4091 1107 4154 IG
1131 4112 1168 4154 err
1191 4093 1243 4154 illo
1263 4110 1354 4153 caeco
1374 4092 1441 4152 loeo
1460 4091 1489 4151 in
1515 4091 1671 4171 quodcun-

1059 4201 1116 4262 que
1143 4186 1287 4261 pnnctum
1318 4179 1460 4242 sectionis
1485 4178 1529 4248 G,
1555 4179 1596 4241 sit
1622 4179 1670 4240 axi

794 4393 796 4407 ι
857 4385 876 4436 γ
938 4367 1002 4455 χ
1059 4367 1202 4422 externus
1234 4358 1260 4418 F
1294 4357 1411 4418 interno
1444 4355 1470 4418 Ε
1503 4363 1590 4418 tanto
1624 4363 1673 4417 est

794 4432 797 4449 ’
877 4439 911 4541 b
1057 4447 1188 4526 propior,
1214 4453 1327 4527 quanto
1352 4451 1400 4505 est
1426 4443 1590 4525 hyperbole
1615 4444 1670 4506 ob-

1059 4535 1164 4597 tusior.
1207 4533 1250 4595 Et
1273 4533 1322 4612 qui
1346 4541 1487 4595 externus
1512 4541 1561 4594 eat
1584 4531 1671 4594 alteri

1058 4624 1224 4686 sectionum
1259 4621 1482 4702 oppositarum,
1521 4621 1548 4682 is
1582 4621 1670 4683 alteri

1059 4721 1108 4773 est
1131 4713 1266 4774 internus
1290 4718 1321 4772 et
1344 4717 1460 4771 contra.
