3702 5532
316 261 321 282 ⁴
346 279 419 350 452
772 279 874 334 Literna
891 281 994 350 Kepleri
1013 281 1163 348 aliorumque
1180 275 1283 332 mutuae

354 459 589 536 constitutione,
613 458 761 522 adornata
783 459 945 522 secundum
979 458 1106 540 quinque
1139 477 1266 540 corpora
1294 457 1455 538 regularia.
1502 457 1612 520 Testes
1636 456 1708 522 illas

356 550 501 624 ,Lunas“
528 569 612 623 esse,
642 549 794 610 concludit
815 549 984 628 Keplerns,
1018 547 1182 609 incolarum
1210 547 1240 608 in
1263 547 1341 608 Jove
1364 546 1533 608 hominibus
1556 547 1588 609 iu
1612 548 1710 610 Terra

351 639 638 718 comparandorum,
676 656 744 698 nam
779 637 952 716 „quaeritur
984 637 1030 698 cui
1062 635 1139 698 bono
1174 635 1368 697 discursitent
1400 643 1528 716 quatuor
1565 637 1708 716 planetae

353 728 433 790 circa
451 725 567 796 Jovem,
591 725 617 788 si
641 724 714 786 nulli
738 734 808 787 snut
831 724 860 787 in
883 725 972 788 Jovio
995 724 1095 804 globo,
1120 725 1169 805 qui
1194 724 1403 786 admirandam
1426 723 1503 786 hauc
1527 725 1708 787 varietatem

354 815 416 876 suis
439 822 546 877 notent
568 813 704 876 oculis?“

437 903 537 978 Multi,
561 921 629 964 cnm
651 902 759 983 quibus
783 903 932 982 Keplerus
955 919 1009 982 per
1032 901 1137 962 literae
1160 901 1208 962 vel
1231 919 1375 983 praesens
1400 901 1436 962 de
1462 898 1601 962 Galilaea
1630 919 1706 962 cou-

348 991 537 1064 versabatur,
561 998 654 1054 antea
677 990 768 1065 dubii,
796 989 1077 1064 „Dissertatione“,
1102 989 1186 1068 enjus
1209 1008 1354 1052 summam
1377 1007 1468 1068 snpra
1487 989 1706 1071 proposuimus,

350 1079 433 1154 moti,
457 1081 619 1142 veritatem
643 1098 756 1154 eorum,
781 1098 856 1158 quae
872 1077 1029 1140 Galilaeus
1053 1078 1082 1138 in
1106 1078 1190 1140 coelo
1209 1098 1287 1140 nova
1306 1080 1475 1153 detexerat,
1500 1087 1706 1156 agnoveruntr

349 1167 399 1228 alii
423 1186 494 1230 vero
510 1167 656 1230 obstinati
671 1186 733 1229 rem
748 1167 911 1244 negabant.
945 1168 989 1230 Ut
1007 1166 1076 1229 illos
1095 1167 1295 1242 confirmaret,
1319 1166 1366 1228 his
1386 1167 1592 1245 persuaderet,
1618 1167 1705 1245 Kep-

350 1257 431 1318 lerns
456 1255 787 1330 ,Dissertationi“
814 1255 931 1317 addidit
957 1255 1283 1330 „Narrationem“,
1307 1254 1336 1316 in
1360 1273 1420 1334 qua
1443 1275 1480 1316 ea
1498 1256 1602 1328 refert,
1628 1273 1706 1333 quae

350 1346 418 1425 ipse
443 1344 548 1405 diebus
572 1365 591 1405 a
613 1343 666 1408 30.
692 1345 824 1422 Augusti
848 1345 886 1406 ad
920 1340 949 1406 9.
974 1342 1162 1422 Septembris
1187 1345 1258 1408 suni
1285 1339 1369 1406 1610
1401 1343 1600 1414 observarat,
1632 1345 1706 1404 tubo

353 1452 425 1494 usus
448 1451 553 1513 parum
587 1433 772 1502 excellente,
805 1451 892 1511 quem
924 1432 981 1512 ipsi
1013 1431 1198 1508 „Ernestus,
1233 1431 1487 1510 Arcbiepiscopus
1512 1430 1706 1493 Coloniensis

353 1521 573 1588 commodavit,
612 1541 631 1581 a
663 1518 803 1584 Galilaeo
841 1519 897 1582 sibi
935 1521 1059 1581 missum
1096 1521 1230 1584 dicens.“
1287 1521 1383 1600 Hujus
1420 1520 1608 1582 instrumenti
1647 1521 1707 1580 ad·

347 1609 494 1688 jumento,
519 1615 680 1689 praesente
703 1607 878 1689 Benjamiuo
902 1609 1012 1672 Ursino
1036 1616 1069 1670 et
1101 1609 1170 1670 aliis
1200 1609 1359 1688 conspexit
1380 1609 1467 1670 Jovis
1498 1607 1649 1670 satellites
1674 1616 1707 1668 et

350 1697 457 1760 Lunae
488 1698 642 1773 maculas,
676 1705 708 1758 et
743 1697 851 1773 „fidem
884 1706 1074 1759 narratorum
1098 1695 1229 1760 Galilaei
1262 1694 1446 1759 sufficienter·¹
1476 1697 1704 1758 confirmatam“

352 1785 462 1860 babet,
496 1793 530 1846 ut
563 1786 658 1847 lector
691 1804 797 1859 ,suam
821 1805 999 1866 suorumque
1022 1786 1145 1848 testium
1173 1788 1261 1850 fldem
1292 1793 1433 1858 secutus,
1467 1785 1545 1847 omni
1570 1785 1706 1865 seposita

352 1873 539 1939 dubitatione
562 1874 722 1935 veritatem
747 1874 933 1954 patefactam
957 1875 1137 1953 agnoscat.“
1174 1875 1332 1954 Duplicem
1357 1874 1443 1936 finem
1458 1881 1634 1954 persecutus
1657 1883 1706 1934 est

351 1961 500 2041 Keplerns
525 1962 554 2022 in
578 1961 673 2024 lucem
697 1963 788 2024 edens
807 1963 885 2024 hanc
902 1962 1166 2039 „Narratiouerrr“,
1190 1965 1274 2025 illam
1298 1981 1385 2043 quam
1410 1963 1551 2031 diximus,
1576 1973 1610 2024 nt
1633 1981 1704 2042 per-

353 2051 495 2112 suaderet
517 2050 634 2124 dubiis,
660 2057 691 2111 et
713 2050 814 2124 illam,
840 2059 873 2112 nt
895 2050 1170 2126 calumniatoribus,
1195 2053 1244 2132 qui
1266 2050 1380 2131 passim
1408 2060 1513 2114 contra
1533 2047 1705 2114 Galilaeum

353 2145 458 2218 aperte
484 2146 517 2198 et
539 2139 655 2200 occulte
679 2139 938 2214 machinabantur,
963 2139 1116 2200 silentium
1139 2140 1317 2218 imponeret.

442 2225 590 2305 Keplerns
615 2244 703 2305 quum
726 2227 852 2304 primum
876 2228 986 2289 certior
1010 2228 1108 2289 factus
1133 2237 1181 2290 est
1204 2229 1241 2290 de
1266 2226 1397 2290 Galilaei
1421 2226 1642 2290 detentionibus
1666 2229 1704 2288 ad

354 2311 518 2392 Georgium
543 2314 707 2374 Zuccarum
732 2315 947 2389 (Fuccarumr)
981 2317 1130 2378 Venetiae
1152 2317 1345 2396 perscripsit,
1371 2335 1535 2396 quaereus,
1561 2333 1617 2396 quo
1638 2316 1703 2377 loco
1822 2317 1823 2376 l

352 2408 436 2464 esset
467 2401 540 2462 res‘l
585 2401 824 2482 Responsicuem
854 2403 998 2478 Zuccari,
1040 2423 1144 2484 parum
1179 2405 1324 2466 benevolo
1362 2405 1391 2464 in
1426 2402 1597 2466 Galilaeum
1628 2424 1702 2466 con·
1822 2459 1823 2480 ,

352 2488 497 2568 scriptam
531 2489 649 2564 animo,
680 2497 790 2552 testem
824 2491 968 2554 habemus
1000 2511 1168 2570 rumorum,
1203 2493 1251 2573 qni
1284 2501 1346 2554 tum
1376 2494 1520 2572 temperis
1553 2493 1702 2566 Veneriis,
1822 2485 1823 2510 l

350 2577 434 2639 brevi
453 2585 524 2657 post
547 2577 577 2639 in
601 2578 702 2640 multis
726 2578 794 2640 aliis
818 2580 927 2642 Italiae
951 2581 1072 2643 urbibus
1092 2583 1129 2644 de
1154 2582 1205 2644 illo
1228 2581 1470 2660 divulgabantur.
1509 2581 1594 2642 llaec
1614 2580 1704 2661 igitur

351 2665 503 2728 Zuccarus
538 2661 607 2740 (16.
639 2665 705 2728 Cal.
738 2668 813 2746 Maj.
847 2665 966 2742 1610);
1000 2670 1038 2730 ad
1074 2669 1205 2732 Galilaei
1237 2670 1386 2732 Nuucinm
1419 2671 1593 2732 aethereum
1626 2669 1702 2749 quod

353 2755 483 2829 attinet,
514 2755 625 2815 dudum
649 2756 688 2816 ad
711 2775 817 2818 manus
841 2775 924 2819 meas
948 2758 1088 2820 devenit:
1122 2768 1157 2820 at
1184 2759 1253 2838 quia
1276 2758 1379 2820 multis
1404 2759 1432 2820 iu
1458 2758 1558 2822 studio
1582 2758 1702 2820 mathe-

341 2860 423 2906 seos
447 2843 578 2906 versatis
603 2843 756 2910 discursus
780 2844 882 2906 aridus
906 2865 960 2908 seu
984 2847 1096 2925 absque
1121 2847 1324 2910 fundamentis
1338 2847 1554 2927 philosophicis
1576 2847 1703 2926 palliata

354 2931 520 2993 ostentatio
552 2931 693 3006 videtur,
732 2934 770 2994 ad
803 2932 836 2995 S.
871 2933 1014 2996 Caesaris
1044 2935 1243 3015 Majeststem
1274 2935 1392 2997 mittere
1426 2956 1518 2998 ausus
1554 2954 1613 2996 non
1650 2934 1701 2997 fui.

352 3019 448 3082 Novit
470 3027 503 3080 et
525 3020 605 3082 solet
627 3021 716 3082 homo
739 3023 790 3084 ille
814 3022 940 3084 aliorum
953 3023 1059 3103 pennis
1082 3023 1151 3085 hinc
1173 3024 1241 3085 inde
1257 3024 1403 3100 collectis,
1427 3023 1470 3087 nti
1493 3043 1600 3086 corvus
1625 3023 1701 3103 apud

353 3107 525 3185 Aesopum,
554 3125 587 3168 se
619 3108 780 3183 decorare,
813 3111 1062 3192 quemadmodum
1094 3119 1126 3173 et
1156 3112 1311 3175 artificiosi
1325 3181 1329 3186 .
1343 3112 1423 3174 illius
1455 3112 1622 3194 perspicilli
1653 3112 1701 3172 iu-

197 3221 199 3226 ·
309 3273 313 3279 .
352 3201 460 3256 ventor
482 3193 587 3256 haberi
610 3198 686 3272 vult,
712 3207 778 3260 oum
801 3205 903 3260 tamen
927 3199 1047 3278 quidum
1069 3200 1176 3279 Belga,
1199 3219 1254 3280 per
1273 3199 1406 3264 Galliam
1429 3203 1458 3263 in
1483 3202 1574 3263 hasce
1597 3210 1700 3280 partes

335 3281 515 3359 profectus,
540 3281 667 3362 primurn
689 3285 746 3348 lruc
766 3286 912 3360 attulerit,
937 3289 1016 3366 quod
1038 3289 1136 3368 ipsum
1158 3289 1229 3351 mihi
1253 3297 1285 3350 et
1308 3289 1376 3352 aliis
1400 3297 1556 3352 ostensum
1581 3290 1647 3359 fnit,
1672 3296 1701 3349 et

353 3377 386 3428 nt
410 3364 567 3432 Galilaeus
590 3369 676 3446 vidit,
701 3374 762 3435 alia
785 3375 825 3436 ad
847 3373 1046 3438 imitationem
1069 3377 1209 3453 confecit,
1235 3385 1325 3457 atque
1349 3378 1461 3459 aliquid
1486 3379 1597 3453 forsan,
1623 3376 1701 3458 quod

352 3456 442 3519 facile
466 3465 523 3532 est,
548 3457 681 3521 inventis
705 3462 831 3524 addidit.

440 3544 606 3623 Acceptam
621 3547 745 3627 Kepleri
762 3550 1056 3624 ,Dissertatiouem“
1081 3553 1159 3614 idem
1183 3553 1277 3616 refert
1298 3553 1407 3628 verbis,
1433 3574 1449 3615 e
1474 3553 1580 3634 quibus
1603 3573 1702 3633 appa-

354 3641 410 3702 ret,
436 3633 601 3696 Zuccarum
617 3637 844 3717 sensaKepleri
868 3659 926 3702 nou
950 3640 1131 3721 percepisse,
1156 3650 1188 3702 et
1201 3642 1365 3721 persistere
1383 3643 1412 3704 in
1437 3642 1573 3722 opinione
1598 3651 1704 3703 contra

352 3719 525 3783 Galilaeum
551 3731 621 3784 aute
645 3735 802 3805 concepta.
848 3729 932 3790 Haec
956 3729 1033 3790 enim
1066 3729 1150 3792 dedit
1173 3729 1303 3810 Keplero
1336 3731 1431 3803 (Van.
1466 3751 1494 3792 a.
1520 3731 1549 3792 d.
1574 3729 1605 3794 5.
1636 3729 1702 3792 Cal.

352 3807 435 3872 Junii
462 3807 575 3884 1610):
601 3813 639 3873 ad
662 3814 816 3892 proximas
842 3819 920 3896 quod
943 3819 1141 3897 respondeam
1165 3837 1223 3880 non
1247 3819 1361 3894 habeo,
1392 3828 1602 3899 praeterquam
1626 3819 1704 3899 quod

356 3897 503 3960 disertam
526 3919 599 3960 saue
633 3900 877 3967 dissertationem
909 3907 938 3966 iu
964 3904 1096 3968 Galilaei
1119 3907 1266 3970 Nuncinru
1289 3907 1419 3987 perlegi,
1451 3928 1489 3970 ex
1513 3927 1570 3987 quo
1600 3908 1646 3978 is,
1677 3907 1704 3968 si

355 3983 437 4058 uult,
469 3986 585 4050 larvam
616 3988 672 4050 sibi
709 3991 880 4056 detractam
913 3993 1003 4056 facile
1037 3995 1251 4074 deprehendet.
1305 3995 1357 4058 Ad
1390 3996 1592 4076 perspicillnm
1626 3995 1704 4077 qnod
1757 4070 1761 4080 Ι

353 4075 485 4224 attiget,
519 4075 663 4178 ejusmodi
696 4076 729 4142 S.
756 4077 790 4142 O.
815 4081 975 4160 Majestati
1007 4100 1077 4144 mox
1109 4084 1373 4146 transmittendum
1403 4103 1519 4146 summa
1547 4083 1704 4164 diligentia

356 4179 411 4222 con
434 4181 460 4224 cr
485 4181 596 4225 curavi.

444 4247 508 4312 Sed
539 4269 596 4313 nou
629 4259 748 4316 tautum
778 4255 917 4318 Venetiis
950 4256 1108 4320 Galilaens
1147 4260 1225 4321 male
1257 4258 1409 4322 audiebat.
1466 4260 1639 4333 Bononiae,
1675 4260 1703 4320 in

354 4337 550 4400 celeberrima
569 4339 623 4401 illa
646 4341 801 4403 academia
815 4344 935 4414 Italiae,
960 4364 1018 4407 uon
1042 4347 1168 4410 meliora
1185 4347 1229 4409 illi
1253 4361 1427 4412 evenerunt.
1460 4349 1616 4411 Jolranues
1636 4351 1703 4410 Au-

240 4443 244 4446 ·
353 4425 453 4488 tonius
477 4425 664 4506 Maginus,
699 4429 778 4490 inter
811 4439 1000 4495 astronomos
1033 4455 1104 4496 snae
1138 4436 1252 4496 aetatis
1285 4444 1317 4497 et
1339 4436 1458 4514 patriae
1482 4436 1703 4508 celeberrimus,

351 4512 507 4590 professor
530 4514 590 4574 illic
619 4516 805 4592 matheseos,
830 4527 947 4582 tautum
972 4521 1069 4585 abfuit
1092 4530 1128 4586 ut
1148 4523 1369 4586 obtrectatores
1391 4525 1556 4600 refutaret,
1590 4534 1624 4587 ut
1646 4525 1704 4587 illis

356 4617 389 4659 se
409 4599 592 4664 subobscure
614 4603 804 4668 immisceret.
845 4608 966 4670 Testem
992 4609 1135 4672 habemns
1150 4612 1314 4675 Martinum
1329 4613 1517 4686 Horlrium,
1542 4613 1704 4676 Bohemum

241 4695 244 4702 ⁴
357 4685 653 4765 (Lochnwicenum),
687 4691 736 4772 qui
758 4693 876 4772 Pragae
900 4696 1025 4775 Kepleri
1057 4718 1129 4762 usus
1158 4701 1363 4762 familiaritate
1386 4701 1482 4763 literis
1506 4719 1627 4781 operam
1651 4701 1704 4762 de-
