3694 5528
312 233 381 304 san
881 197 885 208 ’
926 240 1053 305 siau..
1100 254 1103 268 ·

400 413 479 475 Nam
504 412 530 472 si
555 431 611 473 non
637 413 692 474 lroc
717 433 818 478 verum
849 425 909 489 est,
944 437 1002 478 non
1027 436 1129 477 verum
1153 416 1211 477 erit
1234 415 1271 475 de
1295 417 1356 477 situ
1386 415 1488 495 puncti
1519 413 1668 476 radiantis

487 570 493 582 ⁴
741 502 820 564 iutra
844 513 977 566 centrum
1002 506 1077 575 cavi,
1103 505 1172 584 quia
1190 513 1260 565 tuno
1280 524 1333 583 per
1346 501 1430 565 XCI.
1455 505 1536 564 iutra
1559 521 1669 580 corpus

467 570 520 634 llss'
541 568 583 618 ²¹·
741 592 835 654 minor
858 602 905 655 est
929 594 1125 672 divergentia.
1164 594 1240 654 Item
1261 610 1317 654 non
1337 592 1394 652 erit
1414 611 1526 665 veruru,
1552 592 1577 650 si
1602 591 1667 651 lens

518 711 532 808 p
740 681 781 741 sit
804 682 970 760 altrobique
994 684 1095 761 plana.
1132 681 1175 742 Bt
1194 681 1312 742 minime
1330 682 1388 741 erit
1406 699 1517 748 rernm,
1541 680 1568 739 si
1591 697 1667 740 cou-

741 777 841 830 currat
873 770 1004 832 condltio
1038 779 1172 849 utraque.
1219 771 1315 847 Atqui
1338 787 1440 830 vernnr
1464 779 1512 828 est
1539 777 1666 844 utraque

740 866 943 919 concurrente.
970 858 1018 920 Sit
1028 860 1105 919 eninr
1113 859 1397 936 parallelepiperlum
1409 858 1532 918 densnrn
1544 856 1665 928 ΟΒΕΙ),

741 945 816 1006 radii
840 946 868 1006 in
894 966 928 1008 eo
953 955 1058 1008 contra
1080 966 1112 1006 se
1141 947 1275 1006 inclinati
1300 945 1364 1018 ΕΟ,
1390 947 1459 1020 BB,
1489 945 1665 1024 aequalibus

740 1034 858 1112 angulis
878 1033 969 1108 ΟΕΙ),
987 1035 1088 1096 BDE:
1113 1035 1133 1095 ii
1158 1035 1357 1112 refringantur
1380 1035 1409 1094 in
1432 1035 1552 1111 punctis
1572 1032 1608 1106 Ο,
1627 1033 1666 1102 Ε,

739 1122 776 1195 Β,
800 1122 848 1183 D:
881 1124 1003 1184 refracti
1035 1122 1103 1196 EG,
1138 1121 1195 1184 CA
1224 1141 1278 1201 per
1308 1122 1364 1184 III.
1399 1129 1485 1184 erunt
1515 1122 1663 1201 paralleli,

740 1209 811 1272 item
837 1220 869 1270 et
890 1211 953 1286 DF,
978 1213 1045 1286 BA,
1072 1211 1140 1290 qula
1163 1210 1225 1283 ΟΒ,
1250 1209 1307 1270 ΕΙ)
1332 1211 1478 1288 paralleli.
1516 1211 1666 1289 Aequalis

742 1301 833 1378 igitur
857 1299 1044 1377 divergentia
1066 1300 1096 1361 in
1119 1297 1186 1373 AO,
1211 1299 1268 1360 AB
1291 1299 1335 1359 illi
1359 1300 1387 1359 in
1411 1298 1479 1372 EG,
1497 1301 1559 1360 DF.
1597 1298 1663 1359 Εκ-

739 1396 862 1448 oaretur
894 1387 959 1466 jam
997 1387 1049 1450 ΟΒ
1087 1388 1197 1450 circulo
1236 1385 1329 1448 ΟΙΙΒ.
1385 1389 1536 1448 lllinuetnr
1574 1387 1666 1466 igitur

738 1475 892 1537 inclinatio
915 1474 968 1537 EC
993 1495 1083 1556 super
1106 1495 1212 1538 cavam
1235 1477 1431 1556 superficiem,
1455 1495 1545 1555 qnare
1569 1477 1665 1537 minor

738 1565 829 1624 etiam
854 1564 909 1626 erit
934 1566 1090 1640 retractio,
1119 1565 1254 1642 superior
1277 1565 1378 1644 itaque
1402 1565 1565 1637 refractus,
1589 1575 1666 1644 puta

612 1682 625 1712 a
739 1651 780 1713 ΟΙ
805 1661 835 1712 et
860 1653 887 1713 in
912 1653 1008 1712 altero
1023 1655 1074 1714 ΒΙ.
1111 1654 1212 1714 Minns
1236 1653 1326 1730 igitur
1349 1654 1538 1732 divergeot
1526 1673 1591 1732 Jam
1610 1651 1664 1725 IC,

657 1741 778 1802 IB
808 1760 895 1820 qnam
919 1740 987 1814 EG,
1011 1743 1075 1802 DF
1120 1743 1162 1802 Et
1185 1742 1277 1802 multo
1309 1743 1416 1816 minus,
1436 1743 1467 1806 si
1492 1743 1583 1802 etiarn
1606 1741 1664 1800 ΕΙ)

738 1837 908 1899 excavetur,
934 1831 1003 1910 quia
1028 1829 1081 1894 ΟΕ
1105 1849 1195 1910 super
1219 1848 1324 1891 noram
1354 1831 1540 1909 superficiem
1564 1830 1664 1908 magis

737 1918 937 1980 inclinabitur.
974 1919 1017 1980 Bt
1040 1939 1070 1979 re
1074 1919 1162 1980 straci
1188 1918 1285 1996 inagis
1305 1919 1462 1997 divergent
1476 1939 1565 1998 quarn
1585 1937 1664 1979 nunc

735 2005 803 2080 EG,
828 2006 891 2080 DF,
917 2014 950 2067 nt
972 2007 998 2068 sl
1022 2007 1083 2068 sint
1070 2007 1169 2076 t,EL
1193 2005 1261 2068 DO.

392 2097 494 2162 XCV.
552 2094 740 2178 proposit
714 2109 776 2162 Ιιο.
834 2094 1172 2175 Visibilialonginqna
1208 2095 1285 2156 lente
1318 2095 1395 2155 satis
1428 2114 1505 2156 cava
1536 2097 1565 2156 in
1603 2115 1663 2156 nno

303 2193 413 2262 puncto
438 2186 476 2248 ab
500 2189 586 2249 oculo
610 2211 643 2251 w
665 2205 788 2264 μυωπος
812 2183 961 2244 collocata
985 2191 1250 2262 repraesentantur
1274 2183 1427 2246 distincta.

392 2275 471 2338 Nam
495 2275 657 2356 longinqua
680 2279 792 2356 puncta
811 2272 932 2359 radiant
951 2272 1124 2349 parallelos,
1144 2291 1197 2349 per
1211 2272 1330 2332 XXllI.
1363 2270 1438 2332 Curn
1454 2289 1524 2348 ergo
1539 2293 1662 2346 μυωπες

516 2365 579 2426 sint
611 2362 774 2426 assuefacti
799 2360 837 2420 ad
866 2359 1047 2439 propinqua,
1081 2363 1118 2420 arl
1143 2360 1335 2436 divergentes
1368 2359 1457 2437 igitur
1492 2361 1660 2421 assuefacti

350 2429 403 2497 ΙΙΙ·
423 2429 466 2481 ²²·
516 2461 587 2515 sunt
610 2471 662 2530 per
676 2449 798 2516 XXIV.
824 2467 917 2527 eoque
942 2449 1065 2510 confuse
1084 2449 1188 2509 rident
1208 2457 1331 2510 remota.
1373 2449 1416 2508 At
1438 2467 1532 2508 cavae
1558 2451 1660 2510 lentes

515 2542 629 2603 faciunt
651 2541 753 2602 radios
782 2537 946 2616 parallelos
971 2537 1136 2615 divergere,
1162 2555 1215 2615 per
1238 2535 1307 2598 XC.
1346 2537 1474 2598 Faciunt
1497 2538 1600 2615 igitur,
1627 2547 1661 2598 ut

514 2647 616 2692 eornm
638 2629 849 2709 parallelorum
877 2625 1028 2686 radiorum
1061 2634 1172 2704 puncta
1201 2624 1344 2685 distincte
1373 2625 1542 2686 videantur.
1589 2626 1658 2686 Non

514 2726 614 2779 tamen
639 2717 667 2779 in
692 2715 772 2778 omni
805 2715 864 2776 situ
895 2733 988 2774 cavae
1023 2714 1123 2776 lentis.
1170 2714 1248 2774 Nam
1276 2721 1418 2791 punctum
1448 2714 1526 2774 idem
1550 2715 1659 2792 Aper

514 2825 620 2866 caram
644 2806 755 2868 lentem
772 2801 825 2866 ΟΕ
849 2803 1040 2863 remotiorem
1064 2804 1102 2864 ab
1126 2801 1212 2862 oculo
1232 2801 1287 2862 BD
1311 2802 1433 2862 radians
1456 2802 1485 2860 in
1508 2803 1656 2880 pupillam

414 2892 416 2912 ²
513 2895 592 2956 oculi
624 2895 689 2969 BD,
724 2912 819 2973 parva
852 2891 942 2952 lentis
974 2891 1112 2968 portione
1142 2889 1195 2951 ΟΕ
1228 2890 1341 2951 utitur:
1376 2891 1483 2969 qnippe
1517 2891 1596 2967 qnod
1629 2891 1656 2950 in

514 2983 689 3062 ampliorem
711 2981 821 3054 radiat,
842 2979 870 3040 id
895 2978 987 3040 nimia
1011 2978 1200 3056 divergentia
1215 2979 1338 3039 aberrat
1352 2979 1390 3038 ab
1410 2979 1505 3040 oculo.
1541 2977 1659 3039 Contra

513 3070 591 3130 idem
616 3068 644 3130 A
673 3079 815 3148 punctum
848 3068 1033 3148 propinquae
1067 3067 1155 3127 lentis
1180 3063 1225 3126 01
1249 3067 1360 3144 majore
1393 3066 1487 3128 utitur
1516 3067 1656 3145 portione

513 3155 566 3230 Ol,
592 3158 630 3217 ad
662 3157 763 3218 radios
794 3157 884 3220 abA
918 3156 1105 3234 spargendos
1133 3155 1163 3215 in
1194 3160 1289 3214 totam
1322 3155 1464 3233 pupillam
1497 3154 1563 3216 BD.
1610 3157 1659 3216 At

512 3262 606 3322 parva
637 3246 735 3323 portio
767 3243 820 3304 ΟΕ
850 3246 972 3324 propior
1004 3251 1053 3303 est
1084 3242 1324 3320 perpendiculari
1357 3261 1394 3303 ex
1422 3244 1451 3304 A
1479 3243 1508 3303 in
1543 3243 1656 3304 lentem

512 3349 599 3410 qnam
624 3332 725 3411 ampla
750 3331 812 3394 Ol:
838 3333 935 3394 minor
959 3329 1051 3409 igitur
1073 3329 1141 3404 ΑΟ,
1166 3329 1224 3390 ΑΕ
1247 3330 1397 3391 radiorum
1421 3331 1591 3411 propiorum
1615 3333 1657 3392 ad

512 3421 696 3498 superficiem
721 3420 875 3482 inclinatio
901 3437 988 3499 quam
1012 3419 1162 3480 radiorum
1183 3415 1250 3491 AO,
1272 3417 1327 3492 AI,
1352 3420 1478 3498 ideoque
1503 3427 1535 3480 et
1558 3420 1658 3481 minor

512 3508 652 3569 retractio
677 3506 771 3580 AOB,
796 3507 883 3568 AED
914 3527 1003 3588 quarn
1036 3506 1122 3579 AIB,
1154 3505 1243 3568 AOD
1276 3525 1330 3585 per
1353 3509 1393 3568 X.
1430 3516 1460 3569 et
1491 3517 1658 3587 propterea

511 3596 607 3656 minor
639 3595 828 3674 divergeutia
851 3594 914 3671 ΟΒ,
938 3596 997 3657 ΕΙ)
1026 3613 1114 3675 qnam
1138 3595 1190 3671 IB,
1215 3593 1281 3654 OD.
1328 3596 1396 3656 Jarn
1426 3615 1497 3658 vero
1529 3597 1659 3658 cuilibet

511 3683 596 3745 oculo
630 3702 686 3745 sna
718 3691 803 3746 certa
839 3685 1028 3762 divergentia
1060 3683 1204 3763 prodest:
1243 3691 1343 3745 certus
1382 3685 1473 3763 igitur
1508 3685 1657 3764 cujusque

512 3773 604 3834 lentis
628 3772 716 3834 situs.
1485 3783 1500 3808 ⁴

376 1863 413 1941 ‚³⁵⁰
608 1879 654 1950 ilo

309 3839 326 3875 ⁸
447 3847 465 3882 ³
601 3858 718 3922 XCVI.
765 3859 995 3940 Propositio.
1043 3857 1187 3920 Visibilia
1210 3877 1263 3938 per
1286 3877 1378 3920 cavas
1406 3860 1503 3922 lentes
1525 3879 1655 3940 reprae-

299 3955 456 4011 sentantur
480 3949 603 4012 minora.

386 4035 437 4098 Sit
467 4038 544 4099 enim
569 4038 596 4098 in
630 4036 724 4116 priori
759 4031 1007 4114 schemate'jam
1037 4035 1093 4096 BD
1123 4034 1242 4096 risibile
1276 4043 1307 4094 et
1336 4038 1364 4096 A
1396 4043 1530 4098 centrum
1564 4039 1657 4100 oculi.

299 4122 376 4186 Cum
399 4145 470 4204 ergo
494 4125 570 4188 radii
595 4145 632 4186 ex
651 4127 681 4186 A
705 4126 733 4185 in
758 4124 838 4186 lente
859 4123 912 4186 ΟΕ
936 4123 1140 4201 refringantur
1163 4131 1330 4184 extrorsum
1352 4142 1406 4202 per
1424 4123 1540 4200 xo1v,
1566 4135 1659 4204 patet

299 4214 441 4274 connexis
465 4215 531 4289 BA,
557 4213 614 4274 DA
639 4213 783 4290 majorani
818 4214 947 4274 futurum
981 4212 1121 4288 angulum
1145 4209 1240 4282 BAD,
1267 4230 1323 4290 quo
1349 4213 1500 4274 videretur
1531 4214 1657 4276 visibile

297 4300 390 4362 libero
415 4303 510 4376 oculo,
537 4321 624 4380 qnam
640 4298 732 4372 GAE,
759 4318 815 4378 qno
839 4299 948 4378 angulo
973 4298 1093 4359 videtur
1107 4299 1162 4359 DB
1181 4316 1234 4376 per
1250 4299 1359 4360 lentem
1379 4299 1440 4375 ΟΕ,
1465 4321 1519 4380 per
1532 4302 1655 4366 LXVL
1703 4299 1721 4312 ’

201 4447 204 4456 ,
296 4387 388 4466 igitur
411 4389 507 4450 minor
536 4389 720 4468 putabitur..
749 4389 856 4448 Nescit
885 4387 963 4446 enim
987 4388 1107 4460 oculus,
1142 4387 1213 4465 quid
1243 4388 1335 4448 radiis
1360 4387 1426 4460 ΑΟ,
1451 4389 1508 4450 ΛΕ
1532 4391 1658 4452 accidat

223 4527 232 4539 .
296 4475 326 4536 in
352 4475 438 4550 Ο,Ε
470 4477 607 4556 punctis:
642 4494 736 4556 eoque
769 4482 858 4554 putat
881 4475 950 4536 illos
982 4475 1074 4550 rectis
1103 4475 1281 4550 continuari,
1315 4495 1368 4555 per
1391 4477 1487 4551 XIX,
1522 4481 1658 4558 quodsi

296 4562 391 4638 lieret,
416 4565 435 4628 ii
458 4573 541 4627 certe
565 4583 623 4626 nou
647 4565 705 4626 nisi
728 4571 845 4644 partem
865 4563 901 4624 de
926 4560 1037 4624 risibili
1056 4563 1111 4623 BD
1132 4563 1355 4642 interciperent.
1395 4562 1526 4644 Capinnt
1549 4573 1658 4630 autem

297 4659 394 4714 totum
417 4654 535 4715 visibile
559 4654 693 4726 refracti,
716 4672 788 4734 ergo
808 4651 924 4731 species
940 4649 1034 4711 totius
1058 4659 1204 4731 aequatur
1217 4653 1298 4729 parti
1321 4653 1415 4715 totins
1438 4672 1531 4735 eoque
1554 4655 1658 4718 minor

296 4746 346 4799 est
370 4741 434 4818 ipso
460 4749 536 4806 toto.
