3674 5538
261 211 303 282 92
681 215 781 264 Litsree
799 212 901 275 Keplen'
920 211 1070 276 alienumque
1088 218 1190 262 mutuno

262 395 328 456 lons
351 398 458 454 motus.
503 389 582 452 Nam
613 386 711 466 magis
741 395 991 462 cousentaneum,
1026 390 1140 453 unic-am
1170 389 1285 452 Lunum
1319 383 1432 452 moveri
1451 385 1616 459 bituriam,

262 501 350 562 qrrenr
375 480 502 561 quinque
526 480 676 558 planetus,
700 495 766 537 curn
791 475 828 536 ob
853 477 1007 554 superiora
1029 487 1090 540 tunt
1106 478 1174 559 quie
1196 479 1261 557 ejus
1284 479 1365 540 orbis
1388 483 1436 538 est
1460 474 1617 554 angustis-

263 571 365 644 simus,
401 587 508 646 eorpus
541 565 686 633 omnium,
703 563 835 626 siderum
869 566 1063 628 exilissimum
1087 577 1119 630 et
1142 568 1235 629 'l'erra
1266 567 1373 638 minus,
1404 574 1435 628 et
1462 563 1617 642 proportio

261 659 351 732 orbis,
378 676 434 737 quo
459 653 631 718 immediate
650 673 669 714 e
685 653 779 712 Terra
794 653 875 714 ciros
891 654 1014 716 Terram
1030 656 1168 730 volvitur,
1194 655 1340 717 cdncinna
1360 654 1398 715 ud
1423 653 1533 726 orbem,
1559 669 1616 732 quo

261 747 391 808 mediate
418 767 437 806 u
451 743 522 805 Sole
542 741 623 802 circo
647 739 749 802 Solem
774 741 901 815 uehitur,
926 743 974 804 hio
990 743 1069 806 illius
1092 745 1281 825 vigecuplum
1300 743 1368 823 plus
1392 743 1497 816 minus,
1523 741 1616 802 multo

261 854 366 914 nempe
389 833 500 912 major:
525 838 631 892 contre
653 832 843 908 planetarum
868 850 994 910 corpora
1013 834 1156 895 nonnulla
1177 832 1334 911 suntipse
1352 831 1470 893 Tellure
1489 829 1614 908 majore,

264 934 295 986 et
319 920 492 984 nominatim
508 917 562 979 Sol
586 918 661 997 ipse,
686 937 772 997 quern
795 918 981 999 Tychonicue
1006 920 1114 1002 aliquis
1137 921 1166 982 vi
1191 921 1276 1001 hujus
1301 918 1469 1000 argumenti
1492 917 1618 978 eTerra

262 1019 411 1072 statueret
434 1005 555 1079 moveri,
580 1005 700 1086 ponitur
729 1002 810 1069 1166
834 1007 931 1086 major
946 1009 1049 1084 Terre,
1074 1018 1272 1083 uictoresne,
1298 1009 1386 1070 orbes
1406 1025 1485 1080 vero,
1511 1004 1617 1086 quibus

262 1098 432 1160 innnedie'te
456 1097 598 1176 planetae
622 1095 702 1156 circa
717 1093 817 1157 Solem
838 1103 977 1175 aguntur,
998 1097 1152 1173 immanes,
1177 1107 1208 1160 et
1228 1099 1346 1179 quidem
1371 1096 1464 1158 multo
1488 1094 1618 1172 majores

261 1187 343 1260 orbe,
368 1204 425 1266 quo
446 1184 577 1246 mediate
597 1202 662 1246 curn
678 1181 760 1259 Sole,
785 1191 889 1246 centro
908 1203 972 1259 suo,
993 1185 1072 1247 circa
1091 1186 1215 1250 Terram
1231 1187 1280 1266 egi
1301 1191 1460 1266 ponuntur.
1494 1181 1618 1247 Saturni

262 1294 367 1354 nempe
391 1272 577 1336 eccentricus
601 1272 747 1350 decupiex
766 1280 814 1332 est
829 1272 867 1334 ad
883 1273 985 1334 orbem
1010 1274 1183 1358 epicyclnm,
1206 1275 1294 1338 Jovis
1313 1273 1497 1354 quadruplus
1516 1270 1617 1342 semis

261 1363 371 1426 hlautis
394 1361 574 1442 sesquiplus,
595 1359 724 1422 Veneris
749 1361 867 1440 quidem
891 1362 980 1440 paulo
1005 1362 1109 1439 minor,
1134 1382 1240 1442 nempe
1265 1363 1407 1434 dodrans,
1431 1368 1463 1422 et
1476 1359 1618 1422 Mercurii

261 1451 397 1514 semissis
421 1450 539 1512 videtur
562 1468 632 1528 pars
656 1449 766 1511 tertia:
798 1450 850 1510 sed
876 1449 945 1529 quid
976 1451 1032 1512 hoo
1055 1453 1094 1513 ed
1118 1453 1207 1528 illud,
1237 1452 1315 1534 quod
1339 1451 1445 1512 Lunee
1474 1447 1555 1510 orbis
1579 1448 1617 1508 ad

262 1541 363 1602 orbem
387 1540 499 1600 Terrae
524 1546 571 1600 est
594 1555 666 1618 pers
689 1538 895 1599 tantummodo
920 1539 1070 1602 uicesima.

349 1628 454 1690 Hebes
478 1628 520 1688 M.
547 1627 619 1697 Vir,
653 1645 728 1706 quae
753 1627 781 1687 in
806 1627 979 1706 praesentia
1003 1630 1038 1689 de
1063 1630 1119 1690 huc
1144 1628 1318 1708 quaestione
1343 1627 1414 1688 mihi
1436 1626 1616 1698 inciderunt,

263 1717 369 1798 quibus
388 1717 463 1778 benc
487 1715 676 1795 ponderatis,
701 1714 727 1774 si
752 1716 820 1793 quid
846 1716 972 1794 emplius
997 1726 1091 1780 restet
1116 1717 1214 1790 dubii,
1239 1717 1267 1778 id
1292 1735 1338 1778 mc
1363 1725 1464 1790 acuet,
1495 1713 1520 1775 si
1544 1733 1617 1794 pro-

268 1813 404 1886 ponetur,
431 1805 468 1865 ed
492 1803 644 1882 negotium
669 1805 859 1865 tractandum
883 1805 1045 1868 dexterius.

351 1893 397 1956 De
422 1893 557 1973 adjutore
583 1893 671 1954 docto
696 1911 733 1952 ex
758 1893 886 1954 Altorlio
911 1912 981 1973 spes
1010 1893 1112 1975 occepi
1137 1894 1252 1968 bones;
1281 1911 1370 1975 quem
1394 1893 1418 1954 si
1443 1894 1617 1963 obtendero,

221 1979 225 1988 ’
263 2001 316 2062 pro
342 1981 453 2044 uiribus
478 1981 649 2042 consuletur
672 1981 732 2042 tuis
757 1980 928 2061 eclipsibus.

353 2071 431 2131 Vale
456 2070 512 2131 Vir
535 2069 707 2147 Magnifice,
731 2089 855 2154 meaque
880 2067 981 2132 sthdia
1004 2063 1177 2150 promovere
1201 2087 1302 2150 perge.

353 2161 470 2238 Progne
495 2155 545 2220 28.
570 2158 663 2220 Mart.
692 2155 787 2221 1605.
835 2231 837 2236 ¹

822 2246 901 2310 Nob.
925 2246 1010 2326 Mag.
1036 2248 1117 2308 Tuae

916 2365 919 2372 ·
1237 2332 1478 2395 devinctissimus

1181 2423 1224 2484 M.
1248 2423 1376 2485 Jotunn
1398 2417 1525 2500 Kepler.

354 2509 448 2574 Quibus
466 2509 592 2574 respoudit
609 2508 769 2560 Herunrtus:

477 2581 626 2632 Ehmvestor
644 2578 689 2631 dtc.
785 2575 789 2584 ’

352 2651 449 2702 Deesen
464 2652 597 2703 Schroiben
616 2668 638 2699 ι.
659 2649 701 2702 28.
716 2653 790 2702 Mart.
804 2653 853 2702 hab
867 2653 951 2702 ichzu
965 2652 1086 2718 Selzhurg
1103 2651 1149 2701 nol
1171 2652 1327 2717 emplungen.
1356 2651 1416 2700 was
1435 2649 1533 2700 Lunum
1552 2652 1619 2700 ciros

264 2725 390 2776 meridiem
408 2725 486 2774 risum
504 2721 605 2778 betrifft.
625 2737 651 2772 to
670 2724 737 2773 knnn
757 2723 797 2773 ich
816 2725 851 2774 sie
870 2726 916 2772 mit
933 2724 989 2773 dem
1007 2737 1059 2773 true
1078 2721 1224 2772 Plutarchus
1244 2722 1274 2771 de
1297 2721 1377 2786 glorie
1396 2720 1486 2770 Athen.
1513 2721 1620 2770 schreibt

264 2797 303 2846 uit
320 2793 474 2860 rergleicheu
494 2795 553 2844 oder
570 2793 610 2844 ltir
627 2795 667 2842 ein
686 2795 883 2860 gleichltrrniges
901 2796 1056 2858 plreenomen
1078 2795 1163 2843 hulten
1184 2792 1244 2856 (την
1264 2787 1295 2842 de
1319 2787 1399 2853 ἕκτην
1417 2786 1464 2840 ἐπι
1483 2787 1552 2840 dener
1569 2805 1620 2840 rou

264 2878 452 2933 μουνιχιωνος
461 2857 599 2932 {inrepserit
613 2868 798 2935 καθιερωσαν,
817 2857 874 2933 lvp‘
889 2880 944 2921 turc
956 2857 1062 2927 ‘utrem
1082 2879 1146 2928 περι
1159 2861 1307 2931 Σαλαμινα
1326 2871 1441 2913 nexuum
1458 2857 1621 2929 ἔπελιιμψεν

265 2929 280 2998 ἡ
299 2939 364 2992 deoc
383 2934 574 2999 morosiores),
596 2933 622 2997 1)
641 2939 700 3002 quio
717 2937 791 2987 Luna
802 2939 834 2985 in
852 2937 985 3001 plenilunio
1004 2952 1062 3002 ergo
1081 2941 1154 2986 nocte
1172 2937 1226 2986 risu
1245 2941 1289 2984 est
1321 2931 1350 2996 2)
1368 2935 1438 2984 Idem
1456 2935 1573 2997 probetur
1591 2947 1621 2982 ex

265 3009 305 3058 die
323 3009 415 3056 mensis
427 3007 500 3064 lilius,
514 3023 570 3056 oum
582 3021 680 3056 menses
693 3009 842 3057 Graecorum
856 3015 908 3058 tum
925 3010 1039 3071 temporis
1052 3009 1151 3056 lnnnres
1170 3008 1277 3056 bierunt.
1298 3003 1326 3068 3)
1340 3005 1448 3056 Verbum
1460 2997 1622 3070 ἔπελαμψεν

266 3080 356 3144 arguit,
374 3077 405 3126 de
423 3085 497 3128 nocte
514 3078 540 3126 id
559 3093 613 3128 esse
632 3078 813 3142 accipiendum,
836 3095 892 3129 cum
911 3079 983 3128 Lune
1001 3079 1107 3128 interdiu
1126 3091 1262 3142 apperens.
1283 3078 1329 3127 etsi
1348 3077 1385 3125 rel
1404 3077 1510 3125 menime
1529 3077 1620 3130 luceat.

265 3165 315 3199 non
335 3155 421 3198 temen
439 3149 519 3199 soleat
546 3149 692 3200 illuminare.
732 3148 759 3212 4)
779 3151 815 3199 Ex
833 3151 958 3200 Herodoto
987 3152 1056 3214 argui
1084 3155 1178 3214 potest,
1201 3150 1329 3198 victoum
1354 3147 1423 3197 illem
1441 3147 1508 3197 ultre
1525 3153 1622 3210 tempus

266 3221 315 3270 diei
334 3219 445 3269 durasse.
1090 3243 1091 3252 ι
1202 3235 1211 3252 ·

354 3289 403 3339 Die
421 3291 529 3339 rationes
549 3290 592 3340 des
611 3291 707 3348 Herrn.
736 3306 827 3342 rrsrurn
847 3293 921 3341 Lunu
947 3291 1052 3341 interdiu
1079 3291 1155 3340 rideri
1182 3296 1271 3354 quent,
1300 3289 1360 3340 thun
1385 3290 1431 3338 mir
1449 3290 1474 3338 in
1501 3290 1625 3352 proposito

266 3367 349 3410 nostro
369 3373 429 3410 cusu
448 3369 474 3410 et
492 3359 620 3424 hypothesi
641 3363 726 3412 dorum
746 3363 802 3412 hein
821 3363 922 3428 rolliger
942 3363 1059 3428 Gendge,
1079 3361 1133 3411 weil
1153 3363 1188 3411 sic
1215 3361 1313 3412 erstlich
1332 3376 1359 3410 so
1382 3360 1483 3425 gener'al
1502 3359 1552 3408 und
1572 3359 1624 3410 sich

266 3447 293 3482 eo
313 3432 349 3481 ult
367 3438 497 3496 totingen,
517 3431 575 3481 dass
593 3446 651 3482 men
671 3449 697 3482 es
716 3435 756 3482 litr
773 3435 831 3484 hein
854 3433 1019 3499 prodigiosum
1046 3439 1169 3482 ostentum
1188 3433 1273 3482 hellen
1292 3432 1388 3491 nilrde,
1415 3433 1464 3481 und
1483 3431 1551 3480 dunn
1569 3429 1625 3478 weil

266 3505 303 3553 sie
321 3503 373 3552 sich
392 3503 443 3551 test
461 3502 536 3552 nlleiu
555 3503 629 3553 dehiu
648 3505 761 3562 trondem
781 3506 839 3556 dese
856 3519 915 3554 mun
936 3507 1033 3554 Lunum
1052 3505 1126 3554 ullein
1149 3503 1263 3553 hldssllcb
1284 3503 1324 3552 ein
1342 3503 1423 3567 trenig
1447 3501 1524 3551 seben
1541 3507 1624 3565 muge,

267 3575 326 3624 eber
343 3587 389 3639 gur
406 3575 444 3622 nit
462 3573 519 3623 dues
538 3589 566 3637 sy
584 3577 654 3624 recht
671 3576 735 3626 wohl
753 3575 890 3626 erhsntlich
909 3591 955 3625 ron
974 3577 1031 3626 dem
1049 3575 1181 3640 gemeineu
1194 3574 1272 3624 Menn
1285 3575 1311 3623 in
1331 3573 1374 3622 der
1385 3571 1501 3637 gleichen
1516 3571 1624 3626 Sechen.

266 3646 312 3696 urie
331 3659 359 3708 ey
379 3661 410 3694 nu
427 3645 517 3694 nuchts
536 3647 666 3700 erscheint.
686 3648 776 3711 gltnze
795 3649 845 3697 und
865 3647 916 3697 eleo
935 3663 978 3711 pro
1005 3646 1124 3696 miraculo
1152 3651 1257 3696 noturus
1280 3644 1398 3711 gehelten
1425 3643 1524 3694 werden
1543 3649 1625 3708 muge.

265 3716 320 3766 veit
336 3715 430 3778 Jemuhl
450 3716 513 3764 diter
532 3717 568 3766 uls
588 3719 624 3766 oft
642 3717 682 3766 die
702 3717 775 3768 Luna
792 3719 899 3768 interdiu
917 3721 995 3767 instar
1013 3718 1151 3767 nubeculae
1170 3717 1301 3766 albicantis
1320 3715 1428 3780 genehen
1448 3715 1515 3764 vird.

356 3785 404 3836 Mir
421 3787 499 3852 gehet
517 3803 547 3836 uu
566 3789 687 3849 Geminis,
718 3805 743 3839 es
771 3789 868 3839 mbchte
888 3789 927 3838 die
954 3789 1038 3838 rechte
1058 3787 1155 3838 Vrseclr
1174 3789 1198 3836 ln
1227 3789 1351 3851 preposite
1377 3787 1522 3851 quaestione
1550 3784 1626 3834 daher

266 3872 415 3925 genomrneu
443 3859 556 3917 werden,
584 3860 684 3909 wellin
711 3861 836 3925 proposito
863 3862 1036 3922 coniunctione
1055 3859 1118 3910 Solis
1138 3865 1162 3908 et
1181 3859 1269 3908 Lunae
1297 3859 1364 3907 circe
1391 3857 1501 3907 meridiei
1528 3861 1625 3916 tempus

265 3931 344 3990 iectu,
365 3943 487 3993 apperens
505 3930 549 3979 let.
570 3931 658 3980 Lunae
677 3931 751 3982 inerit
769 3933 820 3981 bor.
840 3932 981 3996 etquidem
999 3931 1097 3981 nonnisi
1117 3925 1147 3978 1⁰
1165 3938 1191 3980 et
1209 3943 1343 3992 pensorum
1362 3930 1519 3979 minutorum.
1554 3925 1625 3975 Auch

267 4001 359 4050 duhero
378 4015 455 4050 conus
473 4001 600 4051 umbrosus
626 4002 764 4052 incubuerit
781 4018 857 4066 cupre
883 4003 964 4052 redies
983 4016 1013 4050 ex
1031 4001 1101 4052 oculo
1120 4001 1227 4050 ridentis
1244 4001 1270 4050 in
1294 4000 1377 4050 orbem
1397 3998 1483 4048 Lunae
1511 3997 1624 4047 directos.

357 4071 433 4121 Hulte
452 4071 575 4121 demnech
594 4072 680 4130 daffir,
700 4087 773 4123 nunu
793 4073 836 4124 der
855 4085 930 4124 conns
949 4074 1076 4122 umbrosus
1095 4071 1211 4121 oberhelb
1236 4071 1299 4121 oculi
1326 4072 1449 4120 cernentis
1466 4066 1621 4131 herumgeht.

267 4157 294 4190 so
314 4141 408 4191 libnnte
427 4142 471 4192 der
484 4143 563 4192 Glanz
583 4144 626 4192 des
639 4142 721 4200 Mons.
741 4161 767 4194 so
787 4160 813 4194 er
832 4159 862 4195 ex
880 4145 1064 4206 repercussione
1083 4143 1205 4192 mdiorum
1220 4141 1342 4192 Solarium
1355 4157 1384 4191 ex
1397 4143 1474 4191 Terre
1490 4141 1515 4188 in
1529 4139 1626 4188 Lunum

268 4213 449 4262 reflectendum
477 4214 610 4270 hehommt.
635 4215 801 4279 nngehindert
819 4217 880 4265 lucie
900 4215 1002 4263 diurnae
1021 4213 1131 4279 genehen
1149 4213 1256 4262 werden.
1294 4213 1328 4262 Es
1350 4213 1447 4278 herregt
1472 4209 1536 4260 mich
1553 4209 1627 4258 hieru

268 4283 376 4341 erstlich,
395 4283 449 4333 rreil
467 4284 508 4334 ioh
526 4285 601 4342 liudo,
622 4285 679 4334 desc
697 4299 755 4335 mun
774 4288 799 4336 in
819 4287 968 4350 denjenigen
987 4285 1118 4348 eclipsibus
1137 4283 1208 4344 Solis,
1229 4285 1359 4348 inquibus
1379 4285 1423 4333 let.
1444 4283 1530 4348 Lupus
1550 4293 1626 4344 uppu-

267 4367 323 4402 rens
343 4355 513 4412 estimoniis,
534 4355 631 4406 Lunum
650 4371 682 4406 zu
699 4356 776 4406 seheu
795 4359 880 4422 pilegt‚
901 4357 951 4406 und
976 4357 1116 4407 wernimmt
1138 4355 1258 4420 quomodo
1285 4355 1347 4404 orbis
1367 4355 1455 4404 Lunue
1473 4359 1526 4402 tum
1545 4352 1629 4402 orbem

268 4421 333 4473 Solis
351 4425 447 4474 subest.
486 4426 549 4475 Zum
569 4426 663 4477 andern
682 4428 737 4493 gibt
755 4443 781 4477 es
799 4429 854 4493 ipse
881 4428 1048 4490 experientis,
1076 4441 1150 4475 menn
1170 4427 1239 4476 einer
1256 4426 1296 4474 bei
1315 4426 1370 4490 'leg
1388 4425 1439 4474 und
1467 4422 1630 4474 scheinender

269 4492 352 4544 Sonne
371 4495 455 4544 Etrres
473 4497 498 4544 in
518 4498 558 4548 die
576 4497 658 4547 Weite
677 4499 787 4548 deutlich
805 4500 881 4548 sehen
900 4497 963 4559 vill,
983 4497 1041 4546 dass
1060 4513 1085 4546 er
1111 4497 1227 4548 oberhnlb
1247 4497 1290 4546 der
1308 4497 1399 4560 Augen
1417 4497 1456 4545 die
1475 4495 1551 4544 Hand
1571 4494 1630 4542 oder

269 4563 341 4612 einen
361 4563 414 4612 Hut
433 4566 491 4616 oder
509 4567 666 4633 dergleichen
686 4576 763 4620 erues
782 4569 834 4618 lrttlt
852 4570 902 4618 und
922 4569 1058 4634 gleichsam
1076 4573 1150 4618 unter
1168 4570 1249 4618 einem
1274 4567 1416 4631 tohattigen
1435 4565 1508 4615 Dech
1526 4565 1628 4614 bintus·

268 4633 351 4752 siehpii
369 4633 445 4753 dliitte
474 4637 517 4687 der
544 4638 608 4688 Hem
632 4639 702 4690 nolle
730 4641 822 4690 diesem
851 4641 1021 4704 phaenomeno
1049 4640 1134 4689 neiter
1161 4638 1325 4688 nuchdenhen
1352 4637 1404 4688 und
1431 4637 1497 4688 mich
1524 4635 1631 4686 durtlber

268 4717 323 4754 vers
352 4719 451 4768 orgen.
