3464 5524
301 245 345 313 40
702 249 802 298 Literae
820 245 921 310 Keplerl
939 244 1090 310 aliorumque
1107 249 1209 294 mutuae

300 423 428 489 speculum
447 423 567 484 cernitar,
593 439 643 474 non
662 423 751 474 cadere
770 425 794 472 in
814 423 942 474 cathetum
959 423 1126 481 incidentiae,
1155 422 1272 487 quidquid
1291 422 1377 472 dicant
1395 422 1476 486 optici.
1513 421 1587 474 Haec
1607 411 1658 470 ciu-

300 507 400 558 τοπτης
419 495 497 546 scribo
518 501 543 545 et
560 509 636 560 rogo,
656 501 684 544 ut
702 501 727 544 et
745 494 783 544 Tu
801 495 826 543 in
845 495 945 558 speculo
964 497 1013 544 ista
1032 494 1151 556 explores.

373 567 423 617 Sed
441 573 494 616 esto
514 563 567 631 (lig.
588 563 634 626 22)
654 566 721 615 aliud
740 565 866 628 spec-ulum
886 565 967 622 GBA,
997 568 1067 628 cujus
1091 572 1202 614 centrum
1221 564 1261 620 D,
1291 571 1316 614 et
1341 565 1443 614 bacillus
1469 563 1579 626 obliquus
1600 564 1656 622 ΖΜ,

302 638 388 688 oculus
398 638 433 694 E,
454 645 480 687 et
492 637 634 687 extremitas
652 637 734 684 bacilli
752 636 852 686 inferior
864 635 891 686 M
901 639 933 686 sit
952 637 1024 700 paulo
1044 635 1156 686 humilior
1175 642 1259 684 centro
1273 635 1309 684 D:
1330 636 1389 684 dicit
1402 635 1501 684 Vitellio
1514 631 1599 694 (VIII,
1613 633 1657 694 ⁴5)

302 710 483 758 extremitatem
501 707 529 756 M
548 721 666 772 apparere
685 709 748 758 citra
766 708 892 772 speculum
911 710 936 757 in
956 708 990 766 L,
1013 714 1112 771 propter
1131 707 1256 758 cathetum
1275 707 1427 756 incidentiae
1445 705 1506 755 ut).
1544 705 1658 754 Alteram

300 794 375 838 rero,
395 785 456 842 puta
474 779 628 828 remotiorem
648 777 683 838 Z,
703 779 781 828 risum
799 780 828 827 iri
846 781 871 828 in
891 779 929 830 K.
951 780 1026 828 etiam
1047 779 1109 828 citra
1127 779 1266 841 speculum.
1285 785 1383 840 propter
1401 777 1527 826 cathetum
1546 777 1658 826 inciden-

302 851 354 900 tiae
373 849 418 898 ΖΙ)
437 850 472 900 ibi
499 863 554 898 cnm
581 848 647 897 linea
675 849 814 898 reflexionie
834 856 1028 900 concurrentem.
1066 851 1101 898 At
1119 850 1271 912 experientia
1296 856 1424 912 utramque
1444 855 1513 898 extra
1531 847 1658 910 speculum

301 919 383 977 locat,
403 925 432 969 ut
450 919 552 969 cuilibet
571 918 697 982 explorare
716 920 790 968 lacile
809 928 853 970 est.
892 921 980 985 itaque
999 926 1025 971 et
1037 921 1085 970 hec
1106 921 1275 969 observatione
1294 920 1442 978 ostenditur,
1461 919 1595 984 imaginem
1610 935 1658 968 nou

300 993 327 1040 in
347 991 446 1042 catheto
465 1005 509 1040 sno
529 1002 663 1052 apparere,
682 991 748 1040 sieut
767 991 890 1042 docebant
908 993 990 1056 optici.
1034 992 1087 1056 Ego
1116 991 1195 1039 ductis
1219 989 1343 1053 parallelis
1363 988 1658 1053 appetentissimum

304 1063 438 1127 imaginem
457 1059 555 1110 termini
575 1074 617 1110 sen
637 1063 800 1112 extremitatis
819 1063 844 1112 M
863 1063 970 1112 dicerem
988 1063 1064 1112 rideri
1082 1064 1107 1110 in
1126 1063 1159 1118 F,
1179 1061 1198 1110 Z
1219 1063 1243 1110 in
1261 1061 1293 1110 Η.
1332 1061 1364 1110 Et
1382 1061 1439 1125 quie
1457 1061 1539 1125 imago
1558 1058 1585 1108 Η
1597 1060 1660 1109 latet

301 1138 355 1195 post
374 1133 409 1188 F,
438 1137 466 1181 ut
486 1131 594 1193 conspici
614 1147 662 1180 non
682 1133 760 1195 pessit
779 1135 810 1183 ab
830 1134 899 1184 oculo
919 1135 954 1191 E,
981 1141 1120 1198 apponatur
1139 1133 1230 1198 digitus
1249 1133 1399 1182 extremitati
1418 1131 1498 1180 bacilli
1517 1129 1554 1187 Ζ,
1584 1137 1659 1194 atque

570 1237 623 1301 pig·
645 1235 685 1285 23¹
965 1207 1003 1323 {ta
1017 1220 1050 1324 gx
1070 1206 1139 1268 signo
1152 1203 1299 1266 prominenti
1313 1203 1380 1252 locus
1399 1203 1512 1268 imaginis
1525 1201 1551 1250 H
1570 1216 1658 1266 appre-

984 1289 1014 1324 cn
1033 1277 1041 1323 i
1059 1282 1149 1337 potest.

1015 1346 1098 1395 Unum
1118 1345 1208 1394 addam
1228 1358 1258 1392 ex
1280 1341 1416 1393 Vitellionis
1437 1343 1478 1391 lib.
1497 1341 1570 1392 VIIl.
1591 1357 1658 1406 prop.

962 1415 1003 1464 d'l.
1024 1417 1176 1472 desumtnm,
1208 1415 1272 1478 quod
1296 1421 1322 1463 et
1339 1415 1419 1478 ipsum
1445 1415 1583 1478 opticoram
1603 1429 1657 1463 sen·

962 1489 1065 1536 tentiam
1095 1495 1229 1551 oppugnat.
1267 1485 1333 1534 Nam
1361 1485 1425 1534 oculi
1444 1484 1475 1541 B,
1495 1485 1515 1533 Τ
1534 1481 1659 1550 (figat).

962 1561 1026 1608 inter
1045 1566 1155 1607 centrum
1175 1557 1267 1621 speculi
1286 1555 1312 1606 K
1332 1556 1456 1606 stlocum
1476 1556 1495 1604 F
1514 1556 1605 1619 positi,
1634 1570 1660 1604 se

962 1637 1046 1678 mutuo
1073 1630 1227 1692 conspiciunt
1254 1641 1298 1691 per
1324 1633 1443 1691 punctum
1469 1627 1611 1676 reflexionis
1630 1625 1658 1674 G.

963 1701 1055 1750 Vemm
1074 1701 1196 1763 imagines
1215 1713 1298 1748 eorum
1317 1713 1366 1746 non
1386 1705 1507 1760 apparent
1525 1704 1584 1761 post
1601 1711 1660 1747 σοι*

963 1772 1013 1831 los,
1034 1772 1074 1819 ubi
1094 1769 1188 1820 catheti
1208 1769 1358 1818 incidentiae
1368 1768 1430 1824 ΒΚ,
1450 1768 1497 1818 ΤΚ
1517 1783 1573 1818 cum
1589 1769 1659 1817 lineis

964 1842 1102 1892 tellerianis
1118 1841 1176 1897 GT,
1196 1839 1239 1889 ΘΒ
1260 1847 1408 1889 concurrunt
1425 1842 1450 1888 iu
1463 1839 1483 1888 X
1495 1845 1521 1888 et
1534 1839 1561 1894 S.
1583 1839 1661 1888 utilis

964 1913 1030 1971 ruit,
1058 1913 1101 1962 sed
1122 1920 1191 1960 extra
1215 1910 1341 1974 speculum
1361 1919 1388 1959 ut
1407 1910 1480 1960 docet
1499 1911 1660 1973 experientia.

965 1983 1037 2044 Quod
1062 1985 1082 2030 ei
1108 1983 1204 2031 oculum
1223 1981 1244 2030 B
1265 1981 1384 2038 claudae,
1414 1981 1499 2030 oculus
1518 1980 1538 2028 'l'
1560 1988 1660 2044 apertus
1720 1981 1721 1994 ¹

965 2054 1056 2104 ridebit
1079 2055 1146 2102 circa
1165 2051 1186 2102 0
1205 2055 1339 2117 imaginem
1368 2052 1431 2101 oculi
1460 2051 1553 2101 clausi:
1584 2051 1661 2101 sin'l

965 2126 1076 2180 claudas,
1088 2125 1108 2172 B
1121 2133 1220 2187 apertus
1234 2123 1326 2172 ridebit
1337 2125 1361 2172 in
1371 2121 1536 2187 Rimaginem
1547 2123 1570 2171 Τ
1581 2123 1659 2172 clausi

966 2203 1021 2260 post
1043 2196 1184 2258 speculum.
1213 2196 1238 2243 in
1264 2195 1318 2243 loeo
1342 2193 1484 2259 longissime
1503 2208 1519 2243 a
1538 2207 1660 2244 concursu

967 2266 1061 2316 catheti
1080 2281 1135 2315 cum
1155 2265 1222 2315 linea
1239 2265 1377 2315 reflexionis
1395 2273 1497 2314 remoto.

1018 2337 1090 2397 Quod
1119 2337 1138 2384 si
1169 2335 1250 2386 adhuc
1276 2337 1410 2399 optinorum
1436 2337 1542 2399 opinioni
1569 2335 1660 2384 adhae-
1721 2387 1722 2390 ,

966 2423 1020 2464 res,
1050 2421 1147 2456 assume
1166 2407 1251 2456 Vitell.
1272 2405 1342 2465 Vlil,
1363 2403 1411 2461 67,
1438 2407 1479 2455 ubi
1498 2408 1533 2455 rei
1553 2407 1661 2456 riseell

967 2478 1020 2544 (fig.
1033 2475 1079 2538 24)
1097 2478 1177 2526 forma
1194 2493 1238 2541 per
1256 2478 1414 2540 multiplicem
1425 2478 1584 2527 reflexionem
1595 2491 1612 2526 a
1621 2479 1661 2526 tri·

967 2551 1011 2600 bus
1030 2549 1135 2613 speculis
1155 2551 1270 2598 concavis
1288 2549 1439 2598 intermediis
1453 2549 1483 2602 G.
1495 2547 1528 2606 D,
1542 2549 1563 2596 E
1579 2549 1661 2598 ordine

967 2622 1073 2676 laetam,
1102 2621 1204 2670 tandem
1231 2621 1263 2669 ad
1289 2620 1385 2669 oonlnm
1404 2622 1428 2668 Δ
1446 2620 1610 2668 transfertur:
1639 2627 1662 2670 et

967 2693 1069 2742 ostende
1087 2691 1160 2747 mihi,
1191 2691 1232 2740 ubi
1259 2692 1327 2740 locus
1355 2691 1469 2756 imaginis
1498 2692 1530 2739 ab
1549 2692 1660 2740 oculos
1722 2742 1723 2762 χ

966 2765 1033 2812 sisae
1052 2764 1084 2811 sit
1102 2761 1213 2812 intuma:
1234 2768 1260 2812 et
1279 2763 1325 2811 eris
1344 2761 1402 2810 mihi
1421 2775 1527 2826 magnus
1545 2761 1643 2825 Apollo.
1722 2769 1723 2816 j

1022 2833 1154 2884 Ostentum
1181 2839 1219 2882 est
1244 2835 1319 2897 igitur
1347 2833 1495 2884 rationibus.
1525 2839 1555 2882 ut
1579 2835 1663 2896 opiner

966 2919 1014 2954 non
1025 2905 1135 2960 infirmis,
1155 2904 1186 2954 ab
1197 2905 1350 2967 experientia
1359 2903 1480 2958 deductis.
1500 2904 1566 2967 quud
1581 2905 1662 2968 imago

968 2991 1029 3024 non
1048 2977 1080 3024 sit
1099 2976 1123 3022 in
1143 2975 1244 3024 catheto
1263 2975 1422 3024 incidentiae.
1461 2973 1527 3023 Ubi
1545 2989 1605 3024 vero
1624 2977 1661 3034 sit,

967 3047 1076 3095 nondum
1095 3052 1192 3102 statum
1221 3045 1345 3109 probabile
1369 3053 1453 3094 tamen
1473 3046 1551 3102 duco,
1581 3045 1662 3095 locum

969 3119 1056 3179 sinsin
1068 3131 1187 3166 concursu
1198 3116 1234 3166 rel
1245 3117 1421 3166 intersectione
1432 3115 1513 3165 lineae
1524 3117 1663 3166 reflexionis

967 3196 993 3239 et
1010 3185 1149 3252 parallelae
1165 3189 1326 3251 apparentiae
1346 3201 1408 3236 esse.
1445 3187 1492 3236 llic
1511 3195 1539 3235 tu
1556 3202 1612 3244 me,
1631 3188 1663 3236 mi

966 3260 1087 3323 Kepiere,
1107 3273 1149 3322 pro
1169 3273 1198 3308 eo
1218 3273 1264 3323 qno
1282 3257 1419 3321 praeditum
1433 3265 1459 3307 te
1477 3258 1548 3308 rideo
1567 3259 1661 3323 ingenii

967 3331 1080 3381 acumine
1100 3331 1206 3392 adjura.
1234 3329 1271 3379 rel
1300 3329 1443 3393 corrigendo
1469 3335 1595 3378 errantem
1626 3329 1661 3377 rel

968 3401 1135 3451 continuando
1155 3407 1224 3450 recte
1242 3401 1406 3450 incedentem.
1433 3399 1543 3449 Habebis
1562 3415 1661 3449 menon

967 3472 1107 3522 difficilem:
1128 3471 1247 3535 siquidem
1260 3473 1397 3534 propositus
1407 3471 1466 3519 mibi
1484 3471 1556 3532 hujus
1578 3469 1659 3535 dispu-

967 3545 1068 3594 tationis
1087 3557 1174 3606 scopne
1186 3550 1224 3591 est
1233 3558 1282 3591 non
1296 3543 1399 3592 victoria
1407 3541 1452 3591 sed
1461 3542 1565 3600 veritam
1588 3557 1661 3607 quam

969 3617 989 3666 si
1008 3621 1035 3663 tu
1053 3613 1113 3662 mibi
1136 3615 1324 3670 monstraveris,
1357 3613 1443 3664 lubens
1471 3627 1559 3662 manas
1590 3613 1661 3664 dabo.

970 3686 999 3736 ld
1017 3686 1116 3734 unicum
1134 3691 1220 3734 tamen
1237 3685 1327 3744 hortor,
1347 3690 1376 3732 ut
1389 3683 1565 3747 experientiam
1587 3685 1660 3734 arbit·

969 3771 1022 3807 rum
1041 3769 1169 3805 accersas:
1189 3769 1248 3804 nam
1266 3754 1372 3818 proclive
1391 3761 1430 3804 est
1448 3769 1542 3815 errare,
1568 3757 1591 3804 si
1611 3757 1662 3819 quis

968 3828 1026 3878 solis
1045 3827 1194 3882 rationibus,
1214 3827 1380 3889 experientiae
1398 3825 1537 3875 carceribus
1554 3839 1606 3876 non
1625 3829 1661 3875 in·

969 3899 1042 3949 clusis
1072 3897 1116 3947 sed
1135 3897 1210 3947 libere
1235 3898 1398 3962 vagantibus,
1426 3899 1527 3945 nitatur.
1565 3895 1662 3946 Adhibe

968 3968 1095 4033 speculum
1106 3982 1250 4028 concavum,
1264 3983 1312 4017 non
1325 3967 1395 4028 exile,
1415 3968 1460 4017 sed
1467 3970 1550 4030 justae
1562 3969 1661 4032 magni·

968 4040 1077 4098 tudinis,
1106 4041 1127 4088 si
1155 4040 1198 4090 tibi
1217 4038 1310 4088 nullum
1334 4045 1387 4096 est,
1416 4039 1458 4088 iac
1476 4037 1592 4088 Venetiis
1619 4040 1661 4088 tibi

969 4111 1062 4168 afferri,
1082 4109 1124 4160 nbi
1142 4109 1243 4159 venalia
1260 4115 1351 4174 parate
1368 4110 1499 4160 habentur.

1039 4181 1111 4230 Haec
1146 4181 1317 4246 Brenggerus;
1353 4195 1418 4244 quae
1453 4195 1523 4246 porro
1555 4195 1659 4245 sequnn-

967 4259 1021 4309 tur,
1041 4253 1141 4302 inlun'us
1159 4253 1288 4318 legentum
1311 4253 1362 4314 jam
1383 4268 1396 4302 e
1416 4253 1574 4316 responsione
1594 4254 1660 4316 Kep-

966 4322 1008 4372 leri
1029 4337 1060 4372 ea
1080 4323 1217 4374 exbibenda
1236 4337 1379 4380 censemus,
1399 4338 1463 4388 quae
1480 4323 1512 4372 ad
1524 4325 1661 4387 praemissa

965 4396 1098 4458 pertinent.

393 4461 568 4538 Plurimum,
594 4471 909 4535 exorditurKepterns‚
944 4483 990 4525 me
1015 4466 1204 4526 delectarunt
1238 4475 1308 4526 tuae
1334 4465 1454 4540 literae,
1484 4463 1659 4528 Clarissime

305 4543 379 4618 Vir,
405 4567 471 4610 cum
502 4561 627 4630 propter
656 4552 716 4613 elia
750 4552 844 4612 inulte
875 4559 937 4614 turn
966 4555 1095 4615 niaxime
1127 4553 1203 4633 quod
1228 4555 1400 4616 libertatem
1429 4555 1456 4615 in
1481 4551 1659 4634 philosopho

306 4637 465 4713 tantopere
490 4641 693 4702 commendas.
742 4640 824 4702 Nihil
848 4649 969 4718 poterae
994 4642 1090 4721 magis
1115 4641 1152 4703 ad
1168 4661 1265 4703 meam
1280 4643 1462 4704 sententiam
1487 4641 1658 4720 exprimen-

307 4717 386 4796 dam,
412 4741 478 4784 nam
503 4735 609 4788 contra
624 4727 815 4790 adversarios
838 4729 926 4808 hujus
941 4731 1072 4792 instituti
1092 4749 1129 4791 ne
1144 4727 1356 4812 disputandum
1373 4731 1490 4812 quidem
1506 4730 1657 4792 existimo.
