3676 5540
327 262 393 342 ‘634
804 277 844 326 os
863 275 943 326 sarra
959 275 1032 328 nm
1049 275 1200 342 squaru

324 453 417 517 Dicat
440 455 545 527 etiam,
579 471 631 514 our
662 452 692 514 id
722 452 833 513 siccum
866 452 967 531 potius
999 471 1087 532 qnam
1121 453 1293 516 humidum?
1344 455 1477 516 Primum
1510 452 1620 532 iuquit,
1653 451 1684 516 ai

327 543 453 604 Tuums'
469 541 650 603 constitutus
675 540 784 602 fuisset
806 541 958 611 humidus,
992 541 1139 605 Cancrum
1168 543 1354 622 oportuisset
1376 562 1444 604 ease
1468 543 1590 604 siccum.
1637 543 1685 604 Ac

325 631 431 693 melius
454 640 518 691 erat
543 631 673 690 Taurum
698 649 765 690 esse
789 630 912 703 siccum,
946 637 981 691 ut
1012 631 1083 691 bina
1112 632 1276 711 conjugata
1308 633 1396 711 sigua
1418 633 1447 692 iu
1472 651 1531 693 una
1552 631 1685 710 passiva

325 729 357 780 et
389 718 540 780 materiali
574 719 720 796 qualitate
754 719 963 791 convenirent,
997 719 1087 780 Aries
1112 729 1144 781 et
1165 721 1281 781 Taurus
1310 722 1340 783 iu
1371 721 1467 796 sicco,
1502 717 1624 782 Gemini
1650 725 1685 778 et

326 806 444 870 Cancer
465 807 496 868 in
520 807 650 881 humido,
674 807 737 868 Leo
763 816 794 868 et
817 808 913 886 Virgo
936 808 966 866 iu
990 809 1068 868 sicco
1092 817 1124 868 et
1148 809 1191 870 sic
1215 817 1442 889 consequenter.

414 895 544 958 Videtur
578 896 625 955 nie
656 895 771 975 aliquos
804 915 841 956 ex
874 895 982 957 cabala
1015 897 1173 958 thesauros
1206 898 1324 976 aperire
1353 899 1545 959 Albumasar.
1597 894 1682 958 Nam

324 1003 421 1046 rerum
446 992 584 1044 naturam
608 984 695 1062 quasi
717 1001 771 1064 per
794 983 893 1045 ludum
919 984 1059 1063 explicat.
1100 983 1230 1046 Omnino
1245 1005 1355 1046 marem
1371 995 1403 1047 et
1418 985 1557 1046 feminam
1576 983 1684 1062 specie

276 1073 281 1084 '
323 1074 481 1134 convenire
504 1081 640 1152 oportet,
672 1081 706 1134 ut
738 1072 868 1153 speciem
897 1082 1083 1152 propagent,
1116 1093 1189 1134 sexu
1221 1093 1293 1136 vero
1326 1085 1433 1135 contra
1464 1091 1497 1134 ss
1521 1071 1682 1150 distingui.

323 1161 389 1224 Hoc
412 1162 626 1223 adumbrantes
650 1180 721 1239 ergo
745 1179 783 1220 ex
797 1161 1007 1222 Albumasaris
1032 1163 1184 1223 sententia
1206 1173 1326 1224 veteres
1340 1164 1384 1225 illi
1400 1164 1470 1224 bina
1493 1161 1581 1239 sigua
1603 1177 1684 1220 cou-

325 1251 420 1328 tigua,
445 1269 520 1330 quae
544 1248 602 1329 ipsi
625 1250 763 1328 conjugio
788 1251 974 1326 copularunt,
999 1249 1147 1312 materiali
1173 1251 1321 1330 qualitate
1343 1251 1502 1312 convenire
1527 1249 1684 1316 dixerant,

324 1339 432 1400 activis
465 1358 522 1400 ceu
543 1337 718 1418 quibusdam
752 1339 935 1416 genitalibus
968 1339 1122 1418 distingui.
1169 1341 1216 1400 Ac
1248 1357 1313 1401 cum
1347 1339 1423 1400 duae
1457 1338 1541 1400 solae
1574 1343 1684 1398 cessim

251 1489 262 1510 ἲ
321 1428 462 1506 passivae
486 1427 659 1506 qualitates,
685 1425 774 1488 sicca¹
789 1435 820 1488 et
840 1427 971 1498 humida,
996 1427 1053 1488 duo
1077 1425 1168 1490 etiam
1193 1429 1404 1490 connubiorum
1428 1445 1541 1506 genera
1562 1442 1680 1504 posue-

322 1523 410 1587 ruut,
438 1516 520 1576 locos
549 1516 580 1577 in
603 1516 725 1577 zodiaco
749 1516 883 1578 alternos
906 1517 1034 1577 sortita:
1068 1525 1101 1577 ut
1131 1516 1159 1576 in
1191 1535 1288 1578 rerum
1312 1525 1421 1578 natura
1444 1515 1505 1576 alia
1528 1524 1578 1574 eat
1601 1513 1686 1574 inter

323 1605 458 1666 homines
483 1605 591 1682 copula
614 1605 705 1665 maris
727 1614 763 1665 et·
781 1605 918 1677 feminae,
944 1604 1005 1666 alia
1020 1603 1099 1666 inter
1111 1598 1214 1667 boves.
1253 1607 1431 1667 Alluserunt
1443 1603 1573 1665 -forsitan
1587 1601 1685 1664 etlam

325 1693 363 1754 ad
388 1694 596 1755 successiones
620 1699 739 1754 mutuas
763 1693 893 1755 aestatis
917 1701 948 1753 et
963 1693 1069 1754 hiemis
1093 1700 1125 1756 et
1147 1693 1177 1753 iu
1201 1703 1327 1774 utraque
1351 1693 1410 1755 disi
1434 1711 1470 1754 ac
1493 1692 1604 1753 noctis.

413 1781 498 1842 Haec
523 1789 671 1861 utcunque
695 1781 841 1850 habeant.
876 1782 935 1842 etsi
964 1783 1082 1862 quidam
1106 1779 1263 1860 ingeniosa
1280 1783 1337 1844 hac
1361 1791 1486 1843 naturae
1508 1778 1685 1842 imitatione

326 1877 358 1931 et
382 1870 559 1948 qualitatum
585 1869 614 1928 in
639 1871 726 1948 signa
741 1869 951 1932 distributione
975 1872 1083 1933 merito
1099 1869 1241 1948 delector,
1266 1879 1439 1933 nontamen
1455 1869 1579 1948 majoris
1597 1867 1684 1929 illam

325 1957 403 2020 facio
428 1975 516 2037 quarn
540 1976 594 2036 par
618 1965 681 2032 ost;
715 1978 769 2020 nec
798 1959 823 2018 si
849 1957 936 2038 primi
961 1966 1100 2022 auctores
1124 1959 1222 2039 legem
1246 1959 1395 2040 quandam
1419 1959 1481 2018 suis
1514 1955 1685 2019 ratiociniis

324 2045 494 2108 arbitrariis
518 2065 657 2107 ararum
689 2057 797 2109 natura
829 2055 899 2108 sunt
932 2049 1076 2118 mutuati,
1108 2054 1270 2128 propterea
1302 2048 1433 2109 vicissim
1466 2053 1533 2108 tota
1566 2045 1687 2123 reliqua

324 2135 501 2197 coelestium
535 2145 643 2196 natura
675 2153 741 2195 sese
775 2135 903 2215 subjecit
933 2136 981 2198 his
1014 2153 1116 2200 eorum
1148 2136 1327 2199 ratiociniis:
1365 2145 1398 2198 ut
1429 2136 1607 2196 hortulanus
1641 2133 1686 2194 ad

325 2223 491 2304 quinarium
515 2241 667 2285 numerum
691 2223 813 2287 floribus
837 2225 1015 2288 familiarem
1039 2223 1217 2304 respiciens,
1250 2227 1276 2287 si
1305 2225 1446 2306 pulvillos
1469 2231 1570 2284 struat
1589 2221 1682 2301 quiu-

327 2310 509 2392 quangulos,
534 2330 592 2372 nou
616 2311 683 2372 ideo
708 2313 813 2388 allicit,
840 2322 873 2375 ut
896 2315 1011 2377 felicius
1034 2315 1064 2376 iu
1088 2313 1125 2382 iis
1147 2315 1326 2394 proveniant
1349 2333 1456 2376 rosae:
1481 2313 1550 2391 quia
1573 2317 1685 2372 natura

326 2401 419 2473 floria,
444 2399 502 2460 etsi
525 2400 753 2462 ratiocinantem
777 2403 967 2466 hortulanum
990 2404 1132 2466 admouet
1159 2403 1197 2464 de
1221 2404 1455 2485 quinquangulo,
1490 2419 1547 2462 non
1579 2408 1683 2460 tamen

326 2487 365 2548 ab
393 2507 536 2569 expresso
568 2489 790 2570 quinquangulo
823 2493 1004 2570 reciprocam
1038 2485 1121 2572 capit
1152 2491 1325 2554 utilitatem.
1380 2489 1460 2561 Quin
1492 2489 1549 2550 boc
1579 2489 1684 2566 potius

301 2574 303 2578 ’
326 2585 455 2657 apparet
477 2597 515 2638 ex
539 2577 676 2656 diligenti
700 2597 858 2642 causarum
878 2582 980 2643 haruin
995 2581 1206 2660 pensitatione,
1232 2581 1320 2660 signa
1340 2579 1455 2641 zodiaci
1471 2578 1509 2639 ab
1524 2577 1684 2638 elementia

327 2665 522 2726 denominata
543 2684 625 2727 mero
640 2665 827 2730 inventorum
849 2669 988 2730 arbitrio:
1013 2687 1120 2734 revera
1133 2679 1233 2730 autem
1253 2670 1336 2731 nulla
1355 2668 1477 2730 arctiori
1499 2665 1684 2744 cognatione

326 2772 392 2816 cum
416 2753 485 2828 illis,
511 2775 529 2816 a
552 2755 659 2833 quibus
674 2756 903 2819 denominantur
925 2755 1052 2836 singula,
1078 2757 1223 2820 connecti.
1268 2757 1405 2837 Denique
1421 2757 1465 2818 sic
1488 2762 1685 2833 comparatae

326 2850 396 2905 suut
420 2843 476 2904 hae
501 2843 772 2906 denominationum
787 2847 907 2920 causae,
934 2853 967 2908 ut
981 2855 1122 2910 maneant
1135 2846 1257 2908 uomina
1274 2845 1389 2926 igneus,
1414 2853 1531 2918 aereus,
1557 2859 1684 2924 aqueus,

326 2939 452 3006 terreus,
477 2933 667 3011 quantumvis
691 2934 915 2996 discedentibus
938 2935 1006 2995 lixis
1030 2954 1082 2995 seu
1106 2935 1286 3014 imaginibus
1310 2934 1583 2996 constellationum.

414 3019 536 3082 Etenim
560 3023 609 3101 qui
633 3023 746 3102 primus
771 3023 959 3096 deliberavit,
985 3041 1131 3102 quaenam
1150 3021 1311 3103 praecipue
1334 3023 1422 3102 sigu'e
1445 3044 1464 3083 a
1487 3021 1593 3102 quibus
1615 3020 1685 3081 ele-

327 3108 437 3168 mentia
461 3109 683 3172 denominaret:
717 3112 742 3171 si
767 3112 805 3173 ad
837 3111 914 3172 fixas
938 3111 1136 3191 respexisset,
1169 3112 1299 3172 Taurum
1323 3112 1453 3174 calidum
1476 3119 1509 3171 et
1533 3109 1683 3170 humidum

326 3195 470 3271 dixisset3
495 3197 622 3258 calidum
648 3199 685 3259 ab
709 3199 795 3278 igneo
820 3199 935 3278 fulgore
959 3199 1097 3274 Palilicii‚
1123 3200 1276 3262 humidum
1301 3221 1320 3261 a
1342 3200 1516 3280 Plejadibus
1539 3207 1572 3258 et
1593 3197 1684 3279 Hya-

326 3283 423 3354 dlbns,
449 3303 524 3364 quae
548 3286 665 3363 pluvias
688 3306 832 3366 generare
857 3289 1064 3350 credebantur.
1112 3288 1163 3351 Sic
1187 3289 1382 3368 Scorpionem
1413 3289 1540 3350 dixisset
1563 3287 1684 3365 igneum

326 3371 366 3433 ab
388 3371 477 3450 igneo
502 3373 655 3436 Antareos
679 3377 776 3438 sidere
799 3375 886 3456 primi
912 3377 1050 3452 honoris,
1084 3379 1161 3457 quod
1190 3379 1356 3456 proximum
1390 3387 1457 3438 erat
1479 3374 1684 3454 conjunctioni

326 3459 449 3524 Saturni
474 3469 507 3522 et
528 3461 614 3525 Jovis
636 3465 831 3544 praeteritae.

413 3551 463 3612 Ita
478 3551 572 3626 vides,
589 3552 645 3613 has
661 3553 919 3616 denominationes
935 3553 973 3614 ab
988 3553 1146 3616 elementis
1161 3554 1317 3616 desumtas
1331 3573 1389 3615 uon
1406 3555 1529 3616 lixarum
1543 3561 1683 3631 respectu

324 3640 487 3702 obvenisse
510 3639 622 3721 signis:
652 3661 743 3723 quare
768 3661 862 3722 neque
886 3661 951 3704 curu
976 3642 1112 3705 discessu
1134 3642 1259 3704 fixamm
1283 3662 1299 3704 e
1323 3643 1418 3723 siguis
1441 3641 1683 3736 exstinguuptur.

910 3883 1097 3894 ----—-

783 4095 789 4105 ⁸
886 4101 1007 4204 Caput
1034 4103 1116 4179 VII.

294 4323 299 4332 -
326 4279 418 4358 Quae
441 4299 541 4344 cauca
562 4277 724 4344 staturalis
745 4281 839 4368 cippo
853 4281 1003 4357 Zodioci,
1027 4283 1191 4346 trierdibua
1208 4275 1322 4353 circuli
1344 4277 1508 4354 distentio,
1531 4279 1568 4340 in
1582 4297 1683 4340 unam

808 4369 1026 4453 triplicitatem
1049 4369 1194 4454 copulet?

410 4525 531 4587 Dictum
556 4533 605 4588 est
627 4527 719 4606 igitur
742 4528 903 4602 hactenus,
937 4530 1005 4608 quid
1037 4531 1078 4592 ait
1101 4530 1249 4608 Trigonns
1273 4530 1377 4608 igneus
1402 4528 1522 4590 notione
1546 4528 1682 4589 astrolo-

324 4611 408 4690 gicaz
433 4616 510 4694 qnod
535 4634 640 4695 nempe
658 4616 726 4677 sint
749 4627 812 4679 tres
836 4618 949 4680 zodiaci
975 4619 1168 4681 duodecimae
1196 4627 1300 4697 partes
1332 4617 1474 4696 trianguli
1508 4617 1605 4677 forma
1627 4633 1685 4694 per

325 4700 480 4763 zodiacum
511 4703 685 4782 dispositae
712 4714 743 4766 et
774 4707 813 4768 ab
846 4707 914 4786 igue
947 4707 1165 4768 denominatae.
1213 4704 1289 4769 (ium
1321 4715 1422 4768 autern
1454 4713 1486 4766 et
1517 4704 1683 4765 sectionem

325 4785 444 4848 zodiaci
467 4789 496 4852 in
519 4799 624 4869 partes
650 4790 691 4853 12
715 4800 747 4854 et
768 4795 900 4872 partium
922 4795 1180 4862 denominationes
1209 4803 1273 4856 tam
1302 4815 1321 4856 a
1352 4804 1426 4856 seru
1450 4800 1482 4854 st
1504 4791 1683 4855 annualibus
