3652 5532
347 298 413 366 734
823 305 863 356 Da
881 305 960 357 Stella
976 303 1048 356 uun
1065 275 1216 370 Sirpsutanl

345 489 378 542 et
407 489 511 562 opertu
537 489 702 544 tumescere
731 483 821 547 bella.
877 485 956 547 Narn
986 485 1035 566 qui
1069 484 1125 546 boc
1153 483 1183 544 iu
1213 483 1351 562 catalogo
1379 489 1558 545 annotatum
1587 501 1700 544 numen

345 571 447 646 babet,
471 571 497 632 is
519 571 612 632 babet
633 573 712 653 quod
729 572 785 634 sibi
807 573 920 635 abbae
942 573 1147 654 conjunctione
1166 578 1289 646 metuat,
1313 589 1351 633 ne
1371 589 1408 632 ea
1430 577 1534 634 tantos
1554 571 1699 634 stimulos

347 662 462 734 afferat,
486 669 519 721 ut
542 659 571 722 in
596 669 731 740 apertum
750 672 946 743 prorumpant
965 663 1045 725 mala
1064 664 1208 725 hacteuus
1223 661 1298 723 bene
1321 660 1451 722 condita.
1490 661 1598 741 Itaque
1615 660 1698 741 quod

309 747 312 772 '
346 748 531 828 Hungariaru
554 749 760 822 seditionibus,
781 752 949 814 Morariam
972 750 1255 831 depraedationibus
1270 751 1449 829 dagrmtem
1464 749 1606 824 vidimus,
1630 750 1699 828 ejus

345 839 389 901 rei
411 837 577 920 haecipsa
595 841 659 920 jam
683 839 764 901 dicta
787 841 870 903 etin
893 841 1061 902 bominibus
1084 841 1161 920 ipsis
1184 839 1245 900 sita
1271 859 1364 902 causa
1393 839 1459 900 tuit.
1506 835 1698 918 Sagittarius

345 927 394 989 hic
416 928 607 1007 Hungariae,
632 925 816 1003 Cassoviae,
839 930 996 992 Moraviae
1026 929 1100 992 nihil
1129 928 1239 990 nocuit.
1285 927 1483 990 Attiuueruut
1509 927 1591 989 enim
1613 927 1699 990 mala

345 1015 406 1078 ista
429 1017 519 1078 etiam
541 1017 698 1080 Austriam
721 1026 753 1079 et
775 1019 924 1099 Styriam;
949 1018 1148 1102 quarum.illa
1172 1018 1226 1079 sub
1249 1017 1381 1091 Libram,
1406 1019 1481 1080 baec
1506 1017 1560 1080 sub
1580 1015 1698 1097 Capri-

345 1125 467 1168 cornum
488 1107 626 1182 reiertnr,
649 1114 756 1169 neutra
779 1108 833 1170 sub
850 1108 1048 1188 Sagittarium
1070 1106 1287 1187 conjunctionis
1307 1107 1480 1187 hospitium.
1517 1107 1621 1187 Atque
1637 1107 1699 1167 boc

346 1195 394 1256 vel
409 1213 467 1257 uno
483 1204 590 1258 eventu
607 1215 662 1276 ego
685 1216 806 1259 causam
829 1217 934 1271 meam,
952 1219 970 1259 a
985 1198 1133 1258 communi
1148 1195 1369 1274 astrologorum
1383 1215 1477 1258 cansa
1489 1195 1538 1256 hic
1554 1194 1699 1269 divisam,

346 1283 468 1346 mirifice
492 1285 714 1366 comprobatam
740 1286 889 1348 existimo.
936 1287 1091 1349 Deiectum
1114 1293 1216 1348 tamen
1239 1287 1317 1347 inter
1339 1285 1476 1347 homines
1505 1283 1631 1358 admisi,
1665 1293 1701 1346 ut

346 1373 453 1455 quibus
477 1374 524 1436 bic
548 1375 766 1456 conjunctionis
790 1376 874 1437 locus
897 1376 1057 1456 praecipua
1087 1393 1234 1454 geneseus
1263 1374 1330 1436 loca
1357 1375 1516 1450 attineat,
1533 1373 1698 1435 dummodo

345 1470 377 1525 et
399 1463 494 1543 agiles
517 1471 607 1544 atque
630 1464 820 1526 harmonicae
843 1472 969 1528 naturae
993 1465 1071 1538 slnt,
1093 1464 1116 1525 ii
1138 1463 1316 1545 praecipuos
1340 1483 1378 1524 ex
1401 1463 1458 1525 hac
1482 1463 1697 1543 conjunctione

348 1551 486 1614 stimulos
507 1551 739 1633 persentiscunt.

433 1640 519 1711 Quae
543 1642 633 1721 igitur
655 1643 712 1704 hoc
735 1642 833 1723 capite
855 1641 1028 1724 perscripsi,
1053 1651 1085 1703 tu
1109 1640 1234 1702 candide
1249 1640 1351 1716 „lectur
1370 1640 1414 1702 sic
1433 1640 1536 1720 legito,
1560 1649 1595 1704 ut
1618 1661 1698 1724 quae

345 1729 459 1811 scripta
489 1738 573 1806 sunt,
606 1738 765 1813 antequam
795 1751 904 1794 novum
934 1732 1017 1793 sidus
1045 1733 1181 1804 arderet,
1219 1749 1296 1792 annu
1326 1728 1465 1792 nimirum
1500 1727 1601 1804 1603,
1635 1749 1698 1812 quo

347 1819 476 1881 maxime
499 1826 634 1901 tempore
654 1822 874 1901 astrologorum
895 1820 1037 1882 vaticinia
1057 1821 1093 1881 de
1114 1819 1232 1898 trigeno
1253 1818 1340 1898 igneo
1356 1819 1493 1882 manibus
1508 1819 1698 1884 terebantur.

345 1910 416 1971 Jam
438 1928 527 1990 porro
556 1929 628 1970 vero
647 1910 874 1990 disputabitur,
906 1909 1045 1992 quidnam
1078 1927 1116 1969 ex
1143 1908 1247 1968 eadem
1277 1925 1388 1987 magne.
1414 1908 1624 1989 conjunctione
1657 1911 1701 1972 sit

348 1997 557 2077 colligendum,
579 2006 739 2081 postquam
761 2001 845 2062 Deus
868 1999 939 2080 Opt.
963 1999 1045 2060 Max.
1070 2017 1146 2060 novo
1171 1996 1269 2058 sidere
1293 1997 1331 2058 ad
1355 1997 1452 2058 locum
1475 1998 1700 2077 conjunctionis

345 2087 485 2168 apposito
515 2087 688 2150 immensam
717 2089 794 2150 inter
830 2089 905 2150 hauc
937 2096 968 2149 et
1004 2087 1173 2168 superiores
1206 2085 1432 2166 conjunctiones
1464 2087 1695 2149 distinctionem

347 2175 427 2237 lecit.
483 2176 556 2252 Ubi,
585 2178 644 2240 etsi
669 2178 759 2257 paulo
787 2177 942 2238 liberalius
970 2175 1173 2256 indulgebitur
1208 2173 1388 2254 conjecturis
1420 2195 1510 2256 quam
1537 2176 1700 2252 hacteuus,

346 2263 422 2326 nihil
444 2271 545 2327 tamen
575 2284 684 2328 causae
715 2266 788 2341 erit,
819 2285 871 2328 cur
901 2265 974 2328 mihi
1003 2283 1050 2327 me
1081 2285 1099 2326 a
1128 2283 1174 2326 me
1203 2263 1269 2345 ip'so
1299 2264 1528 2326 dissentientem
1557 2265 1698 2347 objicias.

348 2353 503 2415 Hactenus
523 2353 602 2416 euim
621 2355 777 2436 principiis
796 2375 868 2418 usus
889 2375 954 2418 sum
974 2355 1193 2436 astrologorum
1215 2353 1347 2434 ipsorum
1364 2353 1551 2416 consessione
1568 2363 1699 2418 natura-

346 2441 440 2504 libus:
461 2442 526 2522 jam
548 2463 638 2524 porro
661 2444 864 2507 adsciscemus
886 2444 954 2525 plus
978 2435 1066 2525 qu'am
1089 2442 1253 2518 naturalia,
1281 2443 1419 2524 utrinque
1452 2462 1523 2504 reru
1556 2463 1625 2506 cunr
1647 2445 1700 2508 hic

346 2537 408 2593 turn
431 2531 494 2594 illic
517 2533 572 2595 sub
595 2533 764 2597 conditione
788 2551 876 2598 verae
901 2533 1117 2616 suppositionis
1140 2533 1330 2616 conjecturae
1354 2531 1569 2595 formabuntur.

927 2807 1110 2816 n——n———v-

885 3026 1004 3127 Ceput
1029 3025 1157 3102 XXX.

588 3203 658 3282 Quo
673 3206 740 3288 Jioe
760 3206 933 3288 praecipue
954 3207 1115 3269 incessum
1136 3205 1179 3268 at
1201 3201 1324 3268 Nouum
1348 3203 1456 3268 Sidae.

584 3299 604 3341 e

436 3357 522 3429 Quae
546 3379 609 3442 cap.
626 3361 775 3427 XXVIII.
793 3371 824 3426 et
839 3365 960 3430 XXIX.
990 3363 1119 3426 diximus
1144 3364 1180 3425 de
1204 3364 1359 3426 effectibus
1382 3365 1462 3428 Novi
1486 3365 1624 3440 Sideris,
1660 3387 1698 3426 ea

348 3446 551 3527 respiciebant
573 3450 692 3512 stellam
714 3451 806 3529 hanc,
834 3461 869 3516 nt
891 3472 979 3516 unam
1002 3473 1040 3515 ex
1063 3453 1162 3516 causis
1185 3452 1388 3530 naturalibus,
1414 3461 1540 3536 suntque
1565 3473 1700 3517 cousen-

348 3544 447 3612 tanea,
479 3557 670 3621 quaecunque
694 3560 732 3602 ex
755 3541 942 3623 opinionibus
967 3562 1005 3603 ex
1027 3562 1092 3623 cap.
1116 3542 1235 3605 XXVI.
1260 3541 1370 3604 valeat.
1416 3544 1486 3606 Jam
1508 3562 1600 3625 porro
1625 3563 1700 3606 vero

332 3625 481 3706 ,dicemus
505 3627 605 3708 aliqua
628 3629 706 3710 apud
729 3631 799 3693 illos
823 3631 905 3693 solos
929 3633 1075 3706 valitura,
1106 3631 1157 3713 qui
1178 3651 1356 3712 persuasum
1377 3632 1504 3705 habent,
1529 3633 1614 3696 sidus
1638 3633 1699 3694 hoc

347 3733 408 3778 non
430 3735 511 3792 casu,
534 3736 593 3779 non
617 3725 741 3800 naturae
764 3721 956 3797 necessitate,
981 3722 1034 3783 sed
1058 3727 1139 3783 certo
1163 3721 1289 3783 consilio
1312 3729 1343 3783 et
1358 3723 1482 3803 speciali
1504 3722 1699 3803 providentia

346 3804 404 3868 Dei
428 3823 585 3868 accensum
608 3807 710 3871 fuisse.
750 3809 817 3882 Quo
840 3810 1033 3873 fundamento
1055 3810 1155 3892 posito
1179 3810 1345 3873 latissimus
1369 3812 1455 3874 nobis
1476 3829 1598 3892 campus
1618 3831 1697 3892 ape-

346 3893 422 3956 ritur
445 3895 483 3956 ad
506 3897 655 3959 manticen
678 3899 856 3962 universam.
1395 3919 1427 3982 “,

437 3981 584 4066 Pleraque
608 3987 686 4049 enim
709 3987 923 4051 divinationum
945 4005 1056 4068 genera
1079 3987 1158 4068 apud
1180 3997 1286 4067 gentes
1309 3987 1481 4050 nitebantur
1501 3987 1559 4049 hoo
1582 3987 1696 4050 funda-

347 4079 457 4148 mento,
481 4074 560 4155 quod
581 4093 635 4156 per
658 4078 783 4154 somnia,
806 4098 860 4160 per
881 4084 950 4139 exta
971 4077 1168 4151 victimarum,
1192 4095 1246 4158 per
1261 4077 1433 4140 animalium
1450 4097 1615 4152 occursum,
1638 4097 1697 4158 per

347 4169 533 4224 monstrosos
563 4174 685 4244 partus,
715 4187 767 4248 per
798 4168 938 4241 fulmina,
969 4173 1125 4228 ventorum
1153 4166 1322 4247 procellas,
1353 4187 1495 4248 aquarum
1526 4163 1695 4242 eluviones,

346 4259 446 4312 terrae
467 4260 577 4327 motus,
602 4261 722 4317 ostenta
745 4257 904 4333 coelestia,
929 4263 1061 4318 cometas
1084 4263 1115 4317 et
1138 4255 1249 4318 similia
1271 4255 1323 4318 Dii
1344 4257 1513 4319 hominibus
1545 4275 1696 4338 responsa

346 4339 418 4401 dare
442 4341 639 4404 crederentur.
685 4347 941 4428 Frequentissima
963 4352 1012 4406 est
1034 4345 1112 4425 apud
1131 4345 1259 4407 Dionem
1282 4365 1340 4406 vox
1363 4367 1398 4408 ss
1420 4343 1590 4420 dedecuisse,
1614 4365 1694 4427 quae

345 4429 403 4490 hoc
425 4429 523 4510 ipsum
546 4431 703 4512 significat.
749 4435 889 4516 Inprimis
917 4453 989 4496 vero
1019 4433 1222 4496 memorabilis
1251 4441 1299 4496 est
1328 4434 1382 4496 illa
1406 4435 1478 4518 Cyri
1509 4435 1693 4517 deprecatio,

346 4537 421 4598 quae
445 4519 508 4582 slve
532 4519 568 4580 de
590 4522 751 4586 Persarum
775 4525 839 4587 sive
862 4525 898 4586 de
922 4523 1019 4604 ipsius,
1039 4523 1251 4604 Xenophontis
1274 4523 1429 4604 theologia
1451 4533 1590 4588 testatur.
1637 4525 1693 4587 Sic

347 4608 423 4670 euim
448 4607 555 4690 Cyrus,
579 4631 644 4672 curn
669 4633 810 4694 responso
834 4615 938 4694 mortis
961 4619 1086 4692 accepto
1110 4613 1310 4674 sacrificaret:
1334 4616 1450 4695 'Jupiter
1470 4629 1574 4698 patrie,
1604 4633 1692 4700 tuque

345 4697 393 4750 Sol
413 4705 442 4752 et
462 4717 510 4754 rua
530 4700 577 4756 Dii
597 4719 704 4770 omnes,
725 4705 793 4759 istas
815 4705 975 4776 suscipitote
995 4701 1110 4782 bestias,
1133 4703 1229 4775 quibus
1244 4721 1306 4775 ego,
1327 4706 1409 4760 rebus
1431 4709 1523 4762 multis
1538 4717 1567 4762 et
1580 4710 1691 4781 magnis

346 4777 443 4848 gestis,
466 4797 618 4852 supremam
638 4799 746 4838 manum
761 4784 878 4840 feliciter
898 4787 1006 4854 impono
1028 4782 1160 4855 simulque
1174 4784 1251 4838 robis
1271 4791 1382 4856 gratum
1404 4803 1447 4842 me
1461 4789 1595 4845 exhibeo:
1618 4797 1692 4865 quod

345 4858 498 4914 vuluntatls
518 4870 630 4917 vernae
651 4863 733 4936 sigua
751 4865 816 4920 mibi
836 4864 964 4920 dederitis
980 4875 1036 4935 ¹per
1055 4863 1224 4921 victimarum
1246 4873 1322 4931 exta.
1344 4883 1396 4937 per
1416 4876 1527 4923 ostenta
1546 4873 1690 4941 coelestiis,
