3464 5524
632 299 663 350 dc
681 241 758 350 rehua’
772 298 875 362 Optlola
1382 305 1425 373 33

145 471 225 542 Quod
249 473 418 558 reliquum
445 485 511 548 est,
536 473 742 539 commiseris
765 475 984 539 dnasschedas
1007 481 1166 559 posteriori
1191 483 1349 544 emendata
1373 501 1426 563 per

83 563 189 642 priorem,
211 563 344 624 remitto
371 563 477 644 igitur
499 566 625 644 priorem
650 585 715 627 cum
730 568 809 628 notis
823 567 897 628 meis
914 575 1085 647 extempore
1110 570 1277 647 subjunctis
1291 577 1424 646 (paguo).

147 651 178 712 ln
200 652 379 714 collatione
401 655 572 716 schematis
595 654 637 715 tui
653 674 720 716 cum
734 673 799 716 meo
824 665 983 716 occurrunt
1006 658 1080 718 ista:
1107 659 1135 718 in
1160 677 1226 720 meo
1250 659 1346 722 lineae
1360 661 1424 734 FE,

85 740 124 802 lli
142 741 248 801 habent
270 761 445 804 mensuras
471 743 681 805 retractionum
711 745 800 806 modo
831 744 982 822 explicato
1013 755 1044 806 et
1072 755 1197 809 naturae
1221 757 1424 811 consentaneo

85 839 183 910 propter
196 831 432 894 similitudinem
449 832 664 911 triangulorum
678 833 707 893 in
722 833 820 911 prima
835 833 910 894 tacie
926 833 1013 912 hujus
1028 841 1095 908 (mg.
1105 841 1161 905 17),
1191 839 1224 900 In
1240 846 1290 899 tuo
1306 844 1370 912 (lig.
1383 844 1425 906 to)

89 919 225 999 respondet
237 920 360 999 quidem
378 921 475 982 litera
489 921 526 992 D,
543 921 654 995 oculus,
675 941 759 983 meae
775 921 880 983 literae
895 923 930 990 F,
955 941 1046 1002 quare
1061 932 1092 984 et
1107 925 1171 1000 DB,
1190 923 1255 1000 DE,
1281 925 1336 988 DC
1351 928 1432 989 meis·

90 1008 137 1082 ft,
151 1007 200 1070 FG
212 1009 400 1088 respondere
416 1009 568 1084 videntur,
594 1019 627 1070 at
642 1030 699 1070 non
716 1019 763 1072 est
786 1011 830 1072 ita
854 1011 1038 1094 simpliciter.
1072 1012 1152 1074 Nam
1174 1032 1228 1093 pro
1237 1015 1293 1077 DB
1309 1035 1427 1096 semper

91 1098 212 1158 mmenda
233 1105 280 1158 est
303 1099 411 1177 aliqua
436 1099 567 1178 longior,
592 1099 709 1160 scilicet
728 1099 983 1179 perpendicularis
999 1120 1036 1160 ex
1051 1101 1080 1162 D
1094 1102 1123 1163 in
1140 1110 1300 1180 tangentes
1324 1112 1426 1166 adrem

93 1189 116 1246 iu
128 1186 158 1260 0,
181 1185 334 1265 Epunctis
349 1187 577 1249 retractionem.
601 1187 643 1249 Et
666 1189 742 1249 haec
766 1190 843 1249 torte
867 1208 960 1250 causa
979 1198 1035 1264 est,
1062 1209 1114 1252 cur
1127 1191 1214 1252 nobis
1228 1192 1284 1253 DB
1299 1193 1426 1271 prodeat

94 1295 124 1336 er
141 1271 311 1336 otiosarum
331 1275 549 1338 retractionum
574 1278 797 1355 comparatione
814 1277 1025 1340 diversimode.
1050 1279 1083 1339 ln
1100 1279 1222 1341 minima
1235 1287 1335 1343 tamen
1351 1282 1425 1344 alti-

96 1365 264 1426 tudinsatris
278 1383 393 1444 parvus
419 1373 469 1426 est
492 1363 633 1427 excessus
658 1366 774 1428 illarum
799 1366 1008 1446 requisitarnm
1027 1386 1116 1446 super
1129 1369 1204 1438 D13;
1228 1371 1336 1449 quippe
1360 1389 1426 1432 oum

95 1461 229 1531 tangentes
241 1454 270 1514 in
287 1451 323 1528 0,
334 1453 362 1514 Ε
374 1455 430 1514 tro,
446 1473 550 1533 parum
565 1455 723 1516 admodum
738 1455 924 1526 inclinentur,
941 1462 972 1516 et
986 1455 1041 1518 110
1057 1475 1144 1519 arcus
1159 1476 1217 1520 nou
1233 1458 1273 1520 sit
1288 1477 1424 1538 magnus.

165 1559 236 1622 Ecce
258 1561 411 1621 tortunam
435 1561 523 1640 hujus
539 1561 725 1640 scriptionis:
751 1581 769 1622 a
793 1560 956 1640 rejectione
972 1570 1003 1623 et
1017 1563 1198 1625 refutatione
1221 1563 1425 1644 hypotheseos

98 1649 261 1728 computandi
284 1649 479 1710 retractionis
502 1649 685 1729 inceperam,
720 1669 795 1730 pene
820 1651 848 1710 in
874 1651 1128 1713 confirmationem
1153 1652 1286 1730 ejusdem
1311 1654 1423 1716 desino.

170 1736 232 1798 Jam
254 1737 346 1818 igitur
369 1739 407 1799 ad
434 1757 540 1800 novam
564 1738 801 1818 speculationem
824 1744 854 1801 te
878 1758 962 1801 voco.

36 1894 37 1903 χ
170 1828 310 1888 Ponamus
334 1827 437 1888 omnia
460 1834 541 1889 recte
565 1827 675 1889 habere
706 1828 735 1888 iu
760 1847 825 1889 meo
850 1828 1004 1890 schemate
1037 1835 1069 1889 et
1091 1829 1342 1892 mensurationem
1366 1851 1424 1892 na-

99 1927 154 1974 mra
172 1915 232 1976 niti.
276 1917 429 1978 Ponamus
454 1917 560 1978 deinde
584 1918 716 1996 aliquam
740 1919 941 1996 quantitatem
964 1917 1153 1979 retractionis
1178 1919 1206 1979 in
1232 1918 1424 1981 inclinatione

98 2003 222 2080 plenaria,
245 2006 412 2085 cujusmodi
435 2023 526 2084 supra
550 2005 626 2067 duae
651 2015 738 2076 sunt,
772 2025 831 2066 uua
854 2003 908 2069 58‘
933 2003 1006 2082 20⁰,
1042 2006 1139 2068 altera
1162 2003 1227 2070 48‘.
1274 2007 1425 2070 Ponamus

98 2091 172 2152 tertio
194 2094 400 2156 retractionem
419 2095 543 2156 fixarum
568 2093 784 2156 horizontalem
808 2113 845 2155 ex
860 2094 1000 2178 Tychone
1016 2091 1080 2157 30‘.
1129 2091 1204 2158 Cum
1225 2113 1296 2176 ergo
1321 2097 1349 2158 iu
1375 2105 1425 2159 tuo

95 2182 228 2244 ammata
251 2181 307 2245 DC
340 2183 525 2264 refringatur
548 2183 576 2244 in
602 2182 626 2245 0
659 2203 712 2264 per
736 2181 790 2247 30‘
822 2203 877 2245 nec
909 2184 1068 2246 inclinetur
1095 2185 1227 2264 plenarie
1251 2185 1352 2247 radius
1376 2187 1426 2266 qui

93 2281 168 2331 extra
189 2270 212 2334 0
234 2279 295 2344 εει,
329 2291 387 2334 nou
412 2293 455 2335 sc.
481 2281 589 2353 tangat
621 2273 674 2334 sed
699 2280 782 2334 secet
812 2279 913 2335 adrem
936 2274 966 2334 in
991 2271 1016 2336 0
1046 2273 1072 2335 si
1104 2274 1317 2352 produceretur
1341 2276 1426 2347 (uam

92 2357 115 2418 si
136 2369 273 2439 taugeret,
299 2367 370 2423 tunc
394 2363 470 2423 haec
493 2362 634 2424 retractio
660 2359 712 2424 30¹
736 2370 819 2422 esset
842 2361 1045 2423 inclinationis
1069 2361 1239 2441 plenariae,
1264 2364 1346 2444 atqui
1371 2383 1425 2426 nos

86 2449 206 2510 secundo
227 2449 291 2511 loco
316 2451 513 2513 assumsimus
537 2451 682 2530 majorem
706 2470 796 2531 quam
820 2447 883 2522 30‘,
909 2471 951 2513 sc.
976 2451 1025 2512 vel
1049 2447 1104 2514 481
1128 2453 1177 2513 vel
1201 2449 1255 2514 58¹
1280 2450 1360 2526 20”,
1395 2459 1427 2514 et

11 2610 12 2622 ἵ
87 2537 112 2596 si
134 2555 189 2618 qua
210 2538 268 2600 alia
290 2539 470 2619 placuerit);
495 2539 647 2620 quaeritur
670 2538 771 2618 igitur,
798 2548 941 2619 qnantum
956 2539 1115 2602 inclinetur
1138 2541 1187 2602 vel
1202 2538 1256 2602 DC
1277 2541 1427 2603 retractus

10 2624 11 2634 ’
86 2626 132 2686 rel
153 2627 201 2710 qui
218 2627 288 2689 toris
313 2636 476 2708 estsuper
499 2630 579 2691 atris
603 2629 801 2708 superficiem.
848 2629 927 2691 Nam
957 2646 995 2688 ex
1014 2628 1208 2690 inclinatione
1232 2629 1373 2691 forinseci
1397 2638 1428 2691 et

85 2715 201 2776 retracti
223 2717 309 2777 tacile
334 2717 470 2798 sequitur
494 2717 621 2779 altitudo
647 2717 726 2778 a'e'ris
749 2716 815 2792 DB,
840 2717 960 2796 teipso
986 2718 1113 2779 docente
1132 2717 1161 2778 in
1177 2718 1299 2778 scheda.
1347 2718 1427 2780 Nam

85 2803 119 2874 si,
141 2804 188 2883 qui
211 2805 282 2866 toris
306 2815 365 2880 est,
388 2814 498 2886 tangat
522 2806 550 2867 in
575 2805 609 2881 0,
635 2813 666 2866 ει
689 2805 715 2866 εἰ
738 2804 822 2867 BDO
847 2814 957 2881 rectus,
983 2814 1014 2867 et
1036 2805 1176 2866 retractio
1193 2802 1256 2878 30⁴,
1282 2813 1352 2866 tuuc
1375 2808 1425 2868 in-

83 2891 205 2953 clinatur
217 2892 271 2955 DC
285 2913 340 2974 per
363 2890 488 2959 89030‘
512 2893 610 2958 etBC
633 2902 680 2956 est
695 2889 806 2968 0⁰30‘,
832 2895 955 2974 ejusque
975 2893 1057 2955 sinus
1080 2891 1136 2957 Dc
1156 2889 1275 2966 872,οὄ
1301 2901 1333 2954 ει
1355 2913 1426 2955 ver-

84 3001 133 3041 sus
153 2982 208 3042 DB
231 2979 359 3058 3,8077,
385 2993 418 3046 et
440 2993 473 3046 ut
496 2984 543 3045 hic
567 2985 604 3045 ad
629 2982 793 3052 illum,·sic
817 2983 866 3045 ille
892 2984 930 3044 ad
958 2982 1136 3044 diametrum
1165 2982 1276 3044 Terrae
1304 2989 1425 3044 auctam

83 3069 245 3149 quantitate
266 3063 332 3132 DB.
380 3071 497 3143 Quibus
519 3073 628 3155 positis
652 3080 690 3140 et,
707 3071 890 3144 constitutis,
917 3072 1081 3151 sequuntur
1099 3070 1164 3150 jam
1179 3071 1308 3132 omnium
1332 3089 1425 3149 supe-

87 3158 192 3228 riorunr
225 3159 457 3224 inclinationum
486 3161 683 3225 retractiones
720 3161 898 3222 necessario.
946 3160 1027 3232 Nam
1059 3178 1166 3221 secans
1198 3153 1260 3223 89⁰
1288 3155 1341 3220 30¹
1378 3166 1428 3221 est

88 3281 266 3356 11459301,
289 3286 340 3367 qui
363 3305 431 3346 cum
453 3295 539 3367 parte
564 3287 609 3348 sui
633 3243 703 3386 ἓὲἕὶ
726 3284 829 3345 valeat
852 3283 1062 3346 retractionem
1085 3280 1149 3358 30¹,
1174 3301 1244 3363 ergo
1264 3293 1346 3348 totus
1367 3303 1424 3346 va-

86 3406 125 3468 let
144 3404 197 3470 30¹
222 3409 289 3474 lll“.
336 3409 429 3471 Etsi
458 3429 566 3471 secans
593 3405 761 3472 11459301
799 3408 881 3470 valet
914 3404 967 3470 30⁴
997 3406 1056 3471 10“
1089 3407 1136 3468 vel
1170 3404 1285 3483 1810‘2
1323 3409 1425 3470 radius

91 3495 210 3560 100000
230 3499 343 3562 valebit
369 3495 431 3562 16”
455 3499 583 3560 circiter.
629 3499 707 3560 Hinc
727 3497 791 3576 jam
814 3496 963 3569 habentur
981 3495 1110 3557 omnium
1124 3496 1350 3558 inclinationum
1373 3515 1424 3558 re-

91 3585 239 3649 tractorum
262 3607 352 3668 super
375 3587 562 3666 superficiem
585 3587 664 3650 atris
688 3593 828 3648 secantes
857 3603 1014 3664 eorumque
1038 3584 1167 3660 valeres,
1202 3593 1234 3647 et
1263 3586 1424 3648 secuudum

91 3675 206 3753 angulos
227 3676 451 3739 inclinationum
474 3677 566 3738 etiam
589 3675 743 3755 portiones
766 3674 980 3736 retractionum
995 3673 1228 3753 competentium
1250 3693 1423 3737 mensurae:

90 3781 124 3822 ex
142 3765 325 3843 proportione
349 3784 420 3828 vero
445 3763 614 3827 altitudinis
638 3765 716 3827 atris
745 3763 784 3825 ad
815 3763 993 3825 diametrum
1017 3762 1127 3825 Terrae
1150 3760 1308 3842 inquiritur
1332 3762 1425 3823 etiam

93 3853 231 3914 inclinatio
252 3855 331 3917 illius
355 3853 478 3916 retracti
502 3871 592 3934 super
615 3854 748 3927 Terram,
769 3853 850 3914 datis
874 3851 951 3913 enim
975 3853 1005 3912 in
1028 3859 1079 3912 tuo
1104 3851 1256 3913 schemate
1272 3849 1335 3925 EF,
1358 3849 1423 3924 FD,

94 3938 173 4016 DET,
197 3943 280 4006 datur
302 3945 394 4005 etiarn
418 3941 508 4004 EDF.
555 3943 686 4004 Peracta
708 3941 800 4021 igitur
823 3942 879 4003 hac
894 3940 1115 4020 computatione
1131 3941 1243 4020 poterit
1256 3937 1425 4017 comparari

94 4029 187 4092 tabula
210 4031 374 4114 Tychonis3
404 4031 483 4113 quod
506 4031 533 4091 si
556 4032 753 4100 retractiones
777 4029 887 4093 ceteris
911 4027 1153 4091 inclinationibus
1177 4027 1233 4089 ΕΙ)
1256 4045 1346 4106 super
1368 4022 1424 4088 DC

95 4118 259 4182 hmizontem
290 4118 489 4200 adscripserit
511 4119 614 4201 Tycho
646 4121 738 4194 alias,
772 4119 936 4182 cedendum
961 4119 1019 4180 erit
1052 4117 1131 4180 falsa
1152 4116 1312 4196 positione,
1346 4115 1426 4194 qnod

94 4206 214 4283 plenaria
235 4211 375 4272 retractio
395 4209 427 4271 in
452 4215 519 4269 aere
544 4208 584 4269 sit
607 4209 813 4270 tantummodo
838 4204 903 4279 302
927 4213 1071 4288 quantam
1094 4205 1125 4267 in
1142 4205 1294 4267 horizonte
1319 4203 1425 4280 obser-

96 4295 166 4358 varit
188 4296 297 4380 Tych03
332 4298 412 4380 quod
445 4296 562 4358 scilicet
584 4295 640 4359 DC
669 4299 709 4359 sit
741 4298 890 4359 retractus
923 4315 981 4357 non
1016 4293 1180 4372 tangentis,
1214 4293 1267 4356 sed
1300 4291 1425 4370 alicujus

95 4384 211 4447 arante
232 4393 331 4450 aerem
355 4387 387 4448 in
412 4383 448 4461 0,
475 4385 598 4465 ideoque
621 4385 789 4465 plenariam
820 4385 900 4447 atris
924 4385 1145 4456 retractionem,
1181 4381 1205 4443 si
1239 4379 1428 4458 contingeret

95 4473 169 4535 nohis
190 4475 293 4540 elevari
317 4497 336 4538 a
355 4477 386 4537 D
411 4493 518 4536 versus
533 4474 569 4548 B,
588 4483 757 4554 spectatum
780 4473 816 4537 iri
841 4473 999 4553 majorem:
1025 4488 1169 4554 ponemus
1188 4469 1280 4550 igitur
1295 4468 1428 4548 aliquam

95 4573 192 4626 amam
212 4566 416 4646 quantitatem
440 4563 630 4625 retractionis
654 4564 818 4638 maximae,
853 4571 884 4624 et
908 4563 1014 4624 eadem
1037 4557 1179 4622 methodo
1203 4565 1237 4619 ut
1264 4556 1347 4637 prius
1372 4576 1427 4618 ex—

94 4651 252 4728 piscabimur
275 4673 383 4718 omnes
409 4651 551 4730 reliquas,
577 4651 705 4713 omnium
730 4651 954 4713 inclinationum
977 4649 1174 4712 retractorum
1202 4664 1292 4726 super
1320 4664 1427 4724 super-

94 4741 172 4805 iriem
192 4745 283 4820 aerim
309 4751 343 4806 et
367 4740 488 4804 tabella
512 4757 610 4802 eornm
635 4740 806 4820 conscripta
829 4739 1004 4811 videbimus,
1030 4751 1178 4816 quaenam
1195 4731 1349 4796 inclinatio
1374 4752 1429 4795 ex-

93 4830 176 4895 hbeat
194 4831 416 4898 retractionem
429 4827 578 4910 Tychonis
601 4827 815 4891 horizontalem
840 4827 903 4892 30‘.
951 4827 1032 4888 Tunc
1048 4818 1124 4883 enim
1139 4819 1195 4884 BC
1221 4842 1279 4884 non
1303 4822 1430 4902 amplius

131 4934 352 4990 manau.
1202 4925 1218 4976 ³
