3674 5538
323 299 384 369 122
852 305 963 370 Epistola
981 305 1151 358 causaest.

408 483 449 546 m
483 485 541 546 duo
575 494 674 561 eraut,
709 501 785 563 quae
810 481 960 564 Tyohouis
983 485 1095 548 Brahei
1127 491 1270 547 accurata
1300 483 1458 564 diligentia
1490 484 1615 563 primum
1644 483 1673 547 in

320 575 417 636 lucem
441 574 562 649 extulit,
600 577 639 637 ad
663 573 794 652 opticam
819 571 977 633 scientiam
1000 574 1197 652 pertinentia;
1231 573 1361 635 alterum
1383 574 1420 632 de
1445 574 1674 635 retractione

322 663 480 726 luminis
503 664 647 736 sidemm,
684 659 830 739 reliquum
854 660 890 720 de
915 660 1161 724 diminutione
1187 663 1362 724 diametri
1388 662 1513 723 Lunae
1537 661 1567 723 iu
1592 661 1674 724 Solis

321 751 469 830 deliquiis.
508 748 654 822 Quamvis
680 747 786 811 etalii
810 749 943 810 nonnulli
965 768 1019 829 per
1042 750 1123 813 illius
1141 752 1199 812 viri
1223 759 1414 812 monumenta
1433 759 1592 812 occurrant
1606 751 1672 825 loci,

321 840 428 920 quibus
462 848 651 902 astronomos
686 836 736 900 ille
762 836 800 899 ad
831 837 946 916 optices
971 838 1107 901 rimanda
1136 840 1279 922 mysteria
1301 839 1418 900 remisit
1441 847 1472 900 et
1496 839 1674 901 adhortatus

321 937 388 990 est:
414 927 489 988 haec
513 935 614 989 tamen
640 929 697 989 duo
722 926 825 1005 capita
848 933 918 987 suut
941 928 1110 1007 potissima.
1156 929 1199 990 Et
1218 929 1431 991 refractionum
1446 927 1565 1007 quidem
1589 943 1692 989 meu-¹

320 1035 422 1078 suram
436 1016 573 1078 Braheus
593 1017 632 1077 ad
656 1033 759 1077 omues
783 1014 953 1077 altitudinis
977 1016 1088 1094 gradus
1108 1016 1269 1096 diligenter
1292 1016 1504 1095 investigavit:
1529 1019 1582 1078 sed
1606 1035 1672 1078 cum

320 1105 414 1167 carisa
437 1123 597 1166 mensurae
621 1105 749 1166 nondum
774 1103 918 1164 essetab
943 1105 1052 1183 opticis
1075 1107 1249 1186 patefacta,
1284 1113 1374 1166 uotae
1404 1113 1474 1166 sunt
1501 1105 1673 1186 implicatae

320 1195 357 1255 de
382 1193 491 1255 mundo
516 1194 611 1274 deque
637 1191 794 1255 elementis
817 1191 1057 1272 disputationes,
1081 1214 1137 1255 nec
1161 1195 1238 1256 satis
1263 1194 1413 1276 liquebat,
1448 1194 1611 1255 eaedemne
1634 1213 1672 1254 au

320 1283 459 1344 diversae
484 1289 587 1342 essent
610 1281 746 1344 omnibus
770 1279 956 1359 temporibus
987 1283 1181 1364 omnibusque
1206 1285 1280 1346 locis
1304 1281 1517 1344 retractiones:
1548 1300 1586 1343 ex
1615 1301 1672 1362 quo

320 1370 447 1451 denique
481 1371 631 1450 sequitur,
664 1379 698 1433 ut
729 1368 906 1449 quaudoque
940 1368 1117 1433 observator
1149 1391 1222 1434 suae
1255 1371 1428 1452 diligentiae
1458 1378 1548 1451 atque
1572 1389 1671 1444 curae,

207 1519 210 1527 ,
320 1479 410 1538 quam
432 1458 512 1520 iuter
535 1459 753 1523 observandum
770 1457 958 1531 adhibuerat,
979 1457 1101 1522 ntmthm
1120 1460 1254 1522 tribuens
1272 1463 1425 1540 locumque
1450 1460 1558 1521 sideris
1580 1477 1673 1538 prae-

321 1547 468 1611 cisissime
501 1565 673 1628 supponens
707 1546 876 1626 cognitum,
910 1545 1182 1610 demonstrationes
1216 1550 1243 1610 in
1282 1549 1490 1610 difficultatem
1520 1549 1672 1628 conjiciat,

320 1645 429 1698 natura
459 1637 595 1711 luminis,
628 1637 794 1715 opticavum
825 1653 982 1698 causarum
1010 1637 1217 1700 inconstantia
1240 1638 1451 1710 circumventi,
1483 1644 1600 1700 tautam
1623 1636 1673 1700 in-

320 1733 555 1788 strumentorum
579 1725 781 1787 subtilitatem
812 1743 870 1786 non
901 1743 1021 1804 semper
1050 1727 1240 1789 admittente.
1286 1727 1321 1790 In
1347 1727 1402 1787 hoc
1426 1726 1529 1806 itaque
1552 1724 1673 1806 negotio

237 1851 239 1854 -
319 1822 412 1896 caput
434 1813 491 1876 IV.
517 1814 660 1876 insumsi:
693 1813 740 1875 oui
770 1821 893 1896 propter
915 1813 1118 1893 inquisitionis
1145 1817 1318 1878 methodum
1341 1814 1593 1894 praemittendum
1617 1814 1675 1876 fuit

319 1902 443 1966 tertium
467 1911 499 1964 et
520 1921 592 1982 pars
615 1903 712 1982 primi.
745 1899 824 1973 Quin
849 1901 940 1964 etiam
960 1901 1065 1964 umbra
1080 1900 1208 1966 Telluris
1222 1906 1250 1966 in
1275 1904 1510 1983 disputationem
1530 1903 1674 1977 trahitur;

319 1991 548 2054 retractionibus
572 1991 703 2054 inventis
728 1997 759 2052 et
782 1990 914 2070 cognito,
939 1991 1018 2074 quod
1041 1992 1118 2054 radii
1135 1991 1215 2056 Solis
1236 2011 1294 2056 uon
1314 1993 1427 2054 eisdem
1450 1991 1544 2054 rectis
1559 2010 1575 2052 e
1591 1992 1675 2054 tonte

321 2081 361 2142 ad
376 2081 499 2144 Terram
523 2098 615 2160 usque
630 2080 783 2159 multoque
807 2079 903 2140 minus
928 2080 1053 2142 ulterius
1079 2081 1242 2145 dimanant.
1280 2081 1375 2163 Atqui
1399 2081 1456 2143 hac
1476 2099 1508 2142 re
1531 2081 1561 2141 iu
1585 2080 1674 2142 dubio

318 2175 478 2245 versante,
502 2168 710 2248 periclitamur
734 2169 771 2231 de
796 2168 937 2230 universa
960 2170 1077 2231 ratione
1101 2169 1295 2232 dimensionis
1319 2187 1475 2250 corpomm
1498 2168 1673 2232 coelestium

320 2259 369 2331 (ut
392 2275 468 2336 quae
492 2256 530 2319 ab
554 2257 661 2320 umbra
683 2257 796 2319 Terrae
820 2256 987 2337 dependet)
1017 2259 1073 2320 hoo
1098 2269 1147 2322 est
1175 2260 1212 2320 de
1243 2279 1292 2333 eo,
1328 2260 1406 2338 quod
1434 2258 1462 2318 in
1489 2257 1675 2321 astronomia

319 2345 615 2430 praestantissimum
639 2354 671 2408 et
693 2347 801 2426 vulgus
825 2346 994 2410 admiratur
1018 2356 1050 2408 et
1072 2348 1243 2429 philosophi
1266 2347 1441 2410 collaudant
1464 2355 1554 2426 atque
1579 2365 1673 2409 vene-

318 2443 433 2500 raatur.
481 2435 531 2497 Ad
554 2434 697 2498 tuendam
721 2436 822 2515 itaque
847 2434 1028 2514 dignitatem
1053 2437 1256 2499 astronomiae
1272 2446 1303 2498 et
1326 2437 1403 2498 hauc
1418 2435 1561 2498 hostilem
1584 2436 1673 2498 dubi·

319 2523 445 2587 tatiouis
470 2543 570 2586 arcem
594 2524 840 2604 expugnandam,
875 2523 934 2586 etsi
966 2526 1065 2603 capite
1090 2526 1147 2588 IV.
1173 2534 1205 2588 et
1228 2527 1267 2588 V.
1303 2526 1414 2606 gradem
1446 2525 1540 2605 aliqui
1572 2523 1675 2604 magui

320 2613 420 2693 operis
443 2611 518 2674 tacti
541 2620 572 2674 et
594 2613 707 2694 ingenii
731 2612 795 2676 acie
819 2613 905 2694 quasi
928 2613 958 2674 in
983 2613 1160 2677 durissimas
1191 2633 1281 2695 rupes
1305 2613 1392 2676 incisi
1423 2621 1525 2676 erant:
1557 2621 1675 2675 tantum

318 2711 421 2766 umen
445 2701 590 2764 remansit
612 2701 738 2777 laboris,
771 2709 804 2762 ut
835 2720 909 2782 opus
934 2709 1017 2765 esset
1046 2705 1191 2783 peculiari
1215 2703 1315 2784 capite
1338 2703 1410 2766 VII.
1457 2701 1528 2763 Jam
1551 2703 1582 2764 in
1605 2701 1674 2764 dia-

318 2791 423 2854 metris
447 2790 652 2866 luminarium,
678 2792 757 2871 quod
780 2811 817 2852 ex
841 2792 1004 2872 propositis
1022 2792 1079 2854 fuit
1093 2795 1232 2869 alterum,
1257 2793 1283 2854 si
1299 2791 1367 2872 quid
1387 2791 1498 2853 erroris
1514 2791 1676 2852 committit

317 2881 415 2954 visus,
440 2881 469 2941 id
494 2899 561 2942 cum
585 2880 615 2941 iu
638 2879 808 2942 universam
824 2881 990 2942 doctrinam
1007 2880 1161 2961 eclipsium
1185 2889 1248 2944 tum
1263 2881 1390 2943 maxime
1414 2879 1443 2941 in
1468 2879 1546 2942 hanc
1571 2880 1673 2953 etiam,

316 2987 406 3050 quam
430 2969 507 3042 dixi,
540 2987 697 3049 corporum
720 2970 896 3032 coelestium
919 2969 1134 3034 dimensionem
1158 2972 1315 3033 redundat.
1362 2970 1470 3048 Itaque
1493 2977 1527 3031 ut
1549 2968 1673 3030 tabulae

315 3065 464 3133 motuum,
490 3075 565 3138 quas
595 3057 727 3124 auctoris
751 3067 847 3120 morte
871 3059 1054 3138 intenuptas
1079 3059 1134 3122 hoc
1157 3069 1291 3140 tempore
1308 3057 1459 3138 Majestas
1484 3065 1538 3118 tua
1560 3075 1673 3138 propo-

316 3145 379 3208 suit
403 3145 605 3209 absolvendas
628 3145 717 3226 idque
732 3165 790 3208 non
805 3147 928 3210 minimo
949 3155 1048 3210 sumtu
1069 3159 1228 3227 procurat,
1254 3157 1287 3210 ut
1308 3149 1366 3209 hae
1389 3147 1511 3226 inquam
1534 3147 1565 3207 in
1586 3153 1673 3224 parte

316 3233 363 3296 sui
386 3234 628 3314 spectatissima,
653 3237 690 3296 de
706 3234 787 3298 Solis
811 3237 963 3298 etLunae
987 3237 1148 3311 laboribus,
1175 3256 1260 3300 suam
1275 3236 1521 3298 nanciscerentur
1544 3233 1672 3313 integri·

316 3329 430 3398 tatem,
454 3341 572 3384 omnem
596 3324 727 3404 lapidem
749 3325 941 3401 movendum,
967 3325 1039 3388 nihil
1064 3327 1140 3405 quod
1166 3326 1399 3389 haesitationem
1423 3323 1559 3403 aliquam·
1577 3323 1672 3384 relin-

316 3429 407 3492 quere
430 3419 550 3494 posset,
572 3414 825 3494 praetereundum
849 3431 917 3476 esse
941 3414 1053 3477 censui.
1101 3413 1258 3486 Quatenus
1283 3415 1374 3494 igitur
1396 3414 1597 3474 instrumenta
1617 3428 1672 3472 nos

316 3501 424 3564 fallere
448 3501 569 3579 possint
591 3503 621 3564 in
646 3501 872 3565 dimetientibus
895 3503 1084 3566 luminarium
1108 3503 1309 3584 explorandis,
1335 3503 1435 3580 capite
1449 3501 1490 3562 11.
1511 3499 1673 3581 explicavi:

318 3595 468 3670 quatenus
490 3609 562 3652 vero
586 3591 669 3652 visas
692 3590 757 3669 ipse
781 3592 822 3654 sit
845 3591 994 3654 erroribus
1017 3592 1179 3667 obnoxius,
1213 3593 1312 3654 dicere
1337 3608 1402 3652 sum
1430 3606 1593 3668 aggressus
1616 3607 1671 3650 ca·

317 3679 381 3758 pite
406 3679 444 3740 V.
492 3676 626 3760 Cumque
649 3679 740 3741 fuerit
765 3688 831 3742 tota
853 3679 937 3741 visus
961 3682 1038 3742 ratio
1057 3699 1097 3742 ex
1115 3681 1232 3760 integro
1248 3679 1436 3759 explicanda,
1457 3695 1533 3759 quae
1557 3677 1674 3740 reliac-

317 3766 450 3829 tionibus
473 3767 624 3848 perficitur
648 3775 679 3830 et
702 3767 890 3831 simulachris
914 3787 1011 3831 rerum
1034 3769 1167 3832 visarum
1183 3779 1215 3832 et
1237 3767 1395 3843 coloribus,
1420 3781 1477 3828 uon
1493 3765 1585 3827 debet
1608 3765 1674 3828 cui-

316 3875 406 3936 quam
429 3856 526 3920 videri
548 3857 670 3933 mirum,
696 3857 722 3920 si
747 3857 846 3938 capite
862 3857 919 3920 IV.
944 3857 974 3919 in
999 3857 1066 3919 coni
1089 3859 1255 3931 sectiones,
1279 3855 1493 3920 retractionem
1513 3853 1589 3916 oculi
1609 3855 1674 3916 ior·

317 3944 475 4020 matrices,
510 3947 610 4026 capite
634 3947 673 4008 ll.
706 3945 736 4008 in
769 3947 946 4027 spectacula
978 3946 1081 4026 optioa
1110 3944 1159 4010 Jo.
1183 3947 1273 4026 Bapt.
1298 3946 1424 4018 Portae,
1459 3943 1559 4024 capite
1583 3943 1626 4020 Ι,
1643 3942 1674 4002 in

316 4041 453 4096 naturam
478 4035 554 4098 lucis
578 4044 610 4098 et
633 4036 781 4110 colorum,
807 4043 840 4096 et
862 4034 933 4097 alibi
948 4035 978 4096 in
995 4035 1159 4114 aliapaulo
1176 4033 1294 4115 longius
1318 4051 1382 4096 sum
1397 4032 1562 4112 digressus.
1594 4031 1675 4094 Nam

316 4121 436 4184 etiamsi
460 4122 500 4185 ad
523 4123 738 4187 astronomiam
753 4123 827 4186 nihil
850 4125 1052 4186 conducerent
1074 4124 1131 4186 hae
1145 4123 1305 4198 materiae,
1329 4141 1384 4202 per
1401 4141 1434 4184 se
1450 4129 1551 4182 tamen
1567 4120 1675 4200 dignae

316 4213 438 4290 cognitu
462 4220 542 4274 sunt.
589 4212 721 4274 Rursum
745 4213 844 4294 capite
860 4213 916 4274 IX.
932 4211 1078 4287 inventis,
1105 4214 1183 4292 quod
1205 4213 1296 4292 vulgo
1312 4211 1406 4272 iertnr
1429 4210 1528 4284 facile,
1553 4208 1676 4270 inventa

316 4299 418 4362 addidi
443 4307 476 4360 et
498 4301 555 4361 has
580 4300 768 4363 luminarium
791 4301 984 4364 dimetientes
1007 4301 1094 4363 docui
1118 4301 1196 4363 citra
1220 4301 1329 4363 erroris
1361 4301 1459 4362 aleam
1490 4315 1674 4370 mensurare,

317 4389 418 4467 capite
443 4389 531 4451 VIII.
556 4407 647 4464 vero,
672 4390 830 4452 occasione
846 4390 927 4451 Solis
951 4389 1116 4468 eclipsium,
1142 4390 1221 4451 inter
1244 4409 1277 4451 se
1301 4405 1487 4468 comparare.
1534 4385 1578 4448 Et
1600 4387 1676 4447 bac-

316 4481 404 4538 tenus
428 4476 549 4557 quidem
567 4477 670 4560 Tycho
693 4479 794 4540 Brahe
819 4479 892 4540 mihi
916 4479 1106 4540 occasionem
1131 4479 1282 4541 scribendi
1304 4478 1496 4558 praebuerat.

404 4566 450 4626 At
474 4583 541 4628 oum
564 4585 640 4647 quae
660 4569 724 4648 jam
748 4567 902 4629 recensita
925 4574 1010 4637 sunt,
1042 4567 1232 4646 potissimam
1257 4585 1357 4630 eorum
1380 4573 1498 4646 partem
1522 4562 1676 4642 complec-

317 4649 429 4726 tantur,
454 4671 530 4734 quae
555 4653 593 4716 de
617 4657 804 4718 astronomia
827 4655 886 4718 dici
911 4675 948 4716 ex
972 4655 1074 4734 optioa
1087 4663 1225 4736 possunt,
1251 4656 1375 4736 jamque
1400 4654 1475 4717 liber
1498 4671 1576 4733 pene
1599 4653 1676 4712 titu-

317 4737 376 4797 lum
406 4751 571 4805 mereretur
598 4744 859 4806 Astronomiae
883 4742 1069 4823 Optioac,
1093 4763 1208 4823 operae*
1226 4743 1433 4825 compendium
1456 4759 1504 4803 me
1528 4742 1678 4803 factumm

316 4825 437 4904 putavi,
472 4829 514 4897 si,
545 4833 718 4911 quantulum
743 4841 810 4896 erat
832 4833 961 4909 residui,
987 4839 1019 4892 et
1041 4831 1138 4911 ipsum
1162 4833 1369 4914 adjungerem:
1403 4840 1491 4894 erant
1514 4839 1615 4892 antem
1640 4829 1676 4890 de
