<?xml version="1.0" encoding="UTF-8"?>
<!DOCTYPE html PUBLIC "-//W3C//DTD XHTML 1.0 Transitional//EN"
    "http://www.w3.org/TR/xhtml1/DTD/xhtml1-transitional.dtd">
<html xmlns="http://www.w3.org/1999/xhtml" xml:lang="en" lang="en">
 <head>
  <title>
</title>
<meta http-equiv="Content-Type" content="text/html;charset=utf-8" />
  <meta name='ocr-system' content='tesseract 3.04.00' />
  <meta name='ocr-capabilities' content='ocr_page ocr_carea ocr_par ocr_line ocrx_word'/>
</head>
<body>
  <div class='ocr_page' id='page_1' title='image "./joanniskepleria02unkngoog/joanniskepleria02unkngoog_0649.png"; bbox 0 0 3700 5530; ppageno 0'>
   <div class='ocr_carea' id='block_1_1' title="bbox 351 269 1100 338">
    <p class='ocr_par' dir='ltr' id='par_1_1' title="bbox 351 269 1100 338">
     <span class='ocr_line' id='line_1_1' title="bbox 351 269 1100 338; baseline 0.003 -2"><span class='ocrx_word' id='word_1_1' title='bbox 351 269 419 338; x_wconf 81' lang='lat'><strong>616</strong></span> <span class='ocrx_word' id='word_1_2' title='bbox 959 271 1100 324; x_wconf 72' lang='lat' dir='ltr'><strong>Masso.</strong></span> 
     </span>
    </p>
   </div>
   <div class='ocr_carea' id='block_1_2' title="bbox 348 443 1705 866">
    <p class='ocr_par' dir='ltr' id='par_1_2' title="bbox 348 443 1705 866">
     <span class='ocr_line' id='line_1_2' title="bbox 350 443 1704 528; baseline -0.005 -17"><span class='ocrx_word' id='word_1_3' title='bbox 350 448 534 512; x_wconf 87' lang='lat' dir='ltr'><strong>astronomis</strong></span> <span class='ocrx_word' id='word_1_4' title='bbox 556 445 788 528; x_wconf 71' lang='lat' dir='ltr'><strong>perplexissima</strong></span> <span class='ocrx_word' id='word_1_5' title='bbox 814 451 846 506; x_wconf 86' lang='lat' dir='ltr'><strong>et</strong></span> <span class='ocrx_word' id='word_1_6' title='bbox 876 445 960 508; x_wconf 87' lang='lat' dir='ltr'><strong>varie</strong></span> <span class='ocrx_word' id='word_1_7' title='bbox 991 445 1137 527; x_wconf 91' lang='lat' dir='ltr'><strong>impedita</strong></span> <span class='ocrx_word' id='word_1_8' title='bbox 1158 447 1317 526; x_wconf 88' lang='lat' dir='ltr'><strong>occupatio</strong></span> <span class='ocrx_word' id='word_1_9' title='bbox 1339 446 1369 510; x_wconf 92' lang='lat' dir='ltr'><strong>in</strong></span> <span class='ocrx_word' id='word_1_10' title='bbox 1391 443 1524 526; x_wconf 87' lang='lat' dir='ltr'><strong>planetis</strong></span> <span class='ocrx_word' id='word_1_11' title='bbox 1546 462 1704 524; x_wconf 87' lang='lat' dir='ltr'><strong>eorumque</strong></span> 
     </span>
     <span class='ocr_line' id='line_1_3' title="bbox 348 531 1704 605; baseline -0.003 -8"><span class='ocrx_word' id='word_1_12' title='bbox 348 538 443 599; x_wconf 87' lang='lat' dir='ltr'><strong>variis</strong></span> <span class='ocrx_word' id='word_1_13' title='bbox 466 545 498 599; x_wconf 87' lang='lat' dir='ltr'><strong>et</strong></span> <span class='ocrx_word' id='word_1_14' title='bbox 519 535 754 598; x_wconf 89' lang='lat' dir='ltr'><strong>intricatissimis</strong></span> <span class='ocrx_word' id='word_1_15' title='bbox 776 534 937 596; x_wconf 87' lang='lat' dir='ltr'><strong>erroribus.</strong></span> <span class='ocrx_word' id='word_1_16' title='bbox 984 533 1241 605; x_wconf 77' lang='lat' dir='ltr'><strong>Quemadmodum</strong></span> <span class='ocrx_word' id='word_1_17' title='bbox 1263 554 1336 598; x_wconf 88' lang='lat' dir='ltr'><strong>vero</strong></span> <span class='ocrx_word' id='word_1_18' title='bbox 1359 552 1460 596; x_wconf 89' lang='lat' dir='ltr'><strong>mense</strong></span> <span class='ocrx_word' id='word_1_19' title='bbox 1484 531 1612 596; x_wconf 79' lang='lat' dir='ltr'>Octobri</span> <span class='ocrx_word' id='word_1_20' title='bbox 1635 531 1704 595; x_wconf 84' lang='lat' dir='ltr'><strong>anni</strong></span> 
     </span>
     <span class='ocr_line' id='line_1_4' title="bbox 351 621 1703 704; baseline -0.006 -14"><span class='ocrx_word' id='word_1_21' title='bbox 351 621 438 690; x_wconf 75' lang='lat'>1604</span> <span class='ocrx_word' id='word_1_22' title='bbox 462 633 584 704; x_wconf 88' lang='lat' dir='ltr'><strong>praeter</strong></span> <span class='ocrx_word' id='word_1_23' title='bbox 606 631 782 686; x_wconf 91' lang='lat' dir='ltr'><strong>consuetum</strong></span> <span class='ocrx_word' id='word_1_24' title='bbox 805 623 923 683; x_wconf 81' lang='lat' dir='ltr'><strong>hostem</strong></span> <span class='ocrx_word' id='word_1_25' title='bbox 946 642 1043 684; x_wconf 89' lang='lat' dir='ltr'><strong>novae</strong></span> <span class='ocrx_word' id='word_1_26' title='bbox 1066 622 1095 684; x_wconf 94' lang='lat' dir='ltr'><strong>in</strong></span> <span class='ocrx_word' id='word_1_27' title='bbox 1119 623 1255 702; x_wconf 83' lang='lat' dir='ltr'><strong>[lugaria</strong></span> <span class='ocrx_word' id='word_1_28' title='bbox 1276 624 1383 686; x_wconf 89' lang='lat' dir='ltr'><strong>turbae</strong></span> <span class='ocrx_word' id='word_1_29' title='bbox 1406 621 1604 694; x_wconf 85' lang='lat' dir='ltr'><strong>exstiterunt,</strong></span> <span class='ocrx_word' id='word_1_30' title='bbox 1628 640 1703 700; x_wconf 91' lang='lat' dir='ltr'><strong>qnae</strong></span> 
     </span>
     <span class='ocr_line' id='line_1_5' title="bbox 349 708 1703 791; baseline -0.004 -15"><span class='ocrx_word' id='word_1_31' title='bbox 349 717 477 776; x_wconf 90' lang='lat' dir='ltr'><strong>animum</strong></span> <span class='ocrx_word' id='word_1_32' title='bbox 501 722 534 774; x_wconf 91' lang='lat' dir='ltr'><strong>et</strong></span> <span class='ocrx_word' id='word_1_33' title='bbox 556 730 644 774; x_wconf 89' lang='lat' dir='ltr'><strong>curas</strong></span> <span class='ocrx_word' id='word_1_34' title='bbox 667 709 700 774; x_wconf 87' lang='lat' dir='ltr'><strong>S.</strong></span> <span class='ocrx_word' id='word_1_35' title='bbox 724 709 815 774; x_wconf 84' lang='lat' dir='ltr'><strong>Caes.</strong></span> <span class='ocrx_word' id='word_1_36' title='bbox 838 711 961 791; x_wconf 87' lang='lat' dir='ltr'><strong>Majest.</strong></span> <span class='ocrx_word' id='word_1_37' title='bbox 986 712 1063 787; x_wconf 60' lang='lat' dir='ltr'><strong>Vm,</strong></span> <span class='ocrx_word' id='word_1_38' title='bbox 1088 713 1118 772; x_wconf 95' lang='lat' dir='ltr'><strong>in</strong></span> <span class='ocrx_word' id='word_1_39' title='bbox 1142 711 1248 772; x_wconf 89' lang='lat' dir='ltr'><strong>Turcis</strong></span> <span class='ocrx_word' id='word_1_40' title='bbox 1271 718 1449 791; x_wconf 88' lang='lat' dir='ltr'><strong>occupatas,</strong></span> <span class='ocrx_word' id='word_1_41' title='bbox 1479 708 1616 772; x_wconf 89' lang='lat' dir='ltr'><strong>nonnihil</strong></span> <span class='ocrx_word' id='word_1_42' title='bbox 1637 717 1703 770; x_wconf 89' lang='lat' dir='ltr'><strong>tur-</strong></span> 
     </span>
     <span class='ocr_line' id='line_1_6' title="bbox 348 797 1705 866; baseline -0.007 0"><span class='ocrx_word' id='word_1_43' title='bbox 348 805 459 866; x_wconf 88' lang='lat' dir='ltr'><strong>barunt</strong></span> <span class='ocrx_word' id='word_1_44' title='bbox 481 808 513 862; x_wconf 89' lang='lat' dir='ltr'><strong>et</strong></span> <span class='ocrx_word' id='word_1_45' title='bbox 535 800 567 862; x_wconf 93' lang='lat' dir='ltr'><strong>in</strong></span> <span class='ocrx_word' id='word_1_46' title='bbox 590 818 658 862; x_wconf 89' lang='lat' dir='ltr'><strong>sese</strong></span> <span class='ocrx_word' id='word_1_47' title='bbox 680 799 914 862; x_wconf 89' lang='lat' dir='ltr'><strong>transtulerunt:</strong></span> <span class='ocrx_word' id='word_1_48' title='bbox 948 799 991 860; x_wconf 91' lang='lat' dir='ltr'><strong>sic</strong></span> <span class='ocrx_word' id='word_1_49' title='bbox 1015 799 1119 860; x_wconf 93' lang='lat' dir='ltr'><strong>eodem</strong></span> <span class='ocrx_word' id='word_1_50' title='bbox 1144 818 1245 860; x_wconf 90' lang='lat' dir='ltr'><strong>meuse</strong></span> <span class='ocrx_word' id='word_1_51' title='bbox 1276 809 1383 862; x_wconf 87' lang='lat' dir='ltr'><strong>exorta</strong></span> <span class='ocrx_word' id='word_1_52' title='bbox 1406 799 1495 861; x_wconf 87' lang='lat' dir='ltr'><strong>Nova</strong></span> <span class='ocrx_word' id='word_1_53' title='bbox 1517 798 1592 860; x_wconf 86' lang='lat' dir='ltr'><strong>haec</strong></span> <span class='ocrx_word' id='word_1_54' title='bbox 1615 797 1705 860; x_wconf 82' lang='lat' dir='ltr'><strong>stella</strong></span> 
     </span>
    </p>
   </div>
   <div class='ocr_carea' id='block_1_3' title="bbox 345 885 1811 1406">
    <p class='ocr_par' dir='ltr' id='par_1_3' title="bbox 345 885 1811 1406">
     <span class='ocr_line' id='line_1_7' title="bbox 348 885 1811 967; baseline -0.005 -14"><span class='ocrx_word' id='word_1_55' title='bbox 348 909 457 954; x_wconf 89' lang='lat' dir='ltr'><strong>novum</strong></span> <span class='ocrx_word' id='word_1_56' title='bbox 479 889 509 950; x_wconf 93' lang='lat' dir='ltr'><strong>iu</strong></span> <span class='ocrx_word' id='word_1_57' title='bbox 533 887 718 950; x_wconf 75' lang='lat' dir='ltr'><strong>astronomia</strong></span> <span class='ocrx_word' id='word_1_58' title='bbox 739 887 857 967; x_wconf 78' lang='lat' dir='ltr'>peperit</span> <span class='ocrx_word' id='word_1_59' title='bbox 880 887 1012 948; x_wconf 87' lang='lat' dir='ltr'><strong>lahorem</strong></span> <span class='ocrx_word' id='word_1_60' title='bbox 1046 897 1078 949; x_wconf 90' lang='lat' dir='ltr'><strong>et</strong></span> <span class='ocrx_word' id='word_1_61' title='bbox 1108 887 1207 967; x_wconf 91' lang='lat' dir='ltr'><strong>ipsum</strong></span> <span class='ocrx_word' id='word_1_62' title='bbox 1237 905 1292 966; x_wconf 90' lang='lat' dir='ltr'><strong>per</strong></span> <span class='ocrx_word' id='word_1_63' title='bbox 1323 907 1357 948; x_wconf 89' lang='lat' dir='ltr'><strong>se</strong></span> <span class='ocrx_word' id='word_1_64' title='bbox 1386 888 1498 948; x_wconf 91' lang='lat' dir='ltr'><strong>lentum</strong></span> <span class='ocrx_word' id='word_1_65' title='bbox 1532 886 1572 947; x_wconf 93' lang='lat' dir='ltr'><strong>ob</strong></span> <span class='ocrx_word' id='word_1_66' title='bbox 1595 885 1703 947; x_wconf 88' lang='lat' dir='ltr'><strong>stellae</strong></span> <span class='ocrx_word' id='word_1_67' title='bbox 1810 915 1811 918; x_wconf 36' lang='lat'>¹</span> 
     </span>
     <span class='ocr_line' id='line_1_8' title="bbox 347 973 1811 1055; baseline -0.006 -13"><span class='ocrx_word' id='word_1_68' title='bbox 347 975 591 1051; x_wconf 82' lang='lat' dir='ltr'><strong>diuturnitatem3</strong></span> <span class='ocrx_word' id='word_1_69' title='bbox 616 985 647 1037; x_wconf 91' lang='lat' dir='ltr'><strong>et</strong></span> <span class='ocrx_word' id='word_1_70' title='bbox 670 994 727 1055; x_wconf 92' lang='lat' dir='ltr'><strong>quo</strong></span> <span class='ocrx_word' id='word_1_71' title='bbox 742 974 936 1052; x_wconf 88' lang='lat' dir='ltr'><strong>investigatio</strong></span> <span class='ocrx_word' id='word_1_72' title='bbox 950 984 1083 1036; x_wconf 93' lang='lat' dir='ltr'><strong>motuum</strong></span> <span class='ocrx_word' id='word_1_73' title='bbox 1098 973 1332 1054; x_wconf 74' lang='lat' dir='ltr'><strong>planetariorum</strong></span> <span class='ocrx_word' id='word_1_74' title='bbox 1346 975 1492 1038; x_wconf 75' lang='lat' dir='ltr'><strong>hacteuus</strong></span> <span class='ocrx_word' id='word_1_75' title='bbox 1510 975 1704 1036; x_wconf 75' lang='lat' dir='ltr'><strong>vehementer</strong></span> <span class='ocrx_word' id='word_1_76' title='bbox 1810 991 1811 1054; x_wconf 76' lang='lat' dir='ltr'><strong>j</strong></span> 
     </span>
     <span class='ocr_line' id='line_1_9' title="bbox 347 1061 1811 1148; baseline -0.003 -20"><span class='ocrx_word' id='word_1_77' title='bbox 347 1067 496 1148; x_wconf 91' lang='lat' dir='ltr'><strong>impedita</strong></span> <span class='ocrx_word' id='word_1_78' title='bbox 518 1065 584 1127; x_wconf 83' lang='lat' dir='ltr'><strong>fnit.</strong></span> <span class='ocrx_word' id='word_1_79' title='bbox 631 1063 778 1137; x_wconf 90' lang='lat' dir='ltr'><strong>Rursum,</strong></span> <span class='ocrx_word' id='word_1_80' title='bbox 811 1081 868 1142; x_wconf 93' lang='lat' dir='ltr'><strong>quo</strong></span> <span class='ocrx_word' id='word_1_81' title='bbox 891 1063 1020 1126; x_wconf 83' lang='lat' dir='ltr'><strong>maxime</strong></span> <span class='ocrx_word' id='word_1_82' title='bbox 1044 1072 1177 1142; x_wconf 89' lang='lat' dir='ltr'><strong>tempore</strong></span> <span class='ocrx_word' id='word_1_83' title='bbox 1200 1062 1234 1125; x_wconf 87' lang='lat' dir='ltr'><strong>S.</strong></span> <span class='ocrx_word' id='word_1_84' title='bbox 1260 1062 1295 1127; x_wconf 84' lang='lat'><strong>0.</strong></span> <span class='ocrx_word' id='word_1_85' title='bbox 1320 1065 1387 1126; x_wconf 55' lang='lat' dir='ltr'><strong>M*</strong></span> <span class='ocrx_word' id='word_1_86' title='bbox 1417 1063 1463 1124; x_wconf 80' lang='lat' dir='ltr'><strong>V·</strong></span> <span class='ocrx_word' id='word_1_87' title='bbox 1495 1061 1704 1142; x_wconf 84' lang='lat' dir='ltr'><strong>compositioni</strong></span> <span class='ocrx_word' id='word_1_88' title='bbox 1810 1085 1811 1146; x_wconf 44' lang='grc' dir='ltr'>ᾗ</span> 
     </span>
     <span class='ocr_line' id='line_1_10' title="bbox 348 1149 1811 1234; baseline -0.004 -17"><span class='ocrx_word' id='word_1_89' title='bbox 348 1173 447 1218; x_wconf 88' lang='lat' dir='ltr'><strong>rerum</strong></span> <span class='ocrx_word' id='word_1_90' title='bbox 470 1152 689 1232; x_wconf 89' lang='lat' dir='ltr'><strong>Ungaricarum</strong></span> <span class='ocrx_word' id='word_1_91' title='bbox 713 1169 833 1230; x_wconf 89' lang='lat' dir='ltr'><strong>operam</strong></span> <span class='ocrx_word' id='word_1_92' title='bbox 858 1149 956 1226; x_wconf 83' lang='lat' dir='ltr'><strong>dedit,</strong></span> <span class='ocrx_word' id='word_1_93' title='bbox 988 1151 1139 1230; x_wconf 86' lang='lat' dir='ltr'><strong>expeditis</strong></span> <span class='ocrx_word' id='word_1_94' title='bbox 1172 1159 1203 1214; x_wconf 90' lang='lat' dir='ltr'><strong>et</strong></span> <span class='ocrx_word' id='word_1_95' title='bbox 1234 1152 1395 1234; x_wconf 88' lang='lat' dir='ltr'><strong>pensitatis</strong></span> <span class='ocrx_word' id='word_1_96' title='bbox 1427 1151 1534 1214; x_wconf 91' lang='lat' dir='ltr'><strong>mediis</strong></span> <span class='ocrx_word' id='word_1_97' title='bbox 1566 1151 1635 1212; x_wconf 90' lang='lat' dir='ltr'><strong>huic</strong></span> <span class='ocrx_word' id='word_1_98' title='bbox 1656 1151 1701 1212; x_wconf 89' lang='lat' dir='ltr'><strong>rei</strong></span> <span class='ocrx_word' id='word_1_99' title='bbox 1810 1151 1811 1230; x_wconf 57' lang='lat' dir='ltr'><strong>l</strong></span> 
     </span>
     <span class='ocr_line' id='line_1_11' title="bbox 347 1237 1702 1322; baseline -0.004 -17"><span class='ocrx_word' id='word_1_100' title='bbox 347 1243 548 1305; x_wconf 88' lang='lat' dir='ltr'><strong>salutaribus:</strong></span> <span class='ocrx_word' id='word_1_101' title='bbox 581 1241 686 1300; x_wconf 89' lang='lat' dir='ltr'><strong>eodem</strong></span> <span class='ocrx_word' id='word_1_102' title='bbox 716 1240 779 1300; x_wconf 89' lang='lat' dir='ltr'><strong>fere</strong></span> <span class='ocrx_word' id='word_1_103' title='bbox 811 1239 956 1320; x_wconf 88' lang='lat' dir='ltr'><strong>temporis</strong></span> <span class='ocrx_word' id='word_1_104' title='bbox 979 1247 1077 1302; x_wconf 90' lang='lat' dir='ltr'><strong>tractu</strong></span> <span class='ocrx_word' id='word_1_105' title='bbox 1106 1241 1270 1302; x_wconf 82' lang='lat' dir='ltr'><strong>astronomi</strong></span> <span class='ocrx_word' id='word_1_106' title='bbox 1300 1242 1328 1302; x_wconf 91' lang='lat' dir='ltr'><strong>in</strong></span> <span class='ocrx_word' id='word_1_107' title='bbox 1361 1240 1562 1322; x_wconf 84' lang='lat' dir='ltr'><strong>descriptione</strong></span> <span class='ocrx_word' id='word_1_108' title='bbox 1586 1237 1702 1302; x_wconf 80' lang='lat' dir='ltr'><strong>Stellae</strong></span> 
     </span>
     <span class='ocr_line' id='line_1_12' title="bbox 345 1327 1811 1406; baseline -0.003 -14"><span class='ocrx_word' id='word_1_109' title='bbox 345 1331 505 1404; x_wconf 89' lang='lat' dir='ltr'><strong>sudarunt,</strong></span> <span class='ocrx_word' id='word_1_110' title='bbox 549 1345 662 1406; x_wconf 85' lang='lat' dir='ltr'><strong>egoque</strong></span> <span class='ocrx_word' id='word_1_111' title='bbox 700 1327 845 1406; x_wconf 89' lang='lat' dir='ltr'><strong>plurimus</strong></span> <span class='ocrx_word' id='word_1_112' title='bbox 885 1327 926 1388; x_wconf 90' lang='lat' dir='ltr'><strong>lui</strong></span> <span class='ocrx_word' id='word_1_113' title='bbox 958 1328 987 1388; x_wconf 93' lang='lat' dir='ltr'><strong>in</strong></span> <span class='ocrx_word' id='word_1_114' title='bbox 1021 1329 1195 1390; x_wconf 87' lang='lat' dir='ltr'><strong>adornando</strong></span> <span class='ocrx_word' id='word_1_115' title='bbox 1228 1337 1260 1391; x_wconf 90' lang='lat' dir='ltr'><strong>et</strong></span> <span class='ocrx_word' id='word_1_116' title='bbox 1295 1329 1468 1391; x_wconf 90' lang='lat' dir='ltr'><strong>excudendo</strong></span> <span class='ocrx_word' id='word_1_117' title='bbox 1501 1328 1559 1390; x_wconf 87' lang='lat' dir='ltr'><strong>hoc</strong></span> <span class='ocrx_word' id='word_1_118' title='bbox 1590 1327 1702 1390; x_wconf 88' lang='lat' dir='ltr'><strong>libello.</strong></span> <span class='ocrx_word' id='word_1_119' title='bbox 1810 1357 1811 1360; x_wconf 37' lang='lat'>¹</span> 
     </span>
    </p>
   </div>
   <div class='ocr_carea' id='block_1_4' title="bbox 344 1415 1702 1852">
    <p class='ocr_par' dir='ltr' id='par_1_4' title="bbox 344 1415 1702 1760">
     <span class='ocr_line' id='line_1_13' title="bbox 346 1415 1701 1499; baseline -0.004 -17"><span class='ocrx_word' id='word_1_120' title='bbox 346 1419 492 1499; x_wconf 87' lang='lat' dir='ltr'><strong>Adeoque</strong></span> <span class='ocrx_word' id='word_1_121' title='bbox 524 1416 621 1478; x_wconf 91' lang='lat' dir='ltr'><strong>multa</strong></span> <span class='ocrx_word' id='word_1_122' title='bbox 652 1415 798 1478; x_wconf 90' lang='lat' dir='ltr'><strong>hactenns</strong></span> <span class='ocrx_word' id='word_1_123' title='bbox 829 1415 1024 1494; x_wconf 87' lang='lat' dir='ltr'><strong>particularia</strong></span> <span class='ocrx_word' id='word_1_124' title='bbox 1057 1437 1092 1478; x_wconf 89' lang='lat' dir='ltr'><strong>ee</strong></span> <span class='ocrx_word' id='word_1_125' title='bbox 1121 1417 1398 1492; x_wconf 81' lang='lat' dir='ltr'><strong>accommodarunt,</strong></span> <span class='ocrx_word' id='word_1_126' title='bbox 1431 1424 1465 1478; x_wconf 91' lang='lat' dir='ltr'><strong>ut</strong></span> <span class='ocrx_word' id='word_1_127' title='bbox 1497 1415 1615 1496; x_wconf 91' lang='lat' dir='ltr'><strong>quoties</strong></span> <span class='ocrx_word' id='word_1_128' title='bbox 1638 1415 1701 1478; x_wconf 86' lang='lat' dir='ltr'><strong>lere</strong></span> 
     </span>
     <span class='ocr_line' id='line_1_14' title="bbox 346 1502 1702 1586; baseline -0.003 -16"><span class='ocrx_word' id='word_1_129' title='bbox 346 1504 510 1570; x_wconf 88' lang='lat' dir='ltr'><strong>turbulenti</strong></span> <span class='ocrx_word' id='word_1_130' title='bbox 532 1523 668 1568; x_wconf 88' lang='lat' dir='ltr'><strong>rumores</strong></span> <span class='ocrx_word' id='word_1_131' title='bbox 691 1502 730 1565; x_wconf 91' lang='lat' dir='ltr'><strong>ad</strong></span> <span class='ocrx_word' id='word_1_132' title='bbox 753 1522 807 1564; x_wconf 91' lang='lat' dir='ltr'><strong>nos</strong></span> <span class='ocrx_word' id='word_1_133' title='bbox 831 1521 869 1564; x_wconf 87' lang='lat' dir='ltr'><strong>ex</strong></span> <span class='ocrx_word' id='word_1_134' title='bbox 892 1503 1027 1586; x_wconf 84' lang='lat' dir='ltr'><strong>Ungaria</strong></span> <span class='ocrx_word' id='word_1_135' title='bbox 1057 1504 1182 1586; x_wconf 88' lang='lat' dir='ltr'><strong>perlati,</strong></span> <span class='ocrx_word' id='word_1_136' title='bbox 1215 1505 1307 1568; x_wconf 89' lang='lat' dir='ltr'><strong>toties</strong></span> <span class='ocrx_word' id='word_1_137' title='bbox 1339 1523 1419 1568; x_wconf 87' lang='lat' dir='ltr'><strong>nova</strong></span> <span class='ocrx_word' id='word_1_138' title='bbox 1450 1505 1552 1586; x_wconf 90' lang='lat' dir='ltr'><strong>aliqua</strong></span> <span class='ocrx_word' id='word_1_139' title='bbox 1582 1521 1702 1566; x_wconf 73' lang='lat' dir='ltr'><strong>remma</strong></span> 
     </span>
     <span class='ocr_line' id='line_1_15' title="bbox 344 1592 1700 1672; baseline -0.001 -17"><span class='ocrx_word' id='word_1_140' title='bbox 344 1594 413 1657; x_wconf 88' lang='lat' dir='ltr'><strong>huic</strong></span> <span class='ocrx_word' id='word_1_141' title='bbox 437 1592 637 1654; x_wconf 90' lang='lat' dir='ltr'><strong>editiunculae</strong></span> <span class='ocrx_word' id='word_1_142' title='bbox 660 1592 870 1654; x_wconf 88' lang='lat' dir='ltr'><strong>interveniret:</strong></span> <span class='ocrx_word' id='word_1_143' title='bbox 902 1593 1022 1671; x_wconf 82' lang='lat' dir='ltr'><strong>pacatis</strong></span> <span class='ocrx_word' id='word_1_144' title='bbox 1049 1612 1120 1654; x_wconf 90' lang='lat' dir='ltr'><strong>vero</strong></span> <span class='ocrx_word' id='word_1_145' title='bbox 1152 1593 1212 1655; x_wconf 91' lang='lat' dir='ltr'><strong>illis</strong></span> <span class='ocrx_word' id='word_1_146' title='bbox 1250 1604 1282 1656; x_wconf 92' lang='lat' dir='ltr'><strong>et</strong></span> <span class='ocrx_word' id='word_1_147' title='bbox 1303 1594 1365 1656; x_wconf 88' lang='lat' dir='ltr'><strong>ista</strong></span> <span class='ocrx_word' id='word_1_148' title='bbox 1388 1593 1599 1656; x_wconf 79' lang='lat' dir='ltr'><strong>succederent:</strong></span> <span class='ocrx_word' id='word_1_149' title='bbox 1627 1611 1700 1672; x_wconf 91' lang='lat' dir='ltr'><strong>per-</strong></span> 
     </span>
     <span class='ocr_line' id='line_1_16' title="bbox 346 1679 1397 1760; baseline 0.001 -17"><span class='ocrx_word' id='word_1_150' title='bbox 346 1699 485 1744; x_wconf 89' lang='lat' dir='ltr'><strong>sonarum</strong></span> <span class='ocrx_word' id='word_1_151' title='bbox 509 1680 635 1760; x_wconf 91' lang='lat' dir='ltr'><strong>denique</strong></span> <span class='ocrx_word' id='word_1_152' title='bbox 658 1687 690 1742; x_wconf 89' lang='lat' dir='ltr'><strong>et</strong></span> <span class='ocrx_word' id='word_1_153' title='bbox 713 1679 867 1760; x_wconf 88' lang='lat' dir='ltr'><strong>qualitatis</strong></span> <span class='ocrx_word' id='word_1_154' title='bbox 890 1699 988 1742; x_wconf 87' lang='lat' dir='ltr'><strong>rerum</strong></span> <span class='ocrx_word' id='word_1_155' title='bbox 1011 1681 1117 1743; x_wconf 90' lang='lat' dir='ltr'><strong>crebra</strong></span> <span class='ocrx_word' id='word_1_156' title='bbox 1140 1689 1223 1744; x_wconf 88' lang='lat' dir='ltr'><strong>esset</strong></span> <span class='ocrx_word' id='word_1_157' title='bbox 1246 1683 1363 1746; x_wconf 90' lang='lat' dir='ltr'><strong>allusio.</strong></span> <span class='ocrx_word' id='word_1_158' title='bbox 1372 1679 1397 1756; x_wconf 91' lang='lat'><strong>¹)</strong></span> 
     </span>
    </p>

    <p class='ocr_par' dir='ltr' id='par_1_5' title="bbox 432 1767 1702 1852">
     <span class='ocr_line' id='line_1_17' title="bbox 432 1767 1702 1852; baseline -0.004 -19"><span class='ocrx_word' id='word_1_159' title='bbox 432 1769 502 1833; x_wconf 88' lang='lat' dir='ltr'><strong>Non</strong></span> <span class='ocrx_word' id='word_1_160' title='bbox 526 1769 604 1852; x_wconf 94' lang='lat' dir='ltr'><strong>quod</strong></span> <span class='ocrx_word' id='word_1_161' title='bbox 635 1768 765 1830; x_wconf 88' lang='lat' dir='ltr'><strong>animum</strong></span> <span class='ocrx_word' id='word_1_162' title='bbox 792 1768 849 1829; x_wconf 93' lang='lat' dir='ltr'><strong>hac</strong></span> <span class='ocrx_word' id='word_1_163' title='bbox 877 1769 1090 1848; x_wconf 86' lang='lat' dir='ltr'><strong>superstitione</strong></span> <span class='ocrx_word' id='word_1_164' title='bbox 1120 1777 1239 1834; x_wconf 87' lang='lat' dir='ltr'><strong>teneam</strong></span> <span class='ocrx_word' id='word_1_165' title='bbox 1272 1771 1472 1852; x_wconf 90' lang='lat' dir='ltr'><strong>inquinatum,</strong></span> <span class='ocrx_word' id='word_1_166' title='bbox 1507 1775 1541 1832; x_wconf 90' lang='lat' dir='ltr'><strong>ut</strong></span> <span class='ocrx_word' id='word_1_167' title='bbox 1569 1767 1702 1840; x_wconf 89' lang='lat' dir='ltr'><strong>credam,</strong></span> 
     </span>
    </p>
   </div>
   <div class='ocr_carea' id='block_1_5' title="bbox 344 1849 1811 1940">
    <p class='ocr_par' dir='ltr' id='par_1_6' title="bbox 344 1849 1811 1940">
     <span class='ocr_line' id='line_1_18' title="bbox 344 1849 1811 1940; baseline -0.003 -20"><span class='ocrx_word' id='word_1_168' title='bbox 344 1859 420 1920; x_wconf 91' lang='lat' dir='ltr'><strong>haec</strong></span> <span class='ocrx_word' id='word_1_169' title='bbox 455 1857 499 1919; x_wconf 78' lang='lat' dir='ltr'><strong>sic</strong></span> <span class='ocrx_word' id='word_1_170' title='bbox 532 1857 619 1918; x_wconf 81' lang='lat' dir='ltr'><strong>fatali</strong></span> <span class='ocrx_word' id='word_1_171' title='bbox 651 1856 718 1935; x_wconf 89' lang='lat' dir='ltr'><strong>lege</strong></span> <span class='ocrx_word' id='word_1_172' title='bbox 751 1856 925 1930; x_wconf 90' lang='lat' dir='ltr'><strong>cohaerere,</strong></span> <span class='ocrx_word' id='word_1_173' title='bbox 960 1858 1010 1937; x_wconf 90' lang='lat' dir='ltr'><strong>qul</strong></span> <span class='ocrx_word' id='word_1_174' title='bbox 1042 1877 1079 1920; x_wconf 91' lang='lat' dir='ltr'><strong>ne</strong></span> <span class='ocrx_word' id='word_1_175' title='bbox 1112 1856 1186 1920; x_wconf 89' lang='lat' dir='ltr'><strong>coeli</strong></span> <span class='ocrx_word' id='word_1_176' title='bbox 1220 1860 1336 1940; x_wconf 90' lang='lat' dir='ltr'><strong>quidem</strong></span> <span class='ocrx_word' id='word_1_177' title='bbox 1361 1857 1540 1940; x_wconf 88' lang='lat' dir='ltr'><strong>perennibus</strong></span> <span class='ocrx_word' id='word_1_178' title='bbox 1563 1857 1701 1918; x_wconf 88' lang='lat' dir='ltr'><strong>cursibus</strong></span> <span class='ocrx_word' id='word_1_179' title='bbox 1810 1849 1811 1874; x_wconf 75' lang='lat'><em>³</em></span> 
     </span>
    </p>
   </div>
   <div class='ocr_carea' id='block_1_6' title="bbox 342 1946 1699 2206">
    <p class='ocr_par' dir='ltr' id='par_1_7' title="bbox 342 1946 1699 2206">
     <span class='ocr_line' id='line_1_19' title="bbox 345 1946 1699 2028; baseline -0.001 -21"><span class='ocrx_word' id='word_1_180' title='bbox 345 1965 441 2008; x_wconf 91' lang='lat' dir='ltr'><strong>rerum</strong></span> <span class='ocrx_word' id='word_1_181' title='bbox 465 1946 661 2008; x_wconf 88' lang='lat' dir='ltr'><strong>humanarum</strong></span> <span class='ocrx_word' id='word_1_182' title='bbox 684 1951 810 2005; x_wconf 89' lang='lat' dir='ltr'><strong>eventus</strong></span> <span class='ocrx_word' id='word_1_183' title='bbox 834 1963 967 2006; x_wconf 89' lang='lat' dir='ltr'><strong>annexos</strong></span> <span class='ocrx_word' id='word_1_184' title='bbox 990 1966 1058 2007; x_wconf 86' lang='lat' dir='ltr'><strong>esse</strong></span> <span class='ocrx_word' id='word_1_185' title='bbox 1082 1947 1230 2010; x_wconf 88' lang='lat' dir='ltr'><strong>concedo:</strong></span> <span class='ocrx_word' id='word_1_186' title='bbox 1255 1949 1309 2010; x_wconf 90' lang='lat' dir='ltr'><strong>sed</strong></span> <span class='ocrx_word' id='word_1_187' title='bbox 1325 1949 1393 2028; x_wconf 90' lang='lat' dir='ltr'><strong>quia</strong></span> <span class='ocrx_word' id='word_1_188' title='bbox 1409 1946 1510 2010; x_wconf 87' lang='lat' dir='ltr'><strong>nescio</strong></span> <span class='ocrx_word' id='word_1_189' title='bbox 1526 1963 1583 2027; x_wconf 92' lang='lat' dir='ltr'><strong>quo</strong></span> <span class='ocrx_word' id='word_1_190' title='bbox 1597 1953 1699 2026; x_wconf 89' lang='lat' dir='ltr'><strong>pacto,</strong></span> 
     </span>
     <span class='ocr_line' id='line_1_20' title="bbox 344 2033 1699 2116; baseline -0.003 -19"><span class='ocrx_word' id='word_1_191' title='bbox 344 2043 379 2097; x_wconf 91' lang='lat' dir='ltr'><strong>ut</strong></span> <span class='ocrx_word' id='word_1_192' title='bbox 401 2035 431 2096; x_wconf 91' lang='lat' dir='ltr'><strong>in</strong></span> <span class='ocrx_word' id='word_1_193' title='bbox 455 2033 608 2096; x_wconf 82' lang='lat' dir='ltr'><strong>fossilibus</strong></span> <span class='ocrx_word' id='word_1_194' title='bbox 631 2033 799 2111; x_wconf 85' lang='lat' dir='ltr'><strong>rudimenta</strong></span> <span class='ocrx_word' id='word_1_195' title='bbox 822 2035 967 2112; x_wconf 90' lang='lat' dir='ltr'><strong>quaedam</strong></span> <span class='ocrx_word' id='word_1_196' title='bbox 990 2036 1191 2115; x_wconf 81' lang='lat' dir='ltr'><strong>perfectarum</strong></span> <span class='ocrx_word' id='word_1_197' title='bbox 1215 2037 1373 2116; x_wconf 84' lang='lat' dir='ltr'><strong>figurarum</strong></span> <span class='ocrx_word' id='word_1_198' title='bbox 1396 2055 1506 2115; x_wconf 83' lang='lat' dir='ltr'><strong>magna</strong></span> <span class='ocrx_word' id='word_1_199' title='bbox 1529 2053 1595 2096; x_wconf 91' lang='lat' dir='ltr'><strong>cum</strong></span> <span class='ocrx_word' id='word_1_200' title='bbox 1618 2033 1699 2094; x_wconf 91' lang='lat' dir='ltr'><strong>hila-</strong></span> 
     </span>
     <span class='ocr_line' id='line_1_21' title="bbox 342 2121 1697 2206; baseline -0.001 -23"><span class='ocrx_word' id='word_1_201' title='bbox 342 2123 437 2184; x_wconf 89' lang='lat' dir='ltr'><strong>ritate</strong></span> <span class='ocrx_word' id='word_1_202' title='bbox 460 2123 616 2195; x_wconf 89' lang='lat' dir='ltr'><strong>lutuemur‚</strong></span> <span class='ocrx_word' id='word_1_203' title='bbox 641 2121 720 2182; x_wconf 91' lang='lat' dir='ltr'><strong>iuter</strong></span> <span class='ocrx_word' id='word_1_204' title='bbox 741 2121 875 2200; x_wconf 87' lang='lat' dir='ltr'><strong>pretiosa</strong></span> <span class='ocrx_word' id='word_1_205' title='bbox 899 2143 1100 2200; x_wconf 87' lang='lat' dir='ltr'><strong>asservamus,</strong></span> <span class='ocrx_word' id='word_1_206' title='bbox 1125 2126 1265 2205; x_wconf 88' lang='lat' dir='ltr'><strong>caeloque</strong></span> <span class='ocrx_word' id='word_1_207' title='bbox 1290 2133 1322 2187; x_wconf 88' lang='lat' dir='ltr'><strong>et</strong></span> <span class='ocrx_word' id='word_1_208' title='bbox 1343 2125 1483 2206; x_wconf 89' lang='lat' dir='ltr'><strong>penicillo</strong></span> <span class='ocrx_word' id='word_1_209' title='bbox 1508 2121 1697 2203; x_wconf 86' lang='lat' dir='ltr'><strong>adjuvamus,</strong></span> 
     </span>
    </p>
   </div>
   <div class='ocr_carea' id='block_1_7' title="bbox 339 2209 1811 2296">
    <p class='ocr_par' dir='ltr' id='par_1_8' title="bbox 339 2209 1811 2296">
     <span class='ocr_line' id='line_1_22' title="bbox 339 2209 1811 2296; baseline 0 -25"><span class='ocrx_word' id='word_1_210' title='bbox 339 2219 379 2271; x_wconf 91' lang='lat' dir='ltr'><strong>ut</strong></span> <span class='ocrx_word' id='word_1_211' title='bbox 401 2211 431 2270; x_wconf 94' lang='lat' dir='ltr'><strong>id</strong></span> <span class='ocrx_word' id='word_1_212' title='bbox 455 2210 502 2270; x_wconf 92' lang='lat' dir='ltr'><strong>cui</strong></span> <span class='ocrx_word' id='word_1_213' title='bbox 526 2210 640 2271; x_wconf 90' lang='lat' dir='ltr'><strong>eminus</strong></span> <span class='ocrx_word' id='word_1_214' title='bbox 664 2209 870 2271; x_wconf 88' lang='lat' dir='ltr'><strong>assimilantur</strong></span> <span class='ocrx_word' id='word_1_215' title='bbox 891 2213 1056 2290; x_wconf 82' lang='lat' dir='ltr'><strong>perfectius</strong></span> <span class='ocrx_word' id='word_1_216' title='bbox 1079 2213 1264 2293; x_wconf 85' lang='lat' dir='ltr'><strong>exprimant:</strong></span> <span class='ocrx_word' id='word_1_217' title='bbox 1290 2215 1333 2276; x_wconf 89' lang='lat' dir='ltr'><strong>sic</strong></span> <span class='ocrx_word' id='word_1_218' title='bbox 1356 2213 1385 2274; x_wconf 93' lang='lat' dir='ltr'><strong>iu</strong></span> <span class='ocrx_word' id='word_1_219' title='bbox 1406 2213 1452 2274; x_wconf 90' lang='lat' dir='ltr'><strong>his</strong></span> <span class='ocrx_word' id='word_1_220' title='bbox 1474 2213 1567 2274; x_wconf 90' lang='lat' dir='ltr'><strong>etiam</strong></span> <span class='ocrx_word' id='word_1_221' title='bbox 1591 2229 1698 2292; x_wconf 87' lang='lat' dir='ltr'><strong>quam·</strong></span> <span class='ocrx_word' id='word_1_222' title='bbox 1810 2293 1811 2296; x_wconf 8' lang='grc' dir='ltr'><strong>Ἴ</strong></span> 
     </span>
    </p>
   </div>
   <div class='ocr_carea' id='block_1_8' title="bbox 316 2298 1701 4320">
    <p class='ocr_par' dir='ltr' id='par_1_9' title="bbox 343 2298 1697 2378">
     <span class='ocr_line' id='line_1_23' title="bbox 343 2298 1697 2378; baseline -0.001 -19"><span class='ocrx_word' id='word_1_223' title='bbox 343 2315 459 2378; x_wconf 86' lang='lat' dir='ltr'><strong>cunque</strong></span> <span class='ocrx_word' id='word_1_224' title='bbox 482 2315 571 2358; x_wconf 90' lang='lat' dir='ltr'><strong>casus</strong></span> <span class='ocrx_word' id='word_1_225' title='bbox 595 2298 844 2376; x_wconf 86' lang='lat' dir='ltr'><strong>pulchritudinem</strong></span> <span class='ocrx_word' id='word_1_226' title='bbox 867 2309 899 2360; x_wconf 92' lang='lat' dir='ltr'><strong>et</strong></span> <span class='ocrx_word' id='word_1_227' title='bbox 920 2301 1154 2363; x_wconf 89' lang='lat' dir='ltr'><strong>concinnitatem</strong></span> <span class='ocrx_word' id='word_1_228' title='bbox 1177 2321 1311 2364; x_wconf 87' lang='lat' dir='ltr'><strong>amamus</strong></span> <span class='ocrx_word' id='word_1_229' title='bbox 1334 2309 1367 2363; x_wconf 91' lang='lat' dir='ltr'><strong>et</strong></span> <span class='ocrx_word' id='word_1_230' title='bbox 1381 2301 1586 2364; x_wconf 86' lang='lat' dir='ltr'><strong>collaudamus</strong></span> <span class='ocrx_word' id='word_1_231' title='bbox 1600 2298 1697 2360; x_wconf 85' lang='lat' dir='ltr'><strong>unice.</strong></span> 
     </span>
    </p>

    <p class='ocr_par' dir='ltr' id='par_1_10' title="bbox 335 2384 1700 2890">
     <span class='ocr_line' id='line_1_24' title="bbox 434 2384 1698 2468; baseline 0.001 -22"><span class='ocrx_word' id='word_1_232' title='bbox 434 2384 611 2466; x_wconf 82' lang='lat' dir='ltr'><strong>Quanquam</strong></span> <span class='ocrx_word' id='word_1_233' title='bbox 635 2385 755 2466; x_wconf 92' lang='lat' dir='ltr'><strong>siquid</strong></span> <span class='ocrx_word' id='word_1_234' title='bbox 782 2386 873 2448; x_wconf 89' lang='lat' dir='ltr'><strong>etiam</strong></span> <span class='ocrx_word' id='word_1_235' title='bbox 905 2387 1073 2468; x_wconf 88' lang='lat' dir='ltr'><strong>hujusmodi</strong></span> <span class='ocrx_word' id='word_1_236' title='bbox 1107 2393 1165 2452; x_wconf 88' lang='lat' dir='ltr'><strong>fert</strong></span> <span class='ocrx_word' id='word_1_237' title='bbox 1196 2399 1322 2452; x_wconf 87' lang='lat' dir='ltr'><strong>naturae</strong></span> <span class='ocrx_word' id='word_1_238' title='bbox 1350 2390 1438 2462; x_wconf 87' lang='lat' dir='ltr'><strong>ordo,</strong></span> <span class='ocrx_word' id='word_1_239' title='bbox 1469 2397 1505 2451; x_wconf 92' lang='lat' dir='ltr'><strong>ut</strong></span> <span class='ocrx_word' id='word_1_240' title='bbox 1526 2387 1698 2468; x_wconf 90' lang='lat' dir='ltr'><strong>Principum</strong></span> 
     </span>
     <span class='ocr_line' id='line_1_25' title="bbox 346 2473 1700 2556; baseline -0.001 -20"><span class='ocrx_word' id='word_1_241' title='bbox 346 2493 493 2556; x_wconf 90' lang='lat' dir='ltr'><strong>prospera</strong></span> <span class='ocrx_word' id='word_1_242' title='bbox 516 2483 547 2534; x_wconf 90' lang='lat' dir='ltr'><strong>ct</strong></span> <span class='ocrx_word' id='word_1_243' title='bbox 569 2474 704 2534; x_wconf 86' lang='lat' dir='ltr'><strong>adversa·</strong></span> <span class='ocrx_word' id='word_1_244' title='bbox 721 2473 821 2535; x_wconf 89' lang='lat' dir='ltr'><strong>omnia</strong></span> <span class='ocrx_word' id='word_1_245' title='bbox 844 2478 1096 2540; x_wconf 89' lang='lat' dir='ltr'><strong>communicentur</strong></span> <span class='ocrx_word' id='word_1_246' title='bbox 1120 2497 1186 2540; x_wconf 91' lang='lat' dir='ltr'><strong>cum</strong></span> <span class='ocrx_word' id='word_1_247' title='bbox 1209 2478 1353 2542; x_wconf 91' lang='lat' dir='ltr'><strong>ministris</strong></span> <span class='ocrx_word' id='word_1_248' title='bbox 1368 2478 1519 2540; x_wconf 85' lang='lat' dir='ltr'><strong>literarum</strong></span> <span class='ocrx_word' id='word_1_249' title='bbox 1539 2484 1572 2538; x_wconf 91' lang='lat' dir='ltr'><strong>et</strong></span> <span class='ocrx_word' id='word_1_250' title='bbox 1590 2475 1700 2537; x_wconf 88' lang='lat' dir='ltr'><strong>artium</strong></span> 
     </span>
     <span class='ocr_line' id='line_1_26' title="bbox 335 2561 1697 2644; baseline 0.001 -24"><span class='ocrx_word' id='word_1_251' title='bbox 335 2563 517 2635; x_wconf 80' lang='lat' dir='ltr'><strong>cultoribus,</strong></span> <span class='ocrx_word' id='word_1_252' title='bbox 540 2561 702 2642; x_wconf 89' lang='lat' dir='ltr'><strong>horumque</strong></span> <span class='ocrx_word' id='word_1_253' title='bbox 726 2565 792 2624; x_wconf 85' lang='lat' dir='ltr'><strong>iata</strong></span> <span class='ocrx_word' id='word_1_254' title='bbox 814 2565 1031 2643; x_wconf 88' lang='lat' dir='ltr'><strong>quodammodo</strong></span> <span class='ocrx_word' id='word_1_255' title='bbox 1055 2567 1257 2644; x_wconf 84' lang='lat' dir='ltr'><strong>gubernentur</strong></span> <span class='ocrx_word' id='word_1_256' title='bbox 1276 2567 1405 2629; x_wconf 89' lang='lat' dir='ltr'><strong>abillis:</strong></span> <span class='ocrx_word' id='word_1_257' title='bbox 1430 2567 1542 2628; x_wconf 89' lang='lat' dir='ltr'><strong>nullum</strong></span> <span class='ocrx_word' id='word_1_258' title='bbox 1566 2564 1697 2625; x_wconf 88' lang='lat' dir='ltr'><strong>dedecus</strong></span> 
     </span>
     <span class='ocr_line' id='line_1_27' title="bbox 343 2651 1697 2735; baseline -0.001 -22"><span class='ocrx_word' id='word_1_259' title='bbox 343 2651 435 2714; x_wconf 80' lang='lat' dir='ltr'><strong>fuerit</strong></span> <span class='ocrx_word' id='word_1_260' title='bbox 457 2652 519 2712; x_wconf 89' lang='lat' dir='ltr'><strong>ista</strong></span> <span class='ocrx_word' id='word_1_261' title='bbox 542 2669 783 2726; x_wconf 87' lang='lat' dir='ltr'><strong>commemorare,</strong></span> <span class='ocrx_word' id='word_1_262' title='bbox 807 2651 869 2714; x_wconf 89' lang='lat' dir='ltr'><strong>illis</strong></span> <span class='ocrx_word' id='word_1_263' title='bbox 892 2673 959 2715; x_wconf 91' lang='lat' dir='ltr'><strong>sese</strong></span> <span class='ocrx_word' id='word_1_264' title='bbox 977 2657 1096 2734; x_wconf 82' lang='lat' dir='ltr'><strong>jactare</strong></span> <span class='ocrx_word' id='word_1_265' title='bbox 1119 2655 1247 2734; x_wconf 90' lang='lat' dir='ltr'><strong>publice.</strong></span> <span class='ocrx_word' id='word_1_266' title='bbox 1287 2653 1480 2735; x_wconf 76' lang='lat' dir='ltr'><strong>Conspicatio</strong></span> <span class='ocrx_word' id='word_1_267' title='bbox 1496 2654 1574 2716; x_wconf 88' lang='lat' dir='ltr'><strong>enim</strong></span> <span class='ocrx_word' id='word_1_268' title='bbox 1590 2652 1697 2732; x_wconf 87' lang='lat' dir='ltr'><strong>hujus-</strong></span> 
     </span>
     <span class='ocr_line' id='line_1_28' title="bbox 341 2739 1697 2821; baseline -0.001 -20"><span class='ocrx_word' id='word_1_269' title='bbox 341 2740 423 2802; x_wconf 87' lang='lat' dir='ltr'><strong>modi</strong></span> <span class='ocrx_word' id='word_1_270' title='bbox 446 2739 476 2801; x_wconf 96' lang='lat' dir='ltr'><strong>iu</strong></span> <span class='ocrx_word' id='word_1_271' title='bbox 498 2747 625 2820; x_wconf 89' lang='lat' dir='ltr'><strong>utraque</strong></span> <span class='ocrx_word' id='word_1_272' title='bbox 649 2741 769 2801; x_wconf 74' lang='lat' dir='ltr'><strong>tortum</strong></span> <span class='ocrx_word' id='word_1_273' title='bbox 792 2757 849 2820; x_wconf 91' lang='lat' dir='ltr'><strong>quo</strong></span> <span class='ocrx_word' id='word_1_274' title='bbox 874 2742 1050 2821; x_wconf 86' lang='lat' dir='ltr'><strong>exquisitior</strong></span> <span class='ocrx_word' id='word_1_275' title='bbox 1073 2743 1171 2819; x_wconf 86' lang='lat' dir='ltr'><strong>luerit,</strong></span> <span class='ocrx_word' id='word_1_276' title='bbox 1196 2743 1252 2806; x_wconf 93' lang='lat' dir='ltr'><strong>hoc</strong></span> <span class='ocrx_word' id='word_1_277' title='bbox 1273 2745 1385 2806; x_wconf 91' lang='lat' dir='ltr'><strong>certius</strong></span> <span class='ocrx_word' id='word_1_278' title='bbox 1399 2743 1429 2804; x_wconf 92' lang='lat' dir='ltr'><strong>in</strong></span> <span class='ocrx_word' id='word_1_279' title='bbox 1445 2761 1479 2804; x_wconf 90' lang='lat' dir='ltr'><strong>se</strong></span> <span class='ocrx_word' id='word_1_280' title='bbox 1492 2739 1697 2804; x_wconf 89' lang='lat' dir='ltr'><strong>testimonium</strong></span> 
     </span>
     <span class='ocr_line' id='line_1_29' title="bbox 342 2827 820 2890; baseline 0 0"><span class='ocrx_word' id='word_1_281' title='bbox 342 2827 436 2890; x_wconf 88' lang='lat' dir='ltr'><strong>habet</strong></span> <span class='ocrx_word' id='word_1_282' title='bbox 457 2827 613 2889; x_wconf 85' lang='lat' dir='ltr'><strong>fidelitatis</strong></span> <span class='ocrx_word' id='word_1_283' title='bbox 637 2828 666 2888; x_wconf 91' lang='lat' dir='ltr'><strong>in</strong></span> <span class='ocrx_word' id='word_1_284' title='bbox 691 2828 820 2890; x_wconf 89' lang='lat' dir='ltr'><strong>subdito.</strong></span> 
     </span>
    </p>

    <p class='ocr_par' dir='ltr' id='par_1_11' title="bbox 343 2913 1699 3439">
     <span class='ocr_line' id='line_1_30' title="bbox 431 2913 1698 2998; baseline 0 -22"><span class='ocrx_word' id='word_1_285' title='bbox 431 2913 533 2986; x_wconf 82' lang='lat' dir='ltr'><strong>Quare</strong></span> <span class='ocrx_word' id='word_1_286' title='bbox 558 2935 576 2976; x_wconf 94' lang='lat' dir='ltr'><strong>o</strong></span> <span class='ocrx_word' id='word_1_287' title='bbox 599 2932 737 2994; x_wconf 86' lang='lat' dir='ltr'><strong>magnum</strong></span> <span class='ocrx_word' id='word_1_288' title='bbox 762 2917 846 2994; x_wconf 83' lang='lat' dir='ltr'><strong>pacis</strong></span> <span class='ocrx_word' id='word_1_289' title='bbox 871 2923 904 2978; x_wconf 92' lang='lat' dir='ltr'><strong>et</strong></span> <span class='ocrx_word' id='word_1_290' title='bbox 925 2934 1000 2994; x_wconf 86' lang='lat' dir='ltr'><strong>quas</strong></span> <span class='ocrx_word' id='word_1_291' title='bbox 1024 2918 1098 2979; x_wconf 89' lang='lat' dir='ltr'><strong>haec</strong></span> <span class='ocrx_word' id='word_1_292' title='bbox 1121 2917 1231 2980; x_wconf 87' lang='lat' dir='ltr'><strong>educat</strong></span> <span class='ocrx_word' id='word_1_293' title='bbox 1254 2919 1362 2982; x_wconf 87' lang='lat' dir='ltr'><strong>artium</strong></span> <span class='ocrx_word' id='word_1_294' title='bbox 1385 2918 1570 2998; x_wconf 86' lang='lat' dir='ltr'><strong>Augurium,</strong></span> <span class='ocrx_word' id='word_1_295' title='bbox 1594 2915 1698 2996; x_wconf 86' lang='lat' dir='ltr'><strong>Impa-</strong></span> 
     </span>
     <span class='ocr_line' id='line_1_31' title="bbox 344 3003 1699 3082; baseline -0.001 -17"><span class='ocrx_word' id='word_1_296' title='bbox 344 3011 428 3065; x_wconf 85' lang='lat' dir='ltr'><strong>rator</strong></span> <span class='ocrx_word' id='word_1_297' title='bbox 459 3004 699 3082; x_wconf 80' lang='lat' dir='ltr'><strong>Angustissime,</strong></span> <span class='ocrx_word' id='word_1_298' title='bbox 731 3004 809 3064; x_wconf 90' lang='lat' dir='ltr'><strong>huuc</strong></span> <span class='ocrx_word' id='word_1_299' title='bbox 843 3003 990 3074; x_wconf 87' lang='lat' dir='ltr'><strong>libellum,</strong></span> <span class='ocrx_word' id='word_1_300' title='bbox 1015 3005 1092 3066; x_wconf 90' lang='lat' dir='ltr'><strong>hauc</strong></span> <span class='ocrx_word' id='word_1_301' title='bbox 1115 3025 1182 3068; x_wconf 92' lang='lat' dir='ltr'><strong>cum</strong></span> <span class='ocrx_word' id='word_1_302' title='bbox 1214 3007 1312 3069; x_wconf 84' lang='lat' dir='ltr'><strong>Stella</strong></span> <span class='ocrx_word' id='word_1_303' title='bbox 1343 3009 1433 3071; x_wconf 83' lang='lat' dir='ltr'><strong>Nova</strong></span> <span class='ocrx_word' id='word_1_304' title='bbox 1465 3006 1699 3068; x_wconf 87' lang='lat' dir='ltr'><strong>transactionem</strong></span> 
     </span>
     <span class='ocr_line' id='line_1_32' title="bbox 343 3089 1698 3174; baseline -0.001 -21"><span class='ocrx_word' id='word_1_305' title='bbox 343 3089 553 3163; x_wconf 87' lang='lat' dir='ltr'><strong>novissimam,</strong></span> <span class='ocrx_word' id='word_1_306' title='bbox 585 3109 644 3170; x_wconf 90' lang='lat' dir='ltr'><strong>qua</strong></span> <span class='ocrx_word' id='word_1_307' title='bbox 674 3109 722 3152; x_wconf 84' lang='lat' dir='ltr'><strong>mc</strong></span> <span class='ocrx_word' id='word_1_308' title='bbox 755 3091 858 3152; x_wconf 85' lang='lat' dir='ltr'><strong>labore</strong></span> <span class='ocrx_word' id='word_1_309' title='bbox 888 3092 945 3153; x_wconf 92' lang='lat' dir='ltr'><strong>hoc</strong></span> <span class='ocrx_word' id='word_1_310' title='bbox 977 3095 1217 3156; x_wconf 87' lang='lat' dir='ltr'><strong>extraordinario</strong></span> <span class='ocrx_word' id='word_1_311' title='bbox 1249 3097 1372 3157; x_wconf 85' lang='lat' dir='ltr'><strong>exsolvo</strong></span> <span class='ocrx_word' id='word_1_312' title='bbox 1405 3094 1548 3174; x_wconf 87' lang='lat' dir='ltr'><strong>denique,</strong></span> <span class='ocrx_word' id='word_1_313' title='bbox 1580 3093 1698 3154; x_wconf 83' lang='lat' dir='ltr'><strong>sanstus</strong></span> 
     </span>
     <span class='ocr_line' id='line_1_33' title="bbox 344 3177 1697 3262; baseline 0.001 -24"><span class='ocrx_word' id='word_1_314' title='bbox 344 3177 464 3256; x_wconf 83' lang='lat' dir='ltr'><strong>excipe3</strong></span> <span class='ocrx_word' id='word_1_315' title='bbox 488 3179 518 3238; x_wconf 91' lang='lat' dir='ltr'><strong>id</strong></span> <span class='ocrx_word' id='word_1_316' title='bbox 543 3179 678 3257; x_wconf 89' lang='lat' dir='ltr'><strong>quamvis</strong></span> <span class='ocrx_word' id='word_1_317' title='bbox 702 3197 784 3251; x_wconf 88' lang='lat' dir='ltr'><strong>sero,</strong></span> <span class='ocrx_word' id='word_1_318' title='bbox 817 3189 851 3240; x_wconf 91' lang='lat' dir='ltr'><strong>at</strong></span> <span class='ocrx_word' id='word_1_319' title='bbox 873 3199 988 3242; x_wconf 88' lang='lat' dir='ltr'><strong>rursum</strong></span> <span class='ocrx_word' id='word_1_320' title='bbox 1013 3190 1194 3260; x_wconf 88' lang='lat' dir='ltr'><strong>opportune,</strong></span> <span class='ocrx_word' id='word_1_321' title='bbox 1226 3183 1362 3246; x_wconf 88' lang='lat' dir='ltr'><strong>nimirum</strong></span> <span class='ocrx_word' id='word_1_322' title='bbox 1386 3183 1441 3246; x_wconf 90' lang='lat' dir='ltr'><strong>hoc</strong></span> <span class='ocrx_word' id='word_1_323' title='bbox 1465 3182 1531 3262; x_wconf 90' lang='lat' dir='ltr'><strong>ipso</strong></span> <span class='ocrx_word' id='word_1_324' title='bbox 1554 3189 1697 3258; x_wconf 90' lang='lat' dir='ltr'><strong>tempore,</strong></span> 
     </span>
     <span class='ocr_line' id='line_1_34' title="bbox 347 3264 1699 3352; baseline 0.001 -27"><span class='ocrx_word' id='word_1_325' title='bbox 347 3283 404 3345; x_wconf 90' lang='lat' dir='ltr'><strong>quo</strong></span> <span class='ocrx_word' id='word_1_326' title='bbox 419 3264 585 3343; x_wconf 88' lang='lat' dir='ltr'><strong>Ungariam</strong></span> <span class='ocrx_word' id='word_1_327' title='bbox 599 3267 693 3328; x_wconf 83' lang='lat' dir='ltr'><strong>‘iham</strong></span> <span class='ocrx_word' id='word_1_328' title='bbox 711 3267 864 3330; x_wconf 86' lang='lat' dir='ltr'><strong>mitissimi</strong></span> <span class='ocrx_word' id='word_1_329' title='bbox 884 3269 986 3330; x_wconf 87' lang='lat' dir='ltr'><strong>Patris</strong></span> <span class='ocrx_word' id='word_1_330' title='bbox 1009 3269 1106 3332; x_wconf 88' lang='lat' dir='ltr'><strong>instar</strong></span> <span class='ocrx_word' id='word_1_331' title='bbox 1129 3271 1302 3352; x_wconf 85' lang='lat' dir='ltr'><strong>complexus</strong></span> <span class='ocrx_word' id='word_1_332' title='bbox 1321 3273 1365 3334; x_wconf 86' lang='lat' dir='ltr'><strong>ad</strong></span> <span class='ocrx_word' id='word_1_333' title='bbox 1387 3271 1560 3352; x_wconf 85' lang='lat' dir='ltr'><strong>patefactas</strong></span> <span class='ocrx_word' id='word_1_334' title='bbox 1582 3268 1699 3348; x_wconf 88' lang='lat' dir='ltr'><strong>gratiae</strong></span> 
     </span>
     <span class='ocr_line' id='line_1_35' title="bbox 344 3353 1437 3439; baseline 0.008 -26"><span class='ocrx_word' id='word_1_335' title='bbox 344 3353 425 3414; x_wconf 82' lang='lat' dir='ltr'><strong>tores</strong></span> <span class='ocrx_word' id='word_1_336' title='bbox 447 3353 598 3428; x_wconf 91' lang='lat' dir='ltr'><strong>admittis,</strong></span> <span class='ocrx_word' id='word_1_337' title='bbox 628 3373 722 3433; x_wconf 90' lang='lat' dir='ltr'><strong>eaque</strong></span> <span class='ocrx_word' id='word_1_338' title='bbox 745 3373 797 3434; x_wconf 91' lang='lat' dir='ltr'><strong>spe</strong></span> <span class='ocrx_word' id='word_1_339' title='bbox 822 3356 952 3418; x_wconf 88' lang='lat' dir='ltr'><strong>omnium</strong></span> <span class='ocrx_word' id='word_1_340' title='bbox 976 3359 1093 3419; x_wconf 89' lang='lat' dir='ltr'><strong>animos</strong></span> <span class='ocrx_word' id='word_1_341' title='bbox 1116 3366 1148 3419; x_wconf 88' lang='lat' dir='ltr'><strong>et</strong></span> <span class='ocrx_word' id='word_1_342' title='bbox 1171 3368 1244 3420; x_wconf 91' lang='lat' dir='ltr'><strong>vota</strong></span> <span class='ocrx_word' id='word_1_343' title='bbox 1266 3359 1437 3439; x_wconf 88' lang='lat' dir='ltr'><strong>implevisti.</strong></span> 
     </span>
    </p>

    <p class='ocr_par' dir='ltr' id='par_1_12' title="bbox 316 3439 1700 4226">
     <span class='ocr_line' id='line_1_36' title="bbox 432 3439 1699 3525; baseline 0.002 -24"><span class='ocrx_word' id='word_1_344' title='bbox 432 3439 530 3502; x_wconf 91' lang='lat' dir='ltr'><strong>Deum</strong></span> <span class='ocrx_word' id='word_1_345' title='bbox 554 3439 626 3521; x_wconf 91' lang='lat' dir='ltr'><strong>Opt.</strong></span> <span class='ocrx_word' id='word_1_346' title='bbox 651 3443 734 3504; x_wconf 85' lang='lat' dir='ltr'><strong>Max.</strong></span> <span class='ocrx_word' id='word_1_347' title='bbox 757 3443 904 3522; x_wconf 89' lang='lat' dir='ltr'><strong>precabor</strong></span> <span class='ocrx_word' id='word_1_348' title='bbox 927 3445 1062 3525; x_wconf 83' lang='lat' dir='ltr'><strong>supplex,</strong></span> <span class='ocrx_word' id='word_1_349' title='bbox 1093 3455 1126 3508; x_wconf 90' lang='lat' dir='ltr'><strong>ut</strong></span> <span class='ocrx_word' id='word_1_350' title='bbox 1149 3445 1183 3509; x_wconf 81' lang='lat' dir='ltr'><strong>S.</strong></span> <span class='ocrx_word' id='word_1_351' title='bbox 1208 3444 1245 3510; x_wconf 79' lang='grc' dir='ltr'><strong>Ο.</strong></span> <span class='ocrx_word' id='word_1_352' title='bbox 1269 3447 1321 3509; x_wconf 70' lang='grc' dir='ltr'><strong>Μ*ι</strong></span> <span class='ocrx_word' id='word_1_353' title='bbox 1353 3449 1423 3510; x_wconf 74' lang='lat' dir='ltr'><strong>vn·</strong></span> <span class='ocrx_word' id='word_1_354' title='bbox 1452 3446 1555 3515; x_wconf 88' lang='lat' dir='ltr'><strong>vitam,</strong></span> <span class='ocrx_word' id='word_1_355' title='bbox 1578 3443 1699 3504; x_wconf 88' lang='lat' dir='ltr'><strong>valetu-</strong></span> 
     </span>
     <span class='ocr_line' id='line_1_37' title="bbox 343 3527 1699 3616; baseline 0.001 -26"><span class='ocrx_word' id='word_1_356' title='bbox 343 3527 445 3591; x_wconf 91' lang='lat' dir='ltr'><strong>dinem</strong></span> <span class='ocrx_word' id='word_1_357' title='bbox 467 3529 720 3609; x_wconf 84' lang='lat' dir='ltr'><strong>lcelicitatemque</strong></span> <span class='ocrx_word' id='word_1_358' title='bbox 744 3529 912 3593; x_wconf 87' lang='lat' dir='ltr'><strong>diutissime</strong></span> <span class='ocrx_word' id='word_1_359' title='bbox 934 3541 1086 3612; x_wconf 81' lang='lat' dir='ltr'><strong>proroget,</strong></span> <span class='ocrx_word' id='word_1_360' title='bbox 1112 3552 1274 3616; x_wconf 90' lang='lat' dir='ltr'><strong>omnesque</strong></span> <span class='ocrx_word' id='word_1_361' title='bbox 1287 3535 1364 3616; x_wconf 85' lang='lat' dir='ltr'><strong>Ejus</strong></span> <span class='ocrx_word' id='word_1_362' title='bbox 1387 3534 1522 3598; x_wconf 85' lang='lat' dir='ltr'><strong>actiones</strong></span> <span class='ocrx_word' id='word_1_363' title='bbox 1546 3540 1577 3594; x_wconf 89' lang='lat' dir='ltr'><strong>et</strong></span> <span class='ocrx_word' id='word_1_364' title='bbox 1596 3531 1699 3610; x_wconf 85' lang='lat' dir='ltr'><strong>Impe-</strong></span> 
     </span>
     <span class='ocr_line' id='line_1_38' title="bbox 316 3615 1699 3705; baseline -0.001 -27"><span class='ocrx_word' id='word_1_365' title='bbox 316 3665 318 3671; x_wconf 23' lang='grc' dir='ltr'><em>ι</em></span> <span class='ocrx_word' id='word_1_366' title='bbox 342 3617 391 3678; x_wconf 91' lang='lat' dir='ltr'><strong>ria</strong></span> <span class='ocrx_word' id='word_1_367' title='bbox 413 3615 454 3678; x_wconf 91' lang='lat' dir='ltr'><strong>ad</strong></span> <span class='ocrx_word' id='word_1_368' title='bbox 477 3615 523 3679; x_wconf 87' lang='lat' dir='ltr'><strong>sni</strong></span> <span class='ocrx_word' id='word_1_369' title='bbox 536 3615 674 3680; x_wconf 89' lang='lat' dir='ltr'><strong>Nominis</strong></span> <span class='ocrx_word' id='word_1_370' title='bbox 688 3618 825 3697; x_wconf 91' lang='lat' dir='ltr'><strong>gloriam,</strong></span> <span class='ocrx_word' id='word_1_371' title='bbox 849 3620 969 3682; x_wconf 91' lang='lat' dir='ltr'><strong>humani</strong></span> <span class='ocrx_word' id='word_1_372' title='bbox 993 3621 1112 3700; x_wconf 87' lang='lat' dir='ltr'><strong>generis</strong></span> <span class='ocrx_word' id='word_1_373' title='bbox 1135 3624 1265 3686; x_wconf 90' lang='lat' dir='ltr'><strong>salutem</strong></span> <span class='ocrx_word' id='word_1_374' title='bbox 1287 3627 1388 3705; x_wconf 86' lang='lat' dir='ltr'><strong>reique</strong></span> <span class='ocrx_word' id='word_1_375' title='bbox 1408 3623 1490 3703; x_wconf 90' lang='lat' dir='ltr'><strong>publ.</strong></span> <span class='ocrx_word' id='word_1_376' title='bbox 1507 3617 1699 3685; x_wconf 73' lang='lat' dir='ltr'><strong>Christianae</strong></span> 
     </span>
     <span class='ocr_line' id='line_1_39' title="bbox 343 3704 1699 3792; baseline 0.004 -27"><span class='ocrx_word' id='word_1_377' title='bbox 343 3704 548 3767; x_wconf 82' lang='lat' dir='ltr'><strong>defensionem</strong></span> <span class='ocrx_word' id='word_1_378' title='bbox 571 3711 698 3783; x_wconf 89' lang='lat' dir='ltr'><strong>paterne</strong></span> <span class='ocrx_word' id='word_1_379' title='bbox 723 3705 845 3786; x_wconf 87' lang='lat' dir='ltr'><strong>dirigat,</strong></span> <span class='ocrx_word' id='word_1_380' title='bbox 869 3709 1003 3789; x_wconf 89' lang='lat' dir='ltr'><strong>adeoque</strong></span> <span class='ocrx_word' id='word_1_381' title='bbox 1017 3719 1183 3791; x_wconf 79' lang='lat' dir='ltr'><strong>prosperet,</strong></span> <span class='ocrx_word' id='word_1_382' title='bbox 1209 3720 1243 3774; x_wconf 90' lang='lat' dir='ltr'><strong>ut</strong></span> <span class='ocrx_word' id='word_1_383' title='bbox 1261 3731 1299 3774; x_wconf 87' lang='lat' dir='ltr'><strong>ex</strong></span> <span class='ocrx_word' id='word_1_384' title='bbox 1317 3732 1355 3775; x_wconf 91' lang='lat' dir='ltr'><strong>ea</strong></span> <span class='ocrx_word' id='word_1_385' title='bbox 1368 3711 1570 3792; x_wconf 87' lang='lat' dir='ltr'><strong>prosperitate</strong></span> <span class='ocrx_word' id='word_1_386' title='bbox 1584 3723 1699 3770; x_wconf 81' lang='lat' dir='ltr'><strong>rursum</strong></span> 
     </span>
     <span class='ocr_line' id='line_1_40' title="bbox 345 3790 1697 3880; baseline 0 -26"><span class='ocrx_word' id='word_1_387' title='bbox 345 3799 378 3854; x_wconf 85' lang='lat' dir='ltr'><strong>et</strong></span> <span class='ocrx_word' id='word_1_388' title='bbox 396 3793 560 3856; x_wconf 86' lang='lat' dir='ltr'><strong>astronomi</strong></span> <span class='ocrx_word' id='word_1_389' title='bbox 584 3795 620 3854; x_wconf 88' lang='lat' dir='ltr'><strong>de</strong></span> <span class='ocrx_word' id='word_1_390' title='bbox 653 3792 763 3856; x_wconf 89' lang='lat' dir='ltr'><strong>studiis</strong></span> <span class='ocrx_word' id='word_1_391' title='bbox 792 3797 856 3858; x_wconf 88' lang='lat' dir='ltr'><strong>suis</strong></span> <span class='ocrx_word' id='word_1_392' title='bbox 883 3797 959 3858; x_wconf 87' lang='lat' dir='ltr'><strong>hese</strong></span> <span class='ocrx_word' id='word_1_393' title='bbox 989 3798 1114 3860; x_wconf 89' lang='lat' dir='ltr'><strong>ominari</strong></span> <span class='ocrx_word' id='word_1_394' title='bbox 1138 3799 1285 3862; x_wconf 89' lang='lat' dir='ltr'><strong>audeant:</strong></span> <span class='ocrx_word' id='word_1_395' title='bbox 1317 3801 1499 3880; x_wconf 88' lang='lat' dir='ltr'><strong>tandemque</strong></span> <span class='ocrx_word' id='word_1_396' title='bbox 1529 3796 1581 3859; x_wconf 91' lang='lat' dir='ltr'><strong>ubi</strong></span> <span class='ocrx_word' id='word_1_397' title='bbox 1603 3794 1637 3858; x_wconf 92' lang='lat' dir='ltr'><strong>S.</strong></span> <span class='ocrx_word' id='word_1_398' title='bbox 1661 3790 1697 3854; x_wconf 85' lang='grc' dir='ltr'><strong>Ο.</strong></span> 
     </span>
     <span class='ocr_line' id='line_1_41' title="bbox 343 3880 1699 3961; baseline 0 -19"><span class='ocrx_word' id='word_1_399' title='bbox 343 3881 412 3942; x_wconf 61' lang='lat' dir='ltr'><strong>M*-</strong></span> <span class='ocrx_word' id='word_1_400' title='bbox 445 3880 502 3941; x_wconf 66' lang='grc' dir='ltr'><strong>Ψ·</strong></span> <span class='ocrx_word' id='word_1_401' title='bbox 537 3881 648 3943; x_wconf 88' lang='lat' dir='ltr'><strong>bellum</strong></span> <span class='ocrx_word' id='word_1_402' title='bbox 671 3883 728 3944; x_wconf 93' lang='lat' dir='ltr'><strong>hoc</strong></span> <span class='ocrx_word' id='word_1_403' title='bbox 751 3881 920 3946; x_wconf 88' lang='lat' dir='ltr'><strong>diuturnum</strong></span> <span class='ocrx_word' id='word_1_404' title='bbox 951 3903 1016 3947; x_wconf 90' lang='lat' dir='ltr'><strong>cum</strong></span> <span class='ocrx_word' id='word_1_405' title='bbox 1048 3887 1218 3949; x_wconf 87' lang='lat' dir='ltr'><strong>infidelibus</strong></span> <span class='ocrx_word' id='word_1_406' title='bbox 1252 3889 1399 3952; x_wconf 81' lang='lat' dir='ltr'><strong>foeliciter</strong></span> <span class='ocrx_word' id='word_1_407' title='bbox 1425 3885 1602 3957; x_wconf 84' lang='lat' dir='ltr'><strong>coulecerit;</strong></span> <span class='ocrx_word' id='word_1_408' title='bbox 1633 3883 1699 3961; x_wconf 87' lang='lat' dir='ltr'><strong>ipse</strong></span> 
     </span>
     <span class='ocr_line' id='line_1_42' title="bbox 343 3969 1700 4054; baseline 0.011 -26"><span class='ocrx_word' id='word_1_409' title='bbox 343 3985 462 4048; x_wconf 90' lang='lat' dir='ltr'><strong>qnoque</strong></span> <span class='ocrx_word' id='word_1_410' title='bbox 485 3969 523 4030; x_wconf 89' lang='lat' dir='ltr'><strong>de</strong></span> <span class='ocrx_word' id='word_1_411' title='bbox 547 3987 614 4031; x_wconf 87' lang='lat' dir='ltr'><strong>meo</strong></span> <span class='ocrx_word' id='word_1_412' title='bbox 646 3970 749 4032; x_wconf 86' lang='lat' dir='ltr'><strong>labore</strong></span> <span class='ocrx_word' id='word_1_413' title='bbox 779 3973 995 4048; x_wconf 85' lang='lat' dir='ltr'><strong>astronomlco,</strong></span> <span class='ocrx_word' id='word_1_414' title='bbox 1028 3975 1075 4036; x_wconf 92' lang='lat' dir='ltr'><strong>cui</strong></span> <span class='ocrx_word' id='word_1_415' title='bbox 1098 3995 1117 4036; x_wconf 92' lang='lat' dir='ltr'><strong>a</strong></span> <span class='ocrx_word' id='word_1_416' title='bbox 1140 3973 1172 4037; x_wconf 89' lang='lat' dir='ltr'><strong>S.</strong></span> <span class='ocrx_word' id='word_1_417' title='bbox 1196 3973 1233 4039; x_wconf 82' lang='lat' dir='ltr'><strong>G.</strong></span> <span class='ocrx_word' id='word_1_418' title='bbox 1256 3977 1314 4039; x_wconf 68' lang='grc' dir='ltr'><strong>Μ’·</strong></span> <span class='ocrx_word' id='word_1_419' title='bbox 1340 3977 1397 4038; x_wconf 64' lang='grc' dir='ltr'><strong>Ψ·</strong></span> <span class='ocrx_word' id='word_1_420' title='bbox 1422 3993 1487 4039; x_wconf 88' lang='lat' dir='ltr'><strong>sum</strong></span> <span class='ocrx_word' id='word_1_421' title='bbox 1517 3971 1700 4054; x_wconf 72' lang='lat' dir='ltr'><strong>praelectus.</strong></span> 
     </span>
     <span class='ocr_line' id='line_1_43' title="bbox 342 4057 1700 4144; baseline 0.001 -27"><span class='ocrx_word' id='word_1_422' title='bbox 342 4057 381 4117; x_wconf 91' lang='lat' dir='ltr'><strong>de</strong></span> <span class='ocrx_word' id='word_1_423' title='bbox 403 4058 594 4136; x_wconf 85' lang='lat' dir='ltr'><strong>planetarum</strong></span> <span class='ocrx_word' id='word_1_424' title='bbox 617 4058 683 4120; x_wconf 91' lang='lat' dir='ltr'><strong>scil.</strong></span> <span class='ocrx_word' id='word_1_425' title='bbox 707 4059 908 4136; x_wconf 89' lang='lat' dir='ltr'><strong>restitutione,</strong></span> <span class='ocrx_word' id='word_1_426' title='bbox 928 4061 1070 4141; x_wconf 83' lang='lat' dir='ltr'><strong>Ejusdem</strong></span> <span class='ocrx_word' id='word_1_427' title='bbox 1094 4060 1156 4124; x_wconf 62' lang='lat' dir='ltr'><strong>Ml·</strong></span> <span class='ocrx_word' id='word_1_428' title='bbox 1179 4063 1248 4124; x_wconf 58' lang='lat' dir='ltr'><strong>V*</strong></span> <span class='ocrx_word' id='word_1_429' title='bbox 1275 4063 1420 4128; x_wconf 88' lang='lat' dir='ltr'><strong>subsidiis</strong></span> <span class='ocrx_word' id='word_1_430' title='bbox 1445 4063 1567 4144; x_wconf 86' lang='lat' dir='ltr'><strong>adjutus</strong></span> <span class='ocrx_word' id='word_1_431' title='bbox 1589 4058 1700 4122; x_wconf 80' lang='lat' dir='ltr'><strong>uium-</strong></span> 
     </span>
     <span class='ocr_line' id='line_1_44' title="bbox 341 4144 732 4226; baseline 0.015 -22"><span class='ocrx_word' id='word_1_432' title='bbox 341 4145 435 4224; x_wconf 90' lang='lat' dir='ltr'><strong>phara</strong></span> <span class='ocrx_word' id='word_1_433' title='bbox 459 4144 587 4226; x_wconf 85' lang='lat' dir='ltr'><strong>deniqne</strong></span> <span class='ocrx_word' id='word_1_434' title='bbox 609 4147 732 4225; x_wconf 87' lang='lat' dir='ltr'><strong>possim.</strong></span> 
     </span>
    </p>

    <p class='ocr_par' dir='ltr' id='par_1_13' title="bbox 432 4231 1701 4320">
     <span class='ocr_line' id='line_1_45' title="bbox 432 4231 1701 4320; baseline 0.003 -27"><span class='ocrx_word' id='word_1_435' title='bbox 432 4231 466 4293; x_wconf 88' lang='lat' dir='ltr'><strong>S.</strong></span> <span class='ocrx_word' id='word_1_436' title='bbox 501 4232 592 4295; x_wconf 84' lang='lat' dir='ltr'><strong>ans.</strong></span> <span class='ocrx_word' id='word_1_437' title='bbox 624 4233 677 4296; x_wconf 66' lang='lat' dir='ltr'><strong>Ml</strong></span> <span class='ocrx_word' id='word_1_438' title='bbox 718 4235 787 4295; x_wconf 71' lang='lat' dir='ltr'><strong>vm</strong></span> <span class='ocrx_word' id='word_1_439' title='bbox 824 4253 872 4296; x_wconf 92' lang='lat' dir='ltr'><strong>me</strong></span> <span class='ocrx_word' id='word_1_440' title='bbox 904 4237 1125 4316; x_wconf 87' lang='lat' dir='ltr'><strong>subjectissime</strong></span> <span class='ocrx_word' id='word_1_441' title='bbox 1158 4240 1342 4305; x_wconf 87' lang='lat' dir='ltr'><strong>commendo.</strong></span> <span class='ocrx_word' id='word_1_442' title='bbox 1389 4241 1522 4320; x_wconf 87' lang='lat' dir='ltr'><strong>Pragae,</strong></span> <span class='ocrx_word' id='word_1_443' title='bbox 1554 4232 1701 4317; x_wconf 82' lang='lat' dir='ltr'><strong>postridie</strong></span> 
     </span>
    </p>
   </div>
   <div class='ocr_carea' id='block_1_9' title="bbox 343 4317 1811 4422">
    <p class='ocr_par' dir='ltr' id='par_1_14' title="bbox 343 4317 1811 4422">
     <span class='ocr_line' id='line_1_46' title="bbox 343 4317 1811 4422; baseline 0.001 -40"><span class='ocrx_word' id='word_1_444' title='bbox 343 4317 449 4382; x_wconf 84' lang='lat' dir='ltr'><strong>Nonas</strong></span> <span class='ocrx_word' id='word_1_445' title='bbox 481 4319 692 4400; x_wconf 88' lang='lat' dir='ltr'><strong>Septembres,</strong></span> <span class='ocrx_word' id='word_1_446' title='bbox 731 4341 809 4384; x_wconf 88' lang='lat' dir='ltr'><strong>anno</strong></span> <span class='ocrx_word' id='word_1_447' title='bbox 839 4341 861 4383; x_wconf 88' lang='lat' dir='ltr'><strong>a</strong></span> <span class='ocrx_word' id='word_1_448' title='bbox 893 4332 964 4386; x_wconf 88' lang='lat' dir='ltr'><strong>nato</strong></span> <span class='ocrx_word' id='word_1_449' title='bbox 998 4323 1119 4387; x_wconf 86' lang='lat' dir='ltr'><strong>Christo</strong></span> <span class='ocrx_word' id='word_1_450' title='bbox 1152 4329 1330 4401; x_wconf 89' lang='lat' dir='ltr'><strong>(secundum</strong></span> <span class='ocrx_word' id='word_1_451' title='bbox 1362 4331 1507 4394; x_wconf 87' lang='lat' dir='ltr'><strong>usitatum</strong></span> <span class='ocrx_word' id='word_1_452' title='bbox 1539 4322 1701 4394; x_wconf 90' lang='lat' dir='ltr'><strong>calculum)</strong></span> <span class='ocrx_word' id='word_1_453' title='bbox 1810 4343 1811 4422; x_wconf 55' lang='lat' dir='ltr'><strong>q</strong></span> 
     </span>
    </p>
   </div>
   <div class='ocr_carea' id='block_1_10' title="bbox 290 4405 1607 4668">
    <p class='ocr_par' dir='ltr' id='par_1_15' title="bbox 290 4405 1607 4668">
     <span class='ocr_line' id='line_1_47' title="bbox 290 4405 866 4474; baseline 0.01 -9"><span class='ocrx_word' id='word_1_454' title='bbox 290 4409 294 4416; x_wconf 84' lang='grc'><em>’</em></span> <span class='ocrx_word' id='word_1_455' title='bbox 344 4405 503 4468; x_wconf 90' lang='lat' dir='ltr'><strong>millesimo</strong></span> <span class='ocrx_word' id='word_1_456' title='bbox 526 4411 744 4473; x_wconf 86' lang='lat' dir='ltr'><strong>sexcentesimo</strong></span> <span class='ocrx_word' id='word_1_457' title='bbox 768 4420 866 4474; x_wconf 84' lang='lat' dir='ltr'><strong>sexto.</strong></span> 
     </span>
     <span class='ocr_line' id='line_1_48' title="bbox 855 4495 1547 4582; baseline 0.004 -22"><span class='ocrx_word' id='word_1_458' title='bbox 855 4495 889 4561; x_wconf 87' lang='lat' dir='ltr'><strong>S.</strong></span> <span class='ocrx_word' id='word_1_459' title='bbox 914 4495 951 4562; x_wconf 81' lang='lat'><strong>0.</strong></span> <span class='ocrx_word' id='word_1_460' title='bbox 975 4499 1098 4582; x_wconf 89' lang='lat' dir='ltr'><strong>Majest.</strong></span> <span class='ocrx_word' id='word_1_461' title='bbox 1122 4501 1180 4562; x_wconf 69' lang='lat' dir='ltr'><strong>V*</strong></span> <span class='ocrx_word' id='word_1_462' title='bbox 1540 4575 1547 4582; x_wconf 36' lang='lat'>‚</span> 
     </span>
     <span class='ocr_line' id='line_1_49' title="bbox 1110 4587 1607 4668; baseline 0.002 -18"><span class='ocrx_word' id='word_1_463' title='bbox 1110 4589 1351 4668; x_wconf 86' lang='lat' dir='ltr'><strong>subjectissimus</strong></span> <span class='ocrx_word' id='word_1_464' title='bbox 1374 4587 1607 4658; x_wconf 82' lang='lat' dir='ltr'><strong>Mathematicus</strong></span> 
     </span>
    </p>
   </div>
   <div class='ocr_carea' id='block_1_11' title="bbox 1185 4679 1533 4768">
    <p class='ocr_par' dir='ltr' id='par_1_16' title="bbox 1185 4679 1533 4768">
     <span class='ocr_line' id='line_1_50' title="bbox 1185 4679 1533 4768; baseline 0.011 -26"><span class='ocrx_word' id='word_1_465' title='bbox 1185 4679 1328 4746; x_wconf 77' lang='lat' dir='ltr'><strong>Jocsmea</strong></span> <span class='ocrx_word' id='word_1_466' title='bbox 1343 4681 1533 4768; x_wconf 67' lang='lat' dir='ltr'><strong>Kepplesasa.</strong></span> 
     </span>
    </p>
   </div>
   <div class='ocr_carea' id='block_1_12' title="bbox 903 4811 1140 4824">
    <p class='ocr_par' dir='ltr' id='par_1_17' title="bbox 903 4811 1140 4824">
     <span class='ocr_line' id='line_1_51' title="bbox 903 4811 1140 4824; baseline 0 -4"><span class='ocrx_word' id='word_1_467' title='bbox 903 4811 1140 4824; x_wconf 54' lang='lat' dir='ltr'>Q</span> 
     </span>
    </p>
   </div>
   <div class='ocr_carea' id='block_1_13' title="bbox 0 0 1854 5530">
    <p class='ocr_par' dir='ltr' id='par_1_18' title="bbox 0 0 1854 5530">
     <span class='ocr_line' id='line_1_52' title="bbox 0 0 1854 5530; baseline 0 1"><span class='ocrx_word' id='word_1_468' title='bbox 0 0 1854 5530; x_wconf 95' lang='lat' dir='ltr'><strong> </strong></span> 
     </span>
    </p>
   </div>
  </div>
 </body>
</html>
