3674 5538
780 319 865 385 Gerus
879 315 900 370 1.
1453 321 1510 391 131

245 495 381 558 Primum
418 494 547 558 omniurn
579 515 678 558 rerum
710 505 821 558 natura
841 477 939 559 Deum
967 499 1168 575 conditorem,
1203 505 1347 580 quantum
1381 522 1515 583 quaeque

162 603 230 644 suae
254 585 410 646 essentiae
436 585 606 646 conditione
629 585 743 664 potuit,
769 595 998 665 repraesentare
1023 587 1136 649 debuit.
1181 589 1261 650 Nam
1286 609 1353 652 cum
1369 589 1516 655 Conditor

164 673 405 753 sapientissimus
429 674 531 734 omnia
554 673 691 734 studeret
719 692 807 752 quam
844 675 976 754 optima,
1010 677 1204 738 ornatissima
1230 682 1514 756 praestantissima-

164 780 215 842 que
247 763 388 824 efficere:
423 762 498 823 nihil
521 781 554 824 se
582 763 648 841 ipso
672 762 779 824 melius
811 764 1020 843 ornatiusque,
1055 764 1129 826 nibil
1161 769 1368 845 praestantius
1391 773 1513 850 reperit.

164 851 329 930 Propterea
349 869 422 912 cnm
453 869 626 931 corporeum
651 851 789 913 mundum
818 853 951 932 agitaret
982 854 1098 926 animo,
1134 855 1259 916 lormam
1288 858 1314 917 ei
1348 857 1516 921 destinavit

164 939 221 1001 sibi
245 939 305 1018 ipsi
327 959 419 1019 qnam
443 940 635 1002 simillimam.
682 940 760 1001 Hinc
784 951 881 1003 ortum
903 949 1000 1002 totum
1026 942 1228 1022 quantitatum
1251 963 1346 1024 genus
1371 956 1402 1007 et
1426 948 1453 1007 in
1480 967 1515 1009 eo

165 1027 245 1090 curvi
267 1029 403 1108 rectique
428 1028 602 1091 discrimina
623 1030 944 1109 praestantissimaque
959 1031 1089 1092 omnium
1104 1031 1208 1110 ligura,
1233 1033 1393 1112 sphaerica
1407 1053 1515 1115 super-

164 1117 253 1179 licies.
300 1117 380 1178 Nam
405 1117 435 1178 ia
459 1137 497 1178 ea
519 1117 674 1179 formanda
702 1118 772 1180 lusit
795 1119 1036 1198 sapientissimus
1060 1118 1207 1181 Conditor
1240 1123 1413 1184 adorandae
1443 1143 1516 1186 suaa

164 1205 325 1268 Trinitatis
356 1207 528 1286 imaginem.
581 1206 660 1268 Hinc
692 1207 790 1268 centri
821 1215 962 1287 punctum
997 1214 1045 1270 est
1072 1209 1221 1286 sphaerici
1253 1211 1399 1290 quaedam
1432 1215 1517 1292 quasi

165 1294 261 1372 origo,
295 1293 469 1375 superficies
499 1295 603 1374 puncti
635 1295 731 1357 intimi
761 1296 859 1376 imago
891 1307 923 1358 et
946 1296 995 1357 via
1019 1297 1057 1357 ad
1082 1297 1110 1357 id
1143 1297 1351 1361 inveniendum
1381 1319 1517 1381 quaeque

167 1382 282 1444 infinito
313 1383 416 1461 puncti
450 1401 572 1462 egressu
604 1403 642 1445 ex
665 1403 698 1444 se
731 1385 796 1465 ipso
826 1403 918 1465 nsque
950 1386 989 1446 ad
1013 1385 1161 1465 quandam
1185 1387 1314 1450 omnium
1343 1404 1518 1468 egressnnm

164 1471 382 1550 aequalitatem
405 1472 490 1552 gigni
512 1471 707 1552 intelligitur,
741 1481 852 1552 puncto
881 1493 914 1534 se
943 1473 973 1534 in
998 1475 1075 1534 hanc
1103 1475 1328 1554 amplitudinem
1352 1479 1518 1541 communi-

165 1569 273 1634 cante,
299 1561 344 1621 sic
367 1570 403 1621 nt
425 1569 565 1639 punctum
590 1575 621 1622 et
644 1562 831 1642 superficies,
857 1562 1017 1624 densitatis
1042 1581 1107 1624 cum
1123 1563 1317 1642 amplitudine
1332 1575 1519 1628 commutata

163 1650 375 1728 proportione,
401 1651 464 1711 sint
487 1650 636 1728 aequalia.
683 1651 761 1712 Hinc
785 1661 834 1712 est
857 1651 984 1730 undique
1007 1661 1148 1731 punctum
1176 1653 1255 1725 iuter
1277 1662 1309 1717 et
1332 1657 1518 1734 superficiem

166 1737 396 1799 absolutissima
410 1739 597 1818 aequalitas,
622 1739 794 1802 arctissima
808 1740 892 1814 nnio,
915 1741 1116 1820 pulcherrima
1131 1743 1328 1821 conspiratio,
1354 1763 1516 1818 connexus,

165 1825 293 1900 relatio,
319 1827 489 1906 proportio,
515 1845 713 1890 commensus.
752 1827 886 1911 Cumque
903 1829 961 1890 tria
979 1829 1042 1890 sint
1063 1830 1162 1909 plane,
1187 1839 1329 1908 centrum,
1347 1834 1519 1912 superficies

165 1925 197 1976 et
219 1917 427 1991 intervallum,
452 1917 498 1978 ita
520 1925 620 1978 tamen
646 1936 736 1978 unum
759 1926 842 1994 sunt,
868 1927 902 1978 ut
924 1919 1036 1979 nullom
1051 1937 1088 1978 ne
1109 1919 1244 1998 cogitatu
1268 1921 1386 2002 quidem
1411 1923 1518 1984 abesse

165 2004 265 2084 possit
287 2005 356 2085 quin
382 2013 479 2067 toturn
502 2006 684 2069 destruatur.

255 2093 341 2155 Haec
364 2094 456 2172 igitur
480 2096 625 2174 genuina,
649 2095 723 2156 haec
748 2093 905 2174 aptissima
929 2095 1063 2173 corporei
1088 2095 1188 2156 mundi
1212 2104 1262 2157 cst
1283 2097 1400 2177 imago,
1430 2115 1519 2178 qnam

166 2183 215 2242 rel
239 2182 420 2263 simpliciter
444 2185 491 2245 rel
515 2193 655 2265 respectu
674 2184 802 2264 quodam
826 2183 952 2262 suscipit
977 2183 1116 2263 quicquid
1138 2185 1175 2244 ad
1195 2205 1340 2248 summam
1355 2185 1519 2265 perfectio-

169 2291 236 2332 nem
260 2273 340 2334 inter
362 2291 523 2352 corporeas
548 2283 703 2336 creaturas
736 2272 861 2353 aspirat.
908 2272 1074 2350 Propterea
1097 2291 1223 2352 corpora
1254 2274 1334 2354 ipsa,
1368 2289 1433 2337 cnm
1467 2295 1520 2354 per

170 2377 239 2420 sese
263 2379 385 2422 suarum
408 2361 628 2441 superficierum
657 2362 765 2423 linibus
799 2361 1023 2422 continerentur
1046 2380 1100 2422 neo
1128 2381 1196 2422 sese
1224 2361 1292 2442 ipsa
1321 2364 1520 2443 multiplicare

167 2457 295 2526 possent
317 2449 348 2510 in
372 2451 489 2525 orbern,
522 2453 614 2512 variis
639 2460 709 2512 sunt
730 2450 870 2530 praedita
894 2449 1067 2524 virtutibus,
1100 2468 1175 2530 quae
1207 2451 1377 2514 nidulantes
1401 2453 1520 2532 quidem

167 2537 198 2597 in
222 2537 416 2618 corporibus,
441 2557 474 2598 se
493 2539 568 2618 ipsis
583 2558 653 2601 vero
672 2541 762 2619 paulo
783 2539 937 2600 liberiores
952 2549 984 2600 et
997 2540 1127 2600 materia
1143 2549 1282 2601 carentes
1297 2559 1450 2620 corporea,
1467 2543 1519 2602 sed

167 2643 223 2686 sna
256 2626 384 2706 quadam
422 2638 597 2708 constantes
630 2627 770 2702 materia,
805 2647 881 2707 quac
915 2627 1117 2688 dimensiones
1150 2629 1277 2706 suscipit
1310 2631 1519 2708 geometricas,

168 2715 384 2794 egrederentur
407 2715 566 2798 orbemque
592 2717 799 2778 adfectarent:
824 2726 857 2777 ut
879 2716 1040 2796 praecipue
1064 2715 1092 2777 in
1113 2728 1252 2796 magnete
1267 2718 1320 2778 sed
1341 2726 1372 2779 et
1395 2719 1424 2778 in
1441 2720 1519 2779 mul-

168 2803 208 2864 tia
232 2803 303 2864 aliis
326 2804 408 2865 clare
433 2815 569 2885 apparet.
617 2803 696 2875 Quid
720 2805 825 2866 mirum
849 2805 955 2884 igitur,
990 2805 1015 2866 si
1048 2805 1224 2884 principium
1257 2807 1330 2868 illud
1363 2807 1458 2867 omnis
1491 2807 1519 2867 in

168 2893 278 2954 mundo
302 2903 442 2970 ornatus,
468 2894 546 2973 quod
571 2895 689 2955 divinus
710 2895 813 2956 Moses
838 2893 924 2974 quasi
946 2893 1094 2974 quoddam
1114 2892 1269 2956 Crantoris
1293 2895 1520 2957 instrumentum

173 2981 210 3040 ad
235 2981 392 3060 figuranda
416 2990 449 3042 et
471 2983 642 3062 vegetanda
665 2983 764 3046 omnia
788 2983 835 3044 die
860 2982 964 3044 statim
988 2985 1082 3062 primo
1107 2983 1135 3044 in
1159 2984 1317 3044 rrrnteriam
1340 2983 1390 3044 vir
1414 2984 1520 3045 condi-

169 3081 233 3130 tam
258 3071 437 3144 introducit,
471 3072 497 3133 si
525 3073 582 3134 hoc
610 3073 730 3151 inquam
760 3071 936 3153 principium
968 3081 1000 3132 et
1028 3091 1076 3132 res
1103 3075 1132 3134 in
1157 3080 1222 3134 toto
1246 3091 1388 3152 corporeo
1412 3073 1521 3134 mundo

166 3160 447 3237 praestantissima,
477 3161 587 3222 matrix
612 3160 783 3222 animalium
802 3160 980 3222 facultatum
999 3161 1205 3241 vinculumque
1228 3163 1363 3239 corporei
1383 3171 1415 3224 et
1429 3161 1521 3241 spiri-

168 3247 261 3308 tualis
284 3247 401 3322 mnndi,
427 3249 457 3309 in
481 3248 564 3329 leges
588 3250 711 3311 easdem
735 3249 923 3322 transiverit,
948 3249 1055 3331 quibus
1078 3250 1204 3312 mundus
1229 3261 1296 3312 erat
1319 3251 1520 3312 exornandus.

167 3333 222 3398 Sol
247 3335 350 3416 itaque
373 3355 483 3416 corpus
507 3348 555 3400 est
578 3339 751 3419 quodpiam,
783 3339 811 3398 iu
836 3355 871 3400 eo
895 3337 970 3400 baec
984 3349 1061 3400 ‘sese
1085 3339 1173 3400 rebus
1197 3339 1332 3400 omnibns
1357 3340 1522 3400 communi·

168 3423 258 3486 candi
282 3425 429 3498 facultas,
455 3445 543 3506 quam
569 3427 664 3488 lucem
684 3427 886 3506 appellamus,
911 3427 957 3488 cui
981 3428 1028 3489 rel
1053 3427 1090 3488 ob
1114 3428 1192 3488 hanc
1207 3445 1328 3488 causam
1352 3429 1467 3489 medius
1491 3428 1521 3488 in

167 3525 234 3575 toto
259 3513 370 3574 mundo
394 3516 478 3576 locus
502 3523 532 3576 et
556 3523 691 3576 centrum
716 3515 857 3591 debetur,
882 3524 916 3577 ut
935 3515 1133 3595 aequabiliter
1155 3524 1300 3595 perpetuo
1325 3536 1391 3576 sese
1416 3517 1444 3597 in
1470 3533 1521 3576 or-

169 3601 236 3664 bem
260 3611 358 3664 totum
382 3603 570 3666 diffunderet.
618 3603 719 3665 Solem
743 3605 842 3665 omnia
867 3604 927 3666 alia
955 3623 1031 3684 quae
1064 3603 1138 3666 lucis
1168 3613 1238 3665 sunt
1268 3605 1429 3684 participia
1451 3604 1521 3664 imi-

169 3700 283 3753 tantur.
320 3690 369 3752 Ex
393 3691 451 3753 bac
474 3693 714 3754 consideratione
730 3693 814 3773 quasi
838 3692 985 3773 quaedam
1009 3692 1229 3772 propositiones
1254 3693 1335 3768 fient,
1361 3711 1436 3772 qnae
1452 3700 1524 3752 sunt

169 3781 250 3860 apud
273 3779 446 3854 Euclidem,
474 3781 666 3844 Vitellionem
691 3789 723 3842 et
746 3791 863 3844 ceteros
888 3781 966 3845 inter
989 3781 1145 3860 principia.

256 3869 479 3948 Propositio
504 3872 527 3933 1.
567 3870 656 3932 Luci
680 3871 848 3931 eiflunus
873 3871 933 3931 vel
965 3869 1180 3949 ejaculatio
1204 3866 1388 3945 competit
1412 3885 1430 3926 a
1453 3885 1522 3926 sna

169 3959 318 4040 origine
342 3957 375 4019 in
401 3959 522 4020 locum
546 3959 765 4021 distantem.
813 3959 934 4021 Dictum
959 3960 1036 4024 erriru
1061 3967 1110 4019 est
1131 3957 1271 4018 debuisse
1291 3955 1372 4015 illam
1389 3971 1521 4014 commu-

170 4047 260 4112 nicari
289 4047 464 4126 corporibus
489 4049 636 4109 omnibns.
683 4047 730 4108 Ea
753 4047 981 4109 communicatio
1004 4047 1067 4109 ficri
1091 4047 1194 4107 debuit
1209 4043 1423 4104 dimensionum
1448 4061 1522 4103 cou-

165 4137 342 4214 junctionc:
379 4135 509 4198 diximus
533 4137 612 4197 enim
645 4137 753 4198 cadere
779 4137 874 4197 lucem
898 4137 926 4196 in
951 4136 1034 4215 leges
1063 4133 1260 4215 geometricas
1285 4141 1316 4192 et
1339 4131 1522 4192 considerari

170 4226 197 4287 in
229 4227 297 4290 loco
329 4235 364 4286 nt
394 4243 503 4304 corpus
531 4225 756 4305 geometricum.
804 4224 885 4302 Ergo
915 4223 1179 4286 communicabitur
1209 4231 1262 4282 ant
1289 4239 1342 4300 per·
1364 4237 1520 4280 accessum

171 4316 258 4379 fontis
281 4315 330 4378 sni
356 4313 485 4388 adres,
517 4314 594 4394 qnod
627 4313 787 4376 absurdum
820 4322 869 4373 est
896 4327 927 4372 et
961 4313 1187 4374 courmunicatio
1216 4309 1314 4381 nulla;
1349 4307 1524 4388 relinquitur

170 4404 272 4482 igitur,
300 4411 334 4466 ut
356 4421 414 4484 per
439 4403 640 4482 egressionem
666 4401 790 4464 localem
815 4402 1013 4481 eillurmmqne
1038 4421 1059 4460 a
1080 4419 1203 4478 corpore
1228 4416 1292 4459 suo.

250 4495 363 4574 Prop.
382 4493 424 4554 ΙΙ.
463 4491 639 4554 Punctum
664 4490 867 4572 quodlibet
889 4489 1055 4550 infinitis
1079 4506 1225 4548 nurnero
1250 4485 1363 4547 lineis
1383 4483 1522 4546 effluit.

166 4581 294 4650 Scilicet
326 4591 364 4644 ut
391 4581 496 4642 orbem
519 4598 636 4641 omnem
660 4579 852 4641 circumcirca
874 4579 1018 4652 illustret,
1053 4575 1130 4656 quod
1160 4575 1223 4636 lieri
1254 4573 1362 4635 debers
1386 4573 1523 4635 diximus.

159 4673 361 4758 Splracricnm
389 4673 493 4731 autern
512 4667 643 4730 infinitas
666 4669 759 4730 babet
782 4669 886 4729 lineas.

241 4767 361 4842 Prop.
381 4757 441 4822 111.
475 4757 555 4818 Lux
578 4756 725 4836 seipsa
746 4755 786 4816 in
811 4749 1208 4831 inlinitumprogredi
1232 4757 1417 4828 aptaest.
1447 4748 1524 4812 Cum

153 4860 229 4924 enirn
255 4845 458 4942 quantitatis
482 4857 514 4907 et
537 4844 697 4908 densitatis
721 4845 761 4906 sit
784 4845 938 4926 particeps
962 4860 1014 4920 per
1039 4839 1208 4920 superiora,
1233 4837 1316 4898 nulla
1331 4838 1525 4917 amplitudine
1545 4877 1549 4886 ·

1271 4939 1313 4992 9*
