3672 5528
724 309 806 377 Caput
823 309 869 363 tv,
890 309 931 361 tu.
1295 349 1299 355 .
1441 313 1506 380 225
1583 365 1586 370 ,

169 511 238 563 meu,
259 487 335 550 unde
358 487 437 548 iilum
461 487 654 566 suspenditur
677 507 730 551 seu
753 489 854 569 potius
878 489 961 550 locus
979 488 1020 550 tili
1044 487 1174 562 inferior,
1199 509 1257 569 quo
1275 511 1295 552 a
1313 489 1386 554 Sola
1410 493 1507 557 collu-

169 580 299 653 stratur),
320 594 437 658 puuetus
458 588 631 642 refractionia
652 589 680 644 in
701 593 766 643 adra
792 595 822 642 et
846 587 1098 659 perpendicularis:
1128 588 1253 643 similiter
1280 599 1310 644 et
1337 593 1413 646 locrus
1434 593 1507 650 Solis

171 679 286 733 verusio
307 679 438 748 ecliptica
460 667 676 744 (instrumenti,
702 666 829 747 denique
853 668 936 728 locus
960 665 1098 746 imaginis
1123 687 1177 728 seu
1200 665 1253 730 Sol
1278 669 1432 745 visibilis).

245 773 323 836 Nam
348 774 418 854 quia
443 773 591 836 foramina
614 795 630 834 e
654 775 800 836 diametro
824 779 894 834 sunt
921 773 1059 851 opposita
1083 779 1114 832 et
1136 772 1217 834 filum
1241 773 1278 834 ab
1303 776 1399 841 altero
1423 777 1507 839 fora-

168 865 237 924 mine
270 881 466 942 suspensum,
499 863 621 942 planum
660 881 731 942 ergo
764 881 818 942 per
850 861 930 923 filum
961 869 992 920 et
1027 860 1175 922 foramina
1207 863 1359 925 transiens
1392 864 1509 928 biseoat

166 953 401 1023 instrumentum,
434 959 465 1012 et
493 951 562 1030 qnia
593 951 720 1014 visibilis
746 949 799 1012 Sol
822 950 901 1011 filum
934 949 1093 1011 collustrat
1121 968 1176 1029 per
1206 951 1333 1014 alterum
1364 954 1508 1029 foramen,

165 1058 228 1118 ergo
250 1048 282 1103 et
303 1037 511 1112 visibilisSol
534 1041 564 1101 iu
589 1042 695 1104 eadem
727 1038 899 1120 superficie,
933 1056 1008 1118 quae
1038 1047 1161 1117 propter
1192 1039 1272 1100 filum
1301 1048 1349 1102 est
1370 1034 1508 1121 'perpen-

164 1127 297 1190 dicularis
326 1128 492 1204 horizonti,
526 1148 597 1208 ergo
622 1130 652 1191 in
675 1127 830 1190 verticalis
853 1127 963 1206 plano,
996 1145 1067 1204 ergo
1092 1135 1124 1186 et
1154 1147 1242 1189 verus
1266 1127 1349 1190 Solis
1374 1131 1456 1192 locus
1481 1131 1509 1192 iu

163 1217 270 1293 eodem,
296 1237 363 1280 curn
388 1236 505 1297 semper
524 1237 617 1280 uerus
644 1219 728 1280 locus
752 1217 794 1278 rei
818 1224 850 1276 et
873 1213 955 1276 locus
985 1215 1124 1293 imaginis
1148 1216 1240 1277 sitin
1269 1219 1374 1281 eadem
1402 1237 1510 1298 super-

165 1306 232 1368 ficie.
280 1305 371 1378 Quod
397 1306 444 1367 ubi
473 1307 634 1386 contigerit
658 1307 686 1368 in
715 1307 912 1368 instrumente
947 1301 1106 1382 (siquidem
1140 1305 1273 1368 foramen
1306 1307 1435 1370 alterum
1458 1327 1511 1369 seu

161 1395 330 1457 intersectin
365 1395 522 1474 eclipticas
556 1404 588 1457 et
620 1395 724 1456 circuli
755 1391 924 1456 latitudiuis
962 1390 1147 1454 verissimum
1179 1392 1279 1469 Solia,
1314 1403 1347 1457 ut
1382 1397 1512 1476 ponitur,

162 1484 252 1545 locum
275 1486 518 1563 repraesentet),
543 1491 718 1566 argumento
752 1489 817 1548 est,
852 1481 1083 1542 instrumentum
1111 1481 1154 1542 sic
1186 1481 1330 1544 directum
1359 1503 1443 1560 esse,
1479 1493 1513 1547 ut

161 1581 304 1646 centrum,
331 1573 479 1634 foramina
502 1593 555 1635 seu
583 1571 757 1635 intersectio
787 1571 868 1631 dicta
892 1577 923 1630 et
950 1569 1124 1630 verissimus
1150 1567 1230 1632 Solis
1253 1572 1283 1635 in
1314 1573 1398 1634 coelo
1430 1575 1512 1638 locus

161 1661 187 1721 in
209 1681 297 1722 uuam
323 1662 438 1722 cadant
461 1661 571 1723 lineam
598 1669 733 1734 reetam3
762 1677 817 1719 nec
841 1665 874 1720 ut
898 1658 927 1718 id
952 1657 1117 1719 fataliter
1145 1659 1286 1721 collocari
1310 1679 1411 1741 posse.
1457 1663 1511 1724 In-

160 1749 308 1830 geniorum
344 1770 419 1811 sane
451 1751 657 1831 compendium
692 1749 892 1810 infractiones
929 1746 1199 1809 instrumentaliter
1231 1749 1295 1812 sine
1328 1751 1444 1816 calculo
1477 1767 1514 1814 ex

162 1839 343 1918 longitudine
368 1847 400 1899 et
423 1837 582 1901 latitudine
606 1838 760 1901 eliminare
784 1854 837 1916 per
865 1835 1120 1911 observationem,
1145 1845 1177 1897 et
1200 1837 1417 1918 longitudinem
1440 1839 1513 1904 lati-

161 1927 351 2008 tndinemque
374 1933 471 1990 tutam
494 1934 661 2010 praestare,
685 1925 744 1988 imo
769 1932 800 1987 et
823 1923 1020 1986 refractiones
1043 1924 1126 2005 ipsas
1149 1945 1203 2007 per
1226 1926 1326 1989 omnia
1349 1927 1409 1993 tria
1431 1937 1513 1992 rect-

160 2016 256 2096 angnli
290 2017 393 2078 latera
409 2017 541 2092 ,metiri3
574 2017 673 2097 possit
701 2024 732 2076 et
763 2015 802 2075 ad
841 2012 1013 2092 parallaxes
1054 2015 1223 2078 transferri.
1280 2015 1346 2096 Ego
1375 2036 1449 2080 sane
1478 2017 1514 2078 de

163 2103 305 2167 Waltheri
331 2105 502 2185 diligentia,
524 2107 589 2185 jam
614 2112 776 2186 postquam
801 2121 847 2164 me
864 2101 959 2182 ipsum
982 2103 1184 2182 explicatione
1199 2104 1264 2166 loci
1288 2103 1402 2185 adjuvi,
1425 2107 1515 2186 paulo

159 2195 251 2256 minus
285 2195 410 2269 dubito,
442 2213 532 2274 quam
555 2195 658 2274 Tycha
691 2193 743 2254 fol.
769 2189 821 2255 91.
868 2191 1180 2272 Progymnasmatmu.
1230 2191 1371 2256 Ceterum
1400 2195 1516 2276 siquis

159 2283 229 2344 adeo
262 2283 397 2362 diligens
426 2292 490 2353 est,
518 2291 556 2344 ut
583 2283 660 2344 nolit
682 2283 711 2343 in
735 2299 766 2342 re
796 2289 859 2342 tarn
892 2280 995 2341 subtili
1027 2287 1141 2343 temere
1174 2281 1265 2344 fidere
1297 2281 1515 2362 instrumentis,

160 2371 245 2434 habet
268 2373 295 2434 is
321 2372 461 2446 modum,
491 2372 664 2452 parallaxes
689 2379 720 2432 et
748 2369 963 2442 refractionos,
989 2388 1064 2449 quae
1089 2371 1268 2450 contingunt
1290 2372 1319 2433 in
1345 2371 1515 2447 altitudine,

160 2460 359 2522 distribuendi
383 2460 412 2521 in
438 2460 557 2542 longum
581 2469 612 2522 et
636 2461 739 2534 latum,
764 2459 793 2520 in
814 2455 1094 2539 Progymnasrnatis
1120 2459 1270 2542 Tychouis
1289 2461 1399 2537 Brute,
1424 2480 1516 2542 prae-

159 2550 257 2612 sertim
281 2557 370 2612 torno
393 2549 418 2622 I,
445 2550 495 2611 fol.
522 2546 574 2612 93.
600 2545 653 2614 ut.
678 2544 731 2612 96.
762 2547 811 2608 ubi
835 2553 868 2608 et
894 2545 1107 2608 refractionem
1137 2555 1234 2610 totam
1258 2567 1311 2610 seu
1339 2550 1516 2614 altitudines

159 2638 341 2720 investigare
368 2637 465 2700 docet.
514 2636 582 2708 Qua
605 2639 636 2698 in
658 2658 841 2720 npoyporag
864 2635 942 2696 infra
965 2636 1063 2714 capite
1088 2635 1144 2697 [Χ.
1168 2636 1303 2700 invenies
1326 2637 1516 2700 utilissimum

159 2727 380 2808 compendium.
788 2749 791 2756 ·

240 2824 330 2889 Satis
357 2822 465 2904 opinor
488 2823 714 2904 comprobatum
736 2829 785 2883 ost
808 2821 903 2884 eundo
927 2839 980 2900 por
1000 2820 1133 2900 singula,
1157 2820 1355 2886 refractionos
1378 2825 1515 2888 omnibus

158 2914 264 2977 seculis
290 2915 332 2976 ab
366 2913 547 2975 astronomis
577 2912 815 2974 animadversas
852 2909 990 2989 Expecto
1015 2909 1116 2988 igitur,
1141 2913 1288 2992 quomodo
1309 2931 1395 2975 suam
1418 2921 1515 2976 teme-

158 3003 276 3065 ritatem
306 3020 457 3064 excusare
489 3001 599 3076 velint,
633 3000 683 3080 qui
712 3009 808 3062 totum
840 2999 1054 3062 refractiouum
1081 3001 1233 3080 negotium
1264 3010 1377 3081 negant
1405 3002 1462 3067 uisi
1486 3004 1515 3064 in

159 3093 222 3154 sola
244 3091 467 3154 diametrorum
498 3089 693 3170 ampliatione
722 3087 910 3174 consisteres:
931 3085 1019 3170 ¹quod
1049 3088 1275 3167 phaenomenon
1299 3099 1401 3153 tamen
1426 3110 1517 3171 supra

158 3182 274 3243 osmndi
308 3179 442 3243 alienius
474 3197 542 3242 esse
568 3201 586 3240 a
615 3177 830 3240 refractionem
862 3175 976 3237 usitato
1007 3177 1138 3256 negotio.
1184 3179 1301 3260 Nempe
1330 3181 1386 3242 hoc
1416 3199 1517 3244 verum

159 3277 215 3344 est,
240 3289 351 3332 omnes
375 3267 434 3328 sibi
458 3268 546 3330 licere
576 3267 751 3329 existimant
774 3267 804 3328 iu
829 3285 881 3326 eos
905 3265 1074 3343 insurgere,
1104 3265 1152 3346 qui
1176 3267 1233 3331 sibi
1256 3269 1326 3332 novi
1350 3268 1420 3350 quid
1443 3289 1515 3354 prn-

158 3359 232 3420 iteri
253 3359 412 3420 videntur.
451 3354 539 3427 Quod
563 3356 613 3418 ubi
636 3364 759 3435 praeter
782 3355 929 3416 rationem
949 3355 990 3426 lit,
1017 3355 1046 3415 in
1066 3355 1318 3420 obtrectationem
1342 3360 1516 3438 degenerat.
1543 3410 1553 3426 .

160 3447 252 3509 ldulto
268 3465 346 3508 vero
367 3443 496 3524 turpius,
522 3445 600 3526 quod
621 3443 725 3506 eadem
745 3463 838 3525 opera
855 3461 941 3504 suam
965 3443 1165 3521 ignorantiam
1190 3445 1360 3526 hujusmodi
1383 3447 1518 3511 homines

160 3547 260 3614 aperte
285 3535 426 3616 produnt
445 3542 476 3594 et
499 3552 635 3596 securum
655 3533 781 3594 aliorum
806 3539 997 3593 contemtum.
1035 3531 1197 3612 Legisseut
1216 3536 1264 3597 vel
1283 3538 1381 3599 solum
1399 3539 1519 3602 Maest-

161 3623 207 3685 lini
236 3622 455 3705 praeceptoris
484 3623 543 3683 mei
585 3621 834 3702 disputationem,
867 3638 943 3700 quae
976 3623 1144 3700 nuperrime
1174 3625 1331 3704 prodierat
1361 3631 1396 3696 (a.
1428 3615 1519 3700 tout),

159 3713 241 3791 enjus
265 3723 301 3776 nt
338 3710 541 3774 recentissimi
569 3709 800 3771 ac‘etiamnum
832 3727 886 3788 per
908 3707 966 3768 Dei
998 3711 1128 3788 gratiam
1162 3714 1335 3792 superstitis
1367 3716 1460 3780 verba
1483 3739 1521 3780 ex

158 3801 234 3863 thesi
257 3799 312 3864 58.
339 3800 459 3880 placuit
482 3798 632 3861 coronidis
656 3800 722 3861 loco
746 3798 813 3860 huic
838 3795 930 3876 capiti
954 3795 1153 3876 subjungere;
1178 3807 1211 3860 ut
1231 3803 1296 3882 ejus
1317 3803 1373 3868 viri
1396 3796 1521 3885 inuenta

161 3907 222 3952 cum
245 3886 436 3973 Tychonieis
461 3889 681 3962 conferantur,·
697 3885 964 3966 tantoquemajor
987 3887 1029 3946 sit
1051 3888 1217 3949 auctoritas
1248 3891 1335 3970 hujus
1364 3885 1520 3962 doetrinae

159 3979 278 4042 suffulta
308 3976 446 4060 plurium
479 3973 650 4056 suffragiis,
685 3973 791 4055 qulbus
824 3974 947 4034 tandem
980 3992 1034 4034 ora
1070 3975 1292 4040 oblocutoribus
1332 3981 1518 4048 obturentur.

158 4064 206 4129 Sic
236 4069 292 4131 ille
326 4071 403 4150 post
435 4063 570 4144 allegata
594 4063 768 4126 Vitellianis
798 4069 831 4124 et
855 4061 1007 4124 Waltheri
1035 4063 1229 4130 testimonia:
1266 4077 1294 4131 si
1333 4083 1434 4137 nostris
1468 4101 1520 4156 per

159 4159 260 4213 radium
282 4154 505 4214 astronomicam
526 4153 607 4209 factis
637 4153 875 4208 obseruationibus
897 4153 963 4205 fides
985 4151 1021 4205 sit
1041 4153 1184 4220 habenda,
1208 4173 1261 4211 non
1282 4173 1346 4213 raro
1367 4160 1519 4222 invenimus

159 4237 216 4308 (tue
238 4236 426 4318 quaudoque
448 4235 626 4312 praesente)
646 4241 761 4296 Veneris
789 4226 874 4310 s'upru
901 4241 1072 4295 horizontem
1098 4245 1205 4299 altioris
1234 4247 1394 4304 distantiam
1416 4269 1434 4306 a
1454 4253 1519 4311 Sole

154 4325 236 4394 juxta
257 4327 436 4384 horizontem
462 4323 553 4393 posito
580 4339 644 4376 esse
672 4321 835 4376 notabiliter
864 4319 1009 4384 minorem,
1039 4339 1121 4391 quam
1149 4325 1171 4378 si
1199 4329 1295 4381 eodem
1325 4327 1368 4382 <de
1396 4331 1519 4401 ejusdem

159 4416 292 4472 distantia
315 4432 335 4469 a
355 4413 422 4470 Sole
444 4413 544 4467 altiore
567 4419 596 4466 et
616 4430 632 4465 e
653 4409 802 4481 vaporibus
824 4409 913 4480 magis
935 4409 1023 4463 libero
1051 4402 1103 4473 (de
1137 4423 1195 4484 qua
1232 4424 1342 4468 causae
1381 4410 1518 4490 opinione

118 4509 124 4516 “
158 4512 246 4573 supra
259 4493 359 4566 tatis)
380 4509 538 4571 caperetur.
580 4502 657 4572 Ergo
683 4499 755 4555 Solis
777 4498 895 4552 altitudo
916 4513 966 4567 per
986 4515 1104 4569 vapores
1124 4493 1230 4564 (ctiam
1245 4511 1299 4572 per
1314 4497 1394 4557 atris
1410 4517 1517 4582 super-

157 4581 265 4656 ficiem)
292 4592 382 4648 altior
399 4590 479 4660 justa
500 4590 639 4660 apparuit.
670 4589 746 4642 Unde
767 4593 798 4642 et
817 4588 907 4658 ipsum
927 4593 957 4640 et
978 4587 1048 4642 alias
1071 4591 1170 4644 stellas
1191 4591 1318 4646 similiter
1338 4611 1425 4666 supra
1444 4597 1517 4654 hori·

158 4680 262 4728 mntem
284 4687 428 4744 apparere
455 4685 552 4740 posse,
581 4687 642 4724 curn
663 4669 736 4724 infra
762 4669 852 4722 adhuc
873 4667 941 4731 sint,
965 4681 1015 4736 pro
1034 4669 1190 4738 imposfnili
1210 4687 1265 4724 nou
1293 4673 1443 4742 habemus,
1470 4682 1518 4734 sed

158 4762 231 4807 certo
252 4752 453 4808 concludimus·
503 4750 594 4812 Porro
628 4747 675 4810 bic
706 4765 781 4809 unus
815 4764 853 4806 ex
884 4745 922 4806 iis
955 4745 1052 4807 modis
1082 4755 1147 4824 est,
1179 4747 1285 4830 quibas
1318 4754 1539 4826 retractiones

209 4854 393 4904 ammom.
413 4853 441 4892 u.
1271 4853 1304 4909 te
