3684 5518
775 273 857 342 capus
877 275 909 326 V.
930 274 953 328 l.
1473 277 1535 348 231

184 450 327 514 tunicam.
375 449 459 512 Nam
482 469 541 530 qua
563 452 719 514 choroides
754 454 944 532 appellatur,
978 455 1119 518 adhaesit
1150 455 1231 518 fibris
1255 456 1369 536 passim
1392 457 1538 538 dispersis

186 538 320 611 sclerodi,
346 537 503 618 eidemque
528 541 638 604 circulo
662 543 861 617 connascitur,
886 562 945 622 qua
968 545 1120 607 sclerodes
1142 545 1173 606 in
1198 563 1339 607 corneam
1362 546 1437 610 abit.
1462 548 1538 610 Inde

188 621 256 690 ver'o
278 635 386 688 exorta
410 646 495 700 uvea,
515 628 580 707 jam
604 649 661 690 non
686 632 877 694 connascitur
899 631 1037 694 residuae
1052 634 1130 713 parti
1147 634 1301 707 sclerodis,
1326 652 1402 714 quae
1427 655 1537 698 cornea

189 716 300 788 dicitur,
327 716 383 777 sed
406 716 444 778 ab
468 735 506 778 ea
529 735 634 779 versus
659 718 803 781 interiora
818 721 895 782 oculi
915 721 1062 800 devergit,
1085 723 1200 784 hiatum
1224 722 1364 801 opplente
1388 724 1538 787 humore

187 823 309 886 aqueo.
349 802 484 884 Cumque
509 807 661 870 sclerodes
685 827 751 870 cnm
774 828 830 870 sua
853 827 962 870 cornea
985 810 1216 872 constituissent
1230 811 1380 888 integram
1394 813 1536 888 tunicam,

186 897 259 958 haec
277 893 343 972 jam
367 913 444 956 uvea
476 894 505 956 in
538 896 637 958 medin
669 903 718 957 eet
744 897 918 975 perforata.
952 897 1073 960 humore
1105 918 1201 979 aquen
1234 899 1368 962 foramen
1397 902 1538 980 opplente

184 983 369 1061 eandemque
393 983 475 1044 intus
500 984 592 1046 etiam
615 985 764 1046 alluente:
789 986 923 1064 adeoque
947 995 1014 1048 tota
1029 987 1102 1048 haec
1117 1006 1198 1066 pars,
1224 1005 1299 1066 quae
1323 1007 1401 1049 uvea
1420 989 1536 1065 dicitur,

183 1073 213 1134 in
236 1072 362 1132 humore
386 1090 481 1150 aquen
504 1071 637 1148 innatat,
672 1074 736 1134 solo
761 1093 796 1134 eo
820 1074 931 1136 circulo
956 1083 1097 1154 excepto,
1133 1093 1190 1154 quo
1214 1075 1348 1138 dixeram
1373 1077 1536 1140 revinctam

183 1177 252 1222 esse
283 1160 323 1220 ad
355 1160 511 1222 scleroden
550 1169 581 1222 et
613 1171 730 1240 partem
765 1181 850 1224 snam
877 1163 1090 1242 posteriorem,
1125 1182 1201 1244 quae
1231 1161 1400 1227 cloroides‘
1419 1167 1537 1228 dicitur.

182 1250 259 1312 Pars
284 1247 442 1310 choroides
466 1249 546 1311 intus
561 1249 648 1328 nigra
662 1249 801 1322 traditur,
824 1270 882 1313 non
906 1259 1005 1313 tamen
1030 1252 1075 1313 ita
1089 1253 1183 1331 nigra,
1209 1262 1243 1312 ut
1258 1271 1343 1325 uvea,
1368 1254 1423 1315 sed
1442 1254 1539 1332 magis

183 1337 342 1400 caerulea:
375 1356 445 1417 pars
469 1357 546 1399 uvea
577 1339 659 1401 intus
692 1359 801 1418 aspera
825 1348 856 1400 et
879 1339 1052 1420 nigerrima,
1083 1340 1171 1414 foris,
1200 1360 1260 1421 qua
1282 1342 1376 1402 solem
1400 1343 1429 1402 in
1454 1344 1538 1406 oculo

183 1426 296 1488 dictum
319 1445 374 1505 per
397 1443 534 1488 corneam
558 1429 794 1490 translucentem
817 1437 1036 1508 repraesentat,
1061 1429 1155 1490 laevis
1179 1437 1211 1489 et
1234 1448 1373 1492 unacum
1388 1431 1538 1494 chornidis

184 1514 326 1576 exteriori
350 1514 505 1594 superficie
529 1515 678 1580 variorum
702 1517 833 1579 colorum
858 1525 915 1592 est,
936 1517 1001 1596 jam
1025 1518 1119 1590 fusca,
1140 1518 1204 1597 jam
1228 1517 1339 1590 cassia,
1360 1519 1426 1599 jam
1444 1520 1536 1594 fulva,

179 1605 244 1685 jam
268 1603 436 1682 splendida.
483 1604 533 1665 Ita
557 1605 650 1667 latum
674 1605 816 1667 circulum
849 1615 1081 1686 repraesentans
1115 1606 1159 1678 (in
1183 1605 1266 1685 cujus
1297 1608 1395 1668 medio
1419 1607 1538 1687 nigrum

184 1691 261 1755 oculi
285 1711 338 1753 seu
361 1691 513 1766 foramen)
536 1691 615 1756 iris
639 1693 721 1756 dicta
745 1701 801 1754 est.
840 1695 936 1774 Hujus
961 1695 1076 1768 attritu,
1102 1713 1168 1756 cnm
1192 1694 1286 1756 laevis
1310 1695 1352 1756 sit
1375 1704 1406 1758 et
1428 1697 1535 1774 rigida,

184 1781 323 1842 ridentur
346 1779 471 1842 excitari
496 1779 728 1844 scintillationes
754 1783 834 1858 illae,
868 1801 942 1863 quas
971 1783 1120 1845 interdum
1151 1783 1330 1862 percipimus
1362 1784 1391 1845 in
1419 1785 1535 1846 oculis:

184 1870 274 1948 plane
297 1876 332 1930 ut
354 1869 455 1932 felium
478 1869 597 1932 hirsuta
628 1879 717 1951 terga
747 1879 837 1950 atque
875 1872 964 1933 etiam
1001 1870 1152 1932 hominum
1189 1871 1290 1952 capilli
1324 1891 1428 1935 recens
1461 1871 1538 1936 secti

186 1957 283 2020 attriti
306 1957 482 2020 scintillant.
530 1959 565 2020 In
588 1959 663 2038 ipsis
686 1979 758 2022 vern
782 1961 953 2023 humoribus
987 1960 1085 2021 lumen
1114 1959 1215 2021 inesse
1244 1979 1301 2022 non
1328 1969 1446 2039 potest,
1480 1959 1539 2022 nisi

122 2060 128 2066 '
185 2046 272 2110 simul
296 2045 383 2108 visio
395 2045 527 2110 vitietur.

275 2132 454 2204 Quaerere
478 2135 508 2196 in
532 2136 634 2198 felium
658 2137 751 2198 oculis
775 2137 948 2198 constantia
975 2145 1046 2200 sunt
1076 2136 1201 2210 lumina,
1232 2156 1289 2198 nnn
1323 2145 1358 2198 ut
1385 2135 1536 2198 scintilla-

186 2225 284 2288 tiones
308 2223 495 2294 transitoria,
513 2223 670 2286 Jessenius
695 2226 849 2288 existimat
872 2225 901 2286 in
927 2227 983 2289 hac
1007 2225 1081 2287 iride
1104 2225 1209 2288 itidem
1233 2225 1374 2286 residere.

273 2312 378 2376 Tertia
409 2312 495 2392 quasi
527 2312 628 2375 tunica
651 2335 670 2372 a
693 2333 784 2376 nervo
817 2332 884 2376 sese
916 2314 945 2376 in
973 2333 1081 2385 cavum
1107 2314 1357 2392 hemisphaerium
1390 2311 1538 2374 dilatante

172 2410 264 2475 ,orta3
289 2401 345 2462 reti
369 2401 399 2462 in
424 2419 544 2463 saccum
568 2401 718 2465 desinenti
741 2422 795 2464 seu
818 2403 915 2482 magis
939 2403 1126 2465 infundibulo
1150 2402 1348 2470 assimilatur,
1381 2419 1440 2462 non
1464 2401 1538 2462 sub-

188 2489 318 2554 stantiae
342 2490 397 2550 sed
421 2490 533 2569 figurae
557 2491 783 2564 conformitate,
814 2499 848 2554 ut
869 2491 993 2554 Platero
1026 2493 1142 2570 placet:
1177 2490 1254 2551 unde
1288 2508 1394 2552 nomen
1428 2489 1539 2550 reti-

187 2578 335 2642 formis
361 2577 488 2658 accepit.
528 2579 669 2641 Traditur
693 2579 894 2642 substantiam
918 2588 1147 2659 repraesentare
1166 2579 1290 2652 cerebri,
1316 2578 1414 2657 magis
1438 2587 1539 2639 tamen

187 2685 339 2731 mucosam
364 2675 396 2728 et
418 2666 574 2729 subrufam
597 2668 839 2741 (subcaeruleam
863 2692 882 2731 a
899 2669 1054 2742 Jessenio)
1078 2687 1161 2742 esse;
1186 2667 1264 2729 unde
1288 2666 1414 2746 colligis,
1439 2667 1539 2746 potis·

187 2757 293 2818 simum
316 2757 419 2818 albam
442 2756 567 2818 dilutam
592 2757 686 2819 videri
719 2759 831 2820 suffuso
864 2759 971 2820 rubore
999 2757 1048 2819 vel
1078 2757 1208 2819 caerulo.
1255 2753 1412 2818 Jessenius
1447 2754 1538 2817 etiam

188 2843 353 2908 subdividit
375 2846 452 2906 hauc
476 2845 506 2907 in
530 2845 613 2906 nervi
635 2847 839 2910 substantiam
863 2856 895 2908 et
918 2847 1045 2908 tunicas.
1532 2889 1534 2896 ,

273 2933 381 2996 Hicin
406 2933 527 2995 diversa
549 2953 615 2996 cunr
639 2935 807 2998 Vitellione
829 2935 986 2998 Jessenius
1011 2943 1042 2996 et
1064 2934 1204 2996 Platerus
1229 2931 1349 2992 abeunt.
1382 2928 1539 2990 Jessenius

188 3043 226 3084 ex
249 3022 414 3084 Vitellione
439 3023 623 3084 retiformem
647 3025 705 3099 ait,
732 3025 781 3086 nbi
805 3025 933 3087 vitreum
955 3024 1108 3086 humorem
1132 3029 1180 3082 est
1199 3019 1372 3098 complexa,
1395 3035 1539 3098 progres-

189 3131 254 3176 sam
282 3111 311 3172 in
340 3111 509 3193 crystallini
537 3111 682 3187 humoris,
708 3113 757 3192 qui
785 3113 939 3174 humorum
970 3121 1018 3174 est
1051 3111 1179 3183 medius,
1209 3109 1370 3171 maximum
1398 3106 1540 3168 circulum

190 3200 299 3262 inseri:
324 3200 446 3278 fierique
469 3199 557 3278 hujus
584 3200 737 3275 beneficio,
764 3207 797 3262 ut
814 3201 1007 3282 crystallinus
1031 3199 1146 3262 medius
1165 3197 1194 3258 iu
1217 3197 1312 3258 vitreo
1328 3195 1539 3257 constituatur.

189 3289 329 3352 Platerus
353 3288 453 3362 aliter,
477 3289 533 3350 sub
557 3307 592 3349 eo
617 3289 726 3351 circulo
751 3289 917 3368 superficiei
941 3307 1043 3356 cavae,
1067 3307 1125 3367 quo
1149 3285 1258 3349 circulo
1283 3284 1415 3346 secunda
1439 3283 1541 3344 tunica

190 3378 302 3458 primae
327 3376 456 3439 nectitur
479 3385 512 3438 ct
535 3395 613 3438 uvea
634 3378 692 3440 dici
716 3377 830 3457 incipit,
855 3397 894 3439 ex
916 3397 993 3440 uvea
1007 3395 1123 3454 nempe,
1147 3373 1266 3436 minime
1290 3391 1361 3434 vero
1386 3391 1423 3434 ex
1443 3371 1541 3433 retina

190 3467 260 3529 oriri
289 3484 449 3547 processus
481 3466 626 3546 quosdam
657 3468 863 3540 circumcirca,
898 3467 948 3546 qni
976 3486 995 3526 a
1023 3463 1215 3528 similitudine
1249 3461 1369 3524 ciliares
1402 3460 1540 3522 dicantur

190 3557 276 3636 inque
310 3555 452 3617 circulum
484 3554 645 3616 maximum
678 3555 846 3638 crystallini
878 3555 1033 3628 desinant,
1073 3554 1174 3632 itaque
1207 3550 1416 3632 crystallinum
1446 3565 1539 3609 ureae

190 3662 246 3706 non
271 3641 418 3705 retiformi
447 3651 647 3706 connectant:
681 3661 841 3724 processus
872 3643 941 3705 illos
974 3643 1075 3722 nigros
1106 3649 1138 3702 et
1169 3639 1347 3720 pectinatim
1379 3635 1539 3698 distinctos

189 3751 267 3796 esse.
304 3731 446 3810 Retinam
470 3751 542 3794 vero
565 3731 644 3794 infra
666 3733 721 3794 hos
745 3731 864 3792 ciliares
887 3750 1046 3810 processus
1071 3728 1217 3802 desinere,
1242 3745 1337 3807 neque
1356 3725 1445 3804 plane
1465 3741 1539 3784 con-

192 3829 296 3884 natam
319 3821 366 3881 vel
390 3820 523 3882 choroidi
548 3821 598 3883 vel
620 3822 715 3883 vitreo
739 3820 863 3895 humori,
889 3839 976 3901 quern
1000 3817 1222 3897 complectitur,
1246 3816 1295 3875 vel
1314 3813 1361 3875 his
1385 3810 1539 3873 ciliarihns

188 3908 398 3990 processibus:
424 3909 501 3970 adeo
525 3910 653 3990 quidem,
677 3918 712 3971 nt
725 3909 818 3970 effuso
844 3909 940 3970 vitreo
960 3909 1058 3988 (cnjus
1083 3905 1175 3966 solius
1199 3904 1328 3964 infarctu
1352 3901 1449 3962 retina
1464 3899 1539 4000 che-

190 3999 303 4060 roidem
321 3997 468 4074 attingat)
493 3998 591 4060 retina
605 3999 773 4070 convoluta,
800 3997 936 4076 nuspiam
960 3997 1017 4059 nisi
1031 4014 1084 4056 suo
1100 4011 1191 4055 nervo
1206 3991 1413 4053 adhaerescat.
1438 3988 1540 4066 Magrs

190 4087 340 4150 assentior
370 4086 509 4159 Platero,
547 4096 581 4148 ut
612 4087 661 4168 qui
699 4086 870 4149 distinctius
912 4085 1003 4148 etiam
1022 4084 1100 4144 'ista
1132 4080 1267 4144 tradidit.
1314 4078 1355 4140 Et
1382 4074 1539 4138 Jessenius
1617 4141 1623 4148 ,

68 4231 73 4240 ,
190 4177 253 4257 ipse
290 4176 348 4237 hnc
385 4174 511 4237 inclinat
547 4175 577 4236 in
614 4181 764 4254 lanesperc
801 4194 957 4254 φροπισιι.
1016 4173 1096 4235 Nam
1135 4177 1277 4250 quantum
1314 4173 1454 4244 apparet,
1480 4163 1539 4224 Vi-

191 4265 271 4328 tellio
294 4263 427 4324 visibilia
449 4264 648 4342 cognoscendi
683 4263 857 4326 facultatem
885 4261 1061 4343 crystallino
1091 4257 1204 4320 humori
1228 4255 1417 4318 transcribit:
1449 4270 1540 4334 quare

191 4361 390 4416 commeatum
426 4351 494 4414 hnic
537 4351 673 4414 facultati
715 4352 867 4430 quaesivit
903 4371 940 4412 ex
976 4367 1068 4412 nervo
1106 4347 1170 4419 (vel
1208 4344 1308 4406 retina
1344 4342 1426 4404 nervi
1466 4359 1539 4442 pro-

190 4444 314 4523 pagine)
338 4441 370 4502 in
385 4440 593 4522 crystallinum
615 4458 670 4519 per
692 4439 746 4502 hos
766 4440 885 4502 ciliares
904 4455 1072 4518 processus.
1096 4435 1236 4496 Platerus
1255 4451 1325 4493 vero
1340 4429 1540 4510 cognoscendi

193 4531 370 4594 facultatem
393 4529 423 4590 in
447 4529 544 4591 retina
566 4529 715 4608 relinquit,
742 4529 820 4609 qnod
842 4529 941 4606 magis
965 4533 1014 4588 est
1036 4542 1107 4585 vero
1130 4529 1381 4584 consentaneum:
1407 4518 1539 4601 crystal-

192 4620 280 4682 linnm
303 4637 376 4681 vero
399 4618 430 4679 in
453 4618 717 4680 instrumentorum
739 4635 831 4678 censu
854 4616 965 4690 habet,
988 4614 1024 4675 de
1048 4629 1106 4691 quo
1129 4611 1218 4672 infra.
1265 4609 1324 4672 Pro
1348 4626 1405 4688 qno
1430 4615 1461 4668 et
1483 4607 1540 4668 hoc

191 4709 314 4782 militat,
346 4706 426 4789 qnod
449 4707 569 4769 ciliaree
588 4724 768 4787 processus,
796 4705 902 4786 quibus
925 4699 1093 4786 crystallini
1116 4697 1244 4760 circulus
1267 4696 1413 4758 maximus
1436 4695 1539 4758 revin-

153 4817 155 4821 ’
191 4799 277 4871 citur,
301 4797 423 4877 nigrore
446 4813 498 4858 suo
521 4813 580 4859 non
604 4793 732 4858 retinam
755 4795 811 4856 sed
833 4811 939 4856 uveam
962 4793 1201 4870 repraesentant.
