3676 5540
781 323 864 392 Capru
881 327 922 376 Vr

702 729 705 736 ¹
746 643 867 744 Caput
900 641 944 716 V.

171 823 227 890 Aa
246 823 376 890 conduc
401 825 565 908 cipporum
593 826 657 889 uret
679 823 869 912 ubimulta,
898 839 941 882 aa
967 839 1039 883 uero
1065 819 1233 886 marulio
1255 831 1285 888 ct
1305 823 1524 908 upuficotiou.

262 983 371 1046 Dicam
394 981 485 1062 igitur
507 983 638 1046 secundo
661 981 728 1045 loco
751 981 788 1044 de
811 979 927 1060 origiue
950 979 1109 1054 nominum,
1134 981 1240 1062 quibus
1261 982 1362 1044 sidera
1384 993 1456 1047 sunt
1477 984 1526 1048 iu-

174 1071 297 1152 siguita.
343 1072 386 1134 Et
408 1079 478 1134 snut
500 1071 620 1152 quidem
642 1070 744 1151 magni
767 1069 837 1146 viri,
862 1069 911 1149 qui
930 1067 1114 1159 existimant,
1139 1070 1277 1132 desumta
1300 1091 1368 1134 esse
1391 1075 1526 1136 constel-

173 1160 318 1222 lationum
340 1160 461 1222 nomina
483 1159 521 1222 ab
545 1160 664 1223 occulta
685 1158 881 1239 proprietate,
907 1176 965 1239 qua
987 1158 1123 1236 polleant
1146 1159 1220 1221 baec
1241 1159 1343 1223 sidera
1358 1180 1431 1242 prae
1447 1161 1525 1239 aliis,

173 1253 308 1328 quaeque
343 1248 550 1328 periclitandis
582 1249 732 1311 homiuum
755 1247 916 1327 geuesibus
939 1245 1002 1308 sint
1023 1246 1174 1309 inventae.
1221 1245 1280 1320 Qui
1313 1249 1357 1313 sio
1381 1250 1525 1328 sentiunt,

175 1337 196 1400 ii
220 1337 395 1400 adsciscant
414 1337 506 1400 etiam
530 1337 568 1399 ad
592 1337 732 1400 tuendam
755 1337 833 1400 hauc
856 1331 1037 1396 senteutiam
1051 1335 1105 1397 illa
1118 1336 1269 1412 Indorum,
1294 1335 1527 1414 Chaldaeorum,

173 1425 391 1511 Aegyptiorum
414 1425 543 1505 plurima
565 1445 708 1488 annornm
731 1423 840 1497 millia,
862 1431 897 1486 ut
920 1423 996 1487 satis
1018 1423 1162 1504 temporie
1186 1425 1353 1506 largiantur
1374 1426 1527 1490 veteribus

174 1514 213 1576 ad
236 1515 310 1576 baec
334 1513 554 1594 investiganda.
601 1511 780 1595 Quanquam
803 1531 859 1592 ego
883 1512 1004 1574 diversa
1021 1511 1137 1574 ratione
1152 1532 1241 1594 quam
1256 1515 1345 1578 Picus
1363 1515 1420 1579 boc
1435 1535 1527 1597 argu·

175 1610 308 1664 mentum
338 1619 461 1682 usurpo,
493 1621 552 1665 nou
584 1603 759 1665 ademturus
791 1621 826 1663 eo
859 1600 1021 1680 astrologis
1053 1619 1169 1664 omnem
1200 1603 1330 1666 omnium
1353 1604 1527 1685 dogmatum

174 1691 409 1771 experientiam,
444 1691 521 1771 quod
551 1691 602 1754 ille
626 1692 714 1760 facil,
748 1691 1014 1766 sed'ostensurna
1048 1690 1123 1752 haec
1145 1691 1176 1753 in
1200 1692 1300 1771 specie
1324 1692 1445 1756 nomina
1467 1713 1526 1756 nou

173 1778 294 1842 venisse
318 1780 415 1842 stellis
440 1779 479 1841 ab
501 1779 702 1860 experientia,
734 1777 792 1842 uisi
815 1786 949 1852 constet,
983 1779 1089 1841 eadem
1112 1779 1187 1842 duce
1215 1781 1414 1862 experientia,
1439 1793 1473 1845 ut
1496 1783 1526 1846 iu

175 1868 285 1930 ceteris
308 1869 424 1930 artibus
447 1869 550 1949 aliqua
572 1867 664 1931 etiam
687 1887 828 1930 successu
852 1867 1019 1930 seculorum
1038 1867 1199 1930 emendata
1222 1877 1254 1932 et
1274 1871 1304 1931 iu
1320 1870 1426 1934 melios
1442 1888 1528 1934 cour-

174 1964 293 2018 mutata
320 1957 423 2019 fuisse.
471 1955 556 2019 Satis
589 1963 710 2020 constat
741 1977 780 2018 ex
812 1955 973 2028 Cicerone,
1002 1956 1192 2033 Ptolemaeo,
1222 1957 1363 2035 Manilio,
1387 1959 1527 2036 Firmico,
1594 1948 1604 1967 ⁴

173 2062 232 2106 uon
256 2045 374 2107 demum
398 2045 453 2108 sub
477 2046 616 2125 Augusto
640 2053 672 2108 et
694 2045 813 2108 ‘liberio
838 2043 1022 2108 Caesaribus
1045 2045 1074 2106 iu
1097 2045 1266 2109 Romanum
1289 2046 1445 2128 imperium
1468 2049 1527 2110 inr-

172 2140 335 2212 portatam,
360 2134 414 2196 sed
437 2134 602 2214 antiquitus
625 2141 778 2215 receptam
801 2153 869 2197 cum
891 2153 967 2196 sana
989 2133 1117 2196 scientia
1139 2135 1217 2197 hano
1240 2135 1332 2198 etiam
1351 2137 1528 2200 nomencla-

173 2229 274 2284 turam
297 2222 457 2302 signorum.
499 2221 584 2285 Satis
608 2223 698 2286 etiam
720 2224 833 2286 clarum
858 2230 908 2284 est
928 2241 967 2284 ex
984 2221 1079 2284 Esaia
1093 2222 1255 2303 Propheta,
1280 2225 1334 2287 sub
1357 2225 1528 2288 monarchis

173 2309 384 2392 Babylonicis,
414 2312 532 2393 quaudo
564 2320 727 2392 coeperunt
757 2312 886 2392 eclipses
920 2310 1105 2391 consignari,
1138 2313 1177 2374 ad
1209 2313 1359 2392 publicum
1391 2315 1528 2377 delirium
1618 2335 1622 2340 ·

86 2403 88 2408 '
173 2418 266 2481 usque
278 2399 370 2462 luisse
380 2400 543 2463 exercitam
556 2400 751 2480 astrologiam
765 2409 949 2486 matremque
964 2401 1120 2462 exstitisse
1134 2402 1312 2482 praecipuae
1326 2403 1526 2480 idololatriae,

174 2489 243 2550 dum
267 2489 422 2571 spiritibus
444 2490 634 2569 planetarum
654 2489 769 2551 fictitiis
784 2488 838 2551 snb
853 2489 1030 2550 electionum
1045 2496 1205 2569 praetexto
1220 2490 1368 2553 servirent
1381 2492 1526 2555 homiues.

174 2574 255 2647 Quid
278 2577 315 2638 de
334 2579 422 2640 Mose
446 2577 557 2653 dicam,
582 2595 669 2657 quem
693 2577 822 2658 quidam,
847 2577 984 2654 legentes
1006 2575 1036 2637 in
1060 2577 1140 2639 omni
1163 2576 1292 2640 scientia
1309 2580 1528 2662 Aegyptiorum

175 2663 323 2727 eruditum
340 2665 450 2741 luisse,
473 2665 503 2726 in
523 2665 690 2752 astrologia
704 2665 789 2745 ajunt
803 2664 996 2726 excelluisse:
1022 2665 1100 2746 quod
1119 2684 1158 2726 ex
1171 2665 1305 2729 Luciauo
1324 2668 1525 2731 confirmatur.

173 2753 275 2833 Atque
298 2753 325 2815 is
348 2749 415 2816 800
438 2752 525 2814 aunis
548 2771 606 2814 uon
634 2753 702 2833 plus
735 2771 754 2814 a
781 2751 893 2814 diluvio
917 2752 1023 2815 abfuit.
1071 2753 1164 2835 Atqui
1197 2754 1289 2817 etiam
1321 2756 1412 2836 paulo
1445 2763 1525 2832 aute,

174 2847 310 2920 tempore
334 2839 368 2903 S.
391 2839 472 2916 Jobi,
495 2841 730 2920 percrebuerunt
752 2841 935 2922 quorundam
958 2841 1088 2904 siderum
1111 2841 1240 2909 nomina.
1283 2843 1386 2925 ltaque
1407 2852 1526 2924 tempus

175 2928 214 2989 ad
237 2929 478 2992 constituendam
501 2930 577 2991 hano
601 2929 752 3009 signorum
776 2931 900 2992 effectus
923 2929 1080 2993 scientiam
1103 2929 1230 3013 indeque
1253 2931 1433 3000 derivandae
1450 2952 1525 2996 con·

175 3017 381 3080 stellationum
404 3021 515 3098 figuras
539 3018 698 3080 admodum
721 3019 831 3095 breve,
856 3025 963 3082 contra
984 3037 1056 3080 vero
1079 3025 1208 3100 tempus,
1233 3021 1434 3102 quoantiqua
1448 3022 1527 3084 ratio

174 3106 364 3186 nuncupandi
387 3106 489 3169 sidera
511 3107 569 3169 buc
596 3126 689 3188 usque
712 3107 790 3170 citra
821 3125 937 3170 omnem
970 3107 1168 3171 mutationem
1200 3107 1336 3185 duravit,
1369 3110 1529 3172 admodum

174 3193 295 3275 longum
318 3195 456 3259 efficitur.
504 3192 585 3267 Quid
608 3195 685 3257 novi·
701 3214 828 3277 namque
852 3195 967 3259 invexit
986 3196 1122 3260 Arabum
1144 3196 1175 3258 iu
1199 3197 1256 3259 bac
1280 3205 1346 3260 arte
1369 3197 1526 3274 sedulitas,
1591 3255 1602 3266 ι

174 3283 253 3362 quod
276 3284 314 3347 ad
338 3283 463 3365 antiqua
486 3303 524 3346 ex
546 3284 721 3347 Ptolemaeo
745 3293 777 3348 et
798 3285 925 3348 Manilio
957 3296 1031 3348 nota
1061 3285 1208 3366 principia
1239 3286 1340 3348 reduci
1372 3305 1467 3368 exque
1489 3285 1528 3349 iis

174 3371 304 3435 derivari
327 3391 385 3435 nou
408 3372 528 3454 possit?
569 3371 613 3435 Ut
634 3373 680 3436 ita
702 3373 911 3437 ratiocinando
935 3393 972 3436 ax
994 3375 1148 3438 veteribus
1166 3374 1321 3456 principiis
1339 3375 1530 3456 siderumque
1603 3437 1606 3450 ,

174 3460 351 3534 nominibus,
374 3480 433 3524 uon
457 3460 723 3542 experimentando
747 3482 834 3538 nova,
859 3462 1048 3544 disciplinam
1071 3464 1218 3528 auxerint.

262 3547 326 3610 Sed
356 3550 511 3612 audiamus
544 3552 600 3613 hac
633 3551 670 3613 da
703 3569 735 3613 re
767 3571 806 3613 ex
832 3550 884 3614 illo
911 3552 1046 3615 Arabum
1078 3553 1180 3616 seculo
1210 3551 1374 3629 hominem,
1406 3551 1529 3619 vixdum

175 3643 283 3698 'renata
305 3655 343 3698 ex
364 3638 506 3702 Arabicis
529 3638 682 3702 codicibus
705 3641 889 3703 astronomia
911 3639 1064 3705 imbutum.

264 3725 405 3788 Humana
423 3726 541 3806 quidem
558 3729 723 3808 persuasio,
748 3729 846 3810 iuquit
867 3730 888 3792 J
895 3749 1037 3792 oannes
1061 3731 1106 3792 de
1130 3728 1245 3792 Sacro
1267 3729 1404 3803 Bosco,
1429 3726 1528 3788 stellis

174 3831 313 3875 numeros
337 3822 369 3877 et
391 3815 512 3877 uomina
534 3815 608 3878 fecit
630 3835 687 3880 uon
711 3835 750 3880 cx
773 3818 819 3880 sui
847 3827 971 3893 natura,
1004 3818 1058 3880 sed
1092 3817 1310 3899 significatione
1343 3814 1530 3879 distinctioni

176 3901 414 3979 accommodata,
438 3903 517 3966 unde
538 3903 731 3968 Bembardus
754 3903 921 3988 Sylvestris
943 3905 1032 3969 dicit:
1046 3903 1073 3981 ⁸)

495 4019 634 4075 Communi
653 4039 689 4075 ne
709 4038 776 4076 voce
797 4023 839 4077 rei
858 4021 999 4096 generalis
1021 4023 1159 4088 oberrent,

546 4099 625 4164 Quae
644 4103 724 4156 modo
745 4107 810 4156 suut
830 4103 920 4157 stellis
940 4101 1058 4168 uomina,
1080 4102 1147 4156 fecit
1165 4101 1255 4157 bomo.

263 4195 341 4256 Item
363 4191 511 4275 Virgilius
534 4195 585 4261 lib.
610 4198 634 4259 Ι.
661 4193 774 4277 Georg.

440 4302 546 4358 Navita
565 4305 628 4360 dum
648 4305 738 4362 stellis
759 4320 886 4359 numeres
907 4310 938 4358 et
957 4305 1069 4360 uomina
1088 4303 1170 4360 iecit:

492 4383 629 4456 Pleiades,
650 4387 773 4457 Hyades,
795 4385 953 4456 claramque
973 4384 1110 4458 Lycaonis
1131 4387 1243 4439 Arcton.

263 4488 328 4550 Iruo
352 4505 423 4550 vero
446 4487 578 4568 ipsorum
597 4489 689 4552 etiam
703 4489 837 4552 Arabum
856 4489 992 4551 saniores
1011 4489 1184 4564 audiamus,
1209 4487 1369 4569 praecipue
1384 4487 1529 4554 Abraba-

175 4595 255 4640 mum
263 4576 433 4652 Abenezra,
450 4576 533 4656 cujus
548 4579 641 4641 verba
654 4578 710 4641 hoc
725 4578 823 4659 ipsum
837 4577 969 4640 dicentia
983 4577 1052 4640 vide
1067 4577 1255 4658 apndPicum
1267 4576 1318 4640 lib.
1328 4575 1359 4642 8.
1367 4594 1432 4656 cap.
1445 4571 1529 4651 lb.⁸)

264 4663 394 4728 Omnino
417 4665 597 4729 credendum
622 4675 679 4741 est,
702 4667 760 4730 dno
784 4665 877 4729 luisse
892 4685 1005 4747 genera
1022 4666 1181 4742 hominum,
1209 4666 1259 4747 qui
1282 4667 1389 4730 stellae
1412 4665 1442 4728 in
1466 4667 1529 4728 lor-

177 4771 243 4814 mas
266 4753 412 4834 quasdam
434 4754 625 4835 redegerunt,
649 4755 800 4836 agricolas
824 4763 856 4817 et
878 4761 997 4818 neuma.
1044 4755 1091 4818 De
1107 4754 1256 4836 agricolis,
1281 4754 1332 4836 qui
1346 4752 1531 4835 antiquiores

178 4840 334 4918 videntur,
358 4842 421 4906 dixi
444 4861 546 4930 sopra.
594 4842 750 4916 Quomodo
783 4844 862 4908 enim
893 4843 1060 4926 intelligere
1091 4852 1232 4927 possent,
1265 4841 1367 4906 Solem
1390 4843 1530 4907 absoluta
