<?xml version="1.0" encoding="UTF-8"?>
<!DOCTYPE html PUBLIC "-//W3C//DTD XHTML 1.0 Transitional//EN"
    "http://www.w3.org/TR/xhtml1/DTD/xhtml1-transitional.dtd">
<html xmlns="http://www.w3.org/1999/xhtml" xml:lang="en" lang="en">
 <head>
  <title>
</title>
<meta http-equiv="Content-Type" content="text/html;charset=utf-8" />
  <meta name='ocr-system' content='tesseract 3.04.00' />
  <meta name='ocr-capabilities' content='ocr_page ocr_carea ocr_par ocr_line ocrx_word'/>
</head>
<body>
  <div class='ocr_page' id='page_1' title='image "./joanniskepleria02unkngoog/joanniskepleria02unkngoog_0387.png"; bbox 0 0 3718 5528; ppageno 0'>
   <div class='ocr_carea' id='block_1_1' title="bbox 344 311 1207 384">
    <p class='ocr_par' dir='ltr' id='par_1_1' title="bbox 344 311 1207 384">
     <span class='ocr_line' id='line_1_1' title="bbox 344 311 1207 384; baseline -0.01 -10"><span class='ocrx_word' id='word_1_1' title='bbox 344 317 409 384; x_wconf 86' lang='lat'><strong>358</strong></span> <span class='ocrx_word' id='word_1_2' title='bbox 837 311 1009 363; x_wconf 71' lang='lat' dir='ltr'><strong>Asmouorniae</strong></span> <span class='ocrx_word' id='word_1_3' title='bbox 1027 311 1089 364; x_wconf 86' lang='lat' dir='ltr'><strong>Pars</strong></span> <span class='ocrx_word' id='word_1_4' title='bbox 1108 312 1207 380; x_wconf 79' lang='lat' dir='ltr'><strong>Optics.</strong></span> 
     </span>
    </p>
   </div>
   <div class='ocr_carea' id='block_1_2' title="bbox 325 487 1703 4933">
    <p class='ocr_par' dir='ltr' id='par_1_2' title="bbox 342 487 1703 1197">
     <span class='ocr_line' id='line_1_2' title="bbox 344 487 1703 577; baseline -0.004 -18"><span class='ocrx_word' id='word_1_5' title='bbox 344 497 458 577; x_wconf 91' lang='lat' dir='ltr'><strong>reliquo</strong></span> <span class='ocrx_word' id='word_1_6' title='bbox 484 495 586 557; x_wconf 91' lang='lat' dir='ltr'><strong>modus</strong></span> <span class='ocrx_word' id='word_1_7' title='bbox 610 491 659 553; x_wconf 93' lang='lat' dir='ltr'><strong>hic</strong></span> <span class='ocrx_word' id='word_1_8' title='bbox 682 489 775 551; x_wconf 89' lang='lat' dir='ltr'><strong>habet</strong></span> <span class='ocrx_word' id='word_1_9' title='bbox 798 487 1015 569; x_wconf 64' lang='lat' dir='ltr'><strong>compendium?</strong></span> <span class='ocrx_word' id='word_1_10' title='bbox 1059 487 1139 552; x_wconf 87' lang='lat' dir='ltr'><strong>Nam</strong></span> <span class='ocrx_word' id='word_1_11' title='bbox 1167 489 1314 552; x_wconf 86' lang='lat' dir='ltr'><strong>hactenus</strong></span> <span class='ocrx_word' id='word_1_12' title='bbox 1343 487 1461 570; x_wconf 89' lang='lat' dir='ltr'><strong>quidem</strong></span> <span class='ocrx_word' id='word_1_13' title='bbox 1489 490 1703 553; x_wconf 74' lang='lat' dir='ltr'><strong>inclinationes</strong></span> 
     </span>
     <span class='ocr_line' id='line_1_3' title="bbox 344 579 1703 664; baseline -0.004 -15"><span class='ocrx_word' id='word_1_14' title='bbox 344 586 447 649; x_wconf 92' lang='lat' dir='ltr'><strong>circuli</strong></span> <span class='ocrx_word' id='word_1_15' title='bbox 470 602 523 664; x_wconf 99' lang='grc' dir='ltr'><strong>ρετ</strong></span> <span class='ocrx_word' id='word_1_16' title='bbox 547 588 651 644; x_wconf 87' lang='lat' dir='ltr'><strong>centra</strong></span> <span class='ocrx_word' id='word_1_17' title='bbox 675 579 713 640; x_wconf 93' lang='lat' dir='ltr'><strong>ad</strong></span> <span class='ocrx_word' id='word_1_18' title='bbox 737 579 912 640; x_wconf 88' lang='lat' dir='ltr'><strong>verticalem</strong></span> <span class='ocrx_word' id='word_1_19' title='bbox 936 579 1017 640; x_wconf 86' lang='lat' dir='ltr'><strong>fuere</strong></span> <span class='ocrx_word' id='word_1_20' title='bbox 1051 585 1234 655; x_wconf 81' lang='lat' dir='ltr'><strong>annotatae,</strong></span> <span class='ocrx_word' id='word_1_21' title='bbox 1268 598 1325 640; x_wconf 92' lang='lat' dir='ltr'><strong>nou</strong></span> <span class='ocrx_word' id='word_1_22' title='bbox 1350 597 1422 640; x_wconf 88' lang='lat' dir='ltr'><strong>saue</strong></span> <span class='ocrx_word' id='word_1_23' title='bbox 1455 588 1579 661; x_wconf 91' lang='lat' dir='ltr'><strong>propter</strong></span> <span class='ocrx_word' id='word_1_24' title='bbox 1604 581 1703 662; x_wconf 89' lang='lat' dir='ltr'><strong>ipsum</strong></span> 
     </span>
     <span class='ocr_line' id='line_1_4' title="bbox 344 667 1703 752; baseline -0.003 -15"><span class='ocrx_word' id='word_1_25' title='bbox 344 673 531 748; x_wconf 80' lang='lat' dir='ltr'><strong>verticalern,</strong></span> <span class='ocrx_word' id='word_1_26' title='bbox 565 669 619 732; x_wconf 90' lang='lat' dir='ltr'><strong>sed</strong></span> <span class='ocrx_word' id='word_1_27' title='bbox 642 676 675 731; x_wconf 90' lang='lat' dir='ltr'><strong>ut</strong></span> <span class='ocrx_word' id='word_1_28' title='bbox 698 687 751 749; x_wconf 92' lang='lat' dir='ltr'><strong>per</strong></span> <span class='ocrx_word' id='word_1_29' title='bbox 773 667 948 730; x_wconf 90' lang='lat' dir='ltr'><strong>verticalem</strong></span> <span class='ocrx_word' id='word_1_30' title='bbox 979 668 1126 730; x_wconf 84' lang='lat' dir='ltr'><strong>scirentur</strong></span> <span class='ocrx_word' id='word_1_31' title='bbox 1157 668 1368 730; x_wconf 85' lang='lat' dir='ltr'><strong>inclinationes</strong></span> <span class='ocrx_word' id='word_1_32' title='bbox 1399 667 1487 748; x_wconf 92' lang='lat' dir='ltr'><strong>hujus</strong></span> <span class='ocrx_word' id='word_1_33' title='bbox 1520 670 1625 732; x_wconf 91' lang='lat' dir='ltr'><strong>circuli</strong></span> <span class='ocrx_word' id='word_1_34' title='bbox 1647 691 1703 752; x_wconf 91' lang='lat' dir='ltr'><strong>per</strong></span> 
     </span>
     <span class='ocr_line' id='line_1_5' title="bbox 344 756 1701 842; baseline -0.004 -16"><span class='ocrx_word' id='word_1_35' title='bbox 344 773 448 826; x_wconf 88' lang='lat' dir='ltr'><strong>centra</strong></span> <span class='ocrx_word' id='word_1_36' title='bbox 472 761 510 823; x_wconf 89' lang='lat' dir='ltr'><strong>ad</strong></span> <span class='ocrx_word' id='word_1_37' title='bbox 533 762 631 842; x_wconf 87' lang='lat' dir='ltr'><strong>ipsam</strong></span> <span class='ocrx_word' id='word_1_38' title='bbox 656 758 836 838; x_wconf 81' lang='lat' dir='ltr'><strong>eclipticam.</strong></span> <span class='ocrx_word' id='word_1_39' title='bbox 875 758 932 819; x_wconf 90' lang='lat' dir='ltr'><strong>Hic</strong></span> <span class='ocrx_word' id='word_1_40' title='bbox 948 777 1019 818; x_wconf 87' lang='lat' dir='ltr'><strong>vero</strong></span> <span class='ocrx_word' id='word_1_41' title='bbox 1043 756 1255 818; x_wconf 84' lang='lat' dir='ltr'><strong>inclinationes</strong></span> <span class='ocrx_word' id='word_1_42' title='bbox 1279 757 1383 818; x_wconf 86' lang='lat' dir='ltr'><strong>statim</strong></span> <span class='ocrx_word' id='word_1_43' title='bbox 1399 757 1437 818; x_wconf 92' lang='lat' dir='ltr'><strong>ad</strong></span> <span class='ocrx_word' id='word_1_44' title='bbox 1457 758 1554 838; x_wconf 88' lang='lat' dir='ltr'><strong>ipsam</strong></span> <span class='ocrx_word' id='word_1_45' title='bbox 1574 761 1701 822; x_wconf 84' lang='lat' dir='ltr'><strong>fixarum</strong></span> 
     </span>
     <span class='ocr_line' id='line_1_6' title="bbox 343 845 1701 933; baseline -0.003 -19"><span class='ocrx_word' id='word_1_46' title='bbox 343 853 502 933; x_wconf 87' lang='lat' dir='ltr'><strong>sphaeram</strong></span> <span class='ocrx_word' id='word_1_47' title='bbox 525 851 704 911; x_wconf 88' lang='lat' dir='ltr'><strong>referuntur.</strong></span> <span class='ocrx_word' id='word_1_48' title='bbox 752 848 989 908; x_wconf 88' lang='lat' dir='ltr'><strong>Fundamentum</strong></span> <span class='ocrx_word' id='word_1_49' title='bbox 1013 846 1117 907; x_wconf 92' lang='lat' dir='ltr'><strong>horum</strong></span> <span class='ocrx_word' id='word_1_50' title='bbox 1141 845 1369 925; x_wconf 88' lang='lat' dir='ltr'><strong>problematum,</strong></span> <span class='ocrx_word' id='word_1_51' title='bbox 1396 849 1474 926; x_wconf 91' lang='lat' dir='ltr'><strong>quod</strong></span> <span class='ocrx_word' id='word_1_52' title='bbox 1498 867 1610 910; x_wconf 87' lang='lat' dir='ltr'><strong>cornua</strong></span> <span class='ocrx_word' id='word_1_53' title='bbox 1634 869 1701 910; x_wconf 91' lang='lat' dir='ltr'><strong>curn</strong></span> 
     </span>
     <span class='ocr_line' id='line_1_7' title="bbox 342 931 1700 1016; baseline -0.003 -12"><span class='ocrx_word' id='word_1_54' title='bbox 342 943 402 1003; x_wconf 81' lang='lat' dir='ltr'><strong>lixa</strong></span> <span class='ocrx_word' id='word_1_55' title='bbox 416 931 445 1003; x_wconf 90' lang='lat' dir='ltr'><strong>in</strong></span> <span class='ocrx_word' id='word_1_56' title='bbox 469 948 583 1002; x_wconf 91' lang='lat' dir='ltr'><strong>rectam</strong></span> <span class='ocrx_word' id='word_1_57' title='bbox 606 937 770 998; x_wconf 87' lang='lat' dir='ltr'><strong>incidentia</strong></span> <span class='ocrx_word' id='word_1_58' title='bbox 790 936 910 1013; x_wconf 87' lang='lat' dir='ltr'><strong>attinet,</strong></span> <span class='ocrx_word' id='word_1_59' title='bbox 937 944 984 996; x_wconf 91' lang='lat' dir='ltr'><strong>est</strong></span> <span class='ocrx_word' id='word_1_60' title='bbox 998 935 1064 1010; x_wconf 92' lang='lat' dir='ltr'><strong>hoc,</strong></span> <span class='ocrx_word' id='word_1_61' title='bbox 1090 935 1167 1016; x_wconf 93' lang='lat' dir='ltr'><strong>quod</strong></span> <span class='ocrx_word' id='word_1_62' title='bbox 1188 943 1368 997; x_wconf 89' lang='lat' dir='ltr'><strong>connectens</strong></span> <span class='ocrx_word' id='word_1_63' title='bbox 1392 955 1534 998; x_wconf 89' lang='lat' dir='ltr'><strong>cornuum</strong></span> <span class='ocrx_word' id='word_1_64' title='bbox 1553 948 1700 1016; x_wconf 82' lang='lat' dir='ltr'><strong>extrema,</strong></span> 
     </span>
     <span class='ocr_line' id='line_1_8' title="bbox 343 1024 1702 1109; baseline -0.001 -17"><span class='ocrx_word' id='word_1_65' title='bbox 343 1032 398 1092; x_wconf 92' lang='lat' dir='ltr'><strong>hoc</strong></span> <span class='ocrx_word' id='word_1_66' title='bbox 428 1039 476 1091; x_wconf 91' lang='lat' dir='ltr'><strong>est</strong></span> <span class='ocrx_word' id='word_1_67' title='bbox 505 1030 655 1091; x_wconf 86' lang='lat' dir='ltr'><strong>sectiones</strong></span> <span class='ocrx_word' id='word_1_68' title='bbox 687 1027 821 1088; x_wconf 92' lang='lat' dir='ltr'><strong>binorum</strong></span> <span class='ocrx_word' id='word_1_69' title='bbox 852 1024 1047 1100; x_wconf 91' lang='lat' dir='ltr'><strong>circulorum,</strong></span> <span class='ocrx_word' id='word_1_70' title='bbox 1083 1031 1132 1085; x_wconf 89' lang='lat' dir='ltr'><strong>est</strong></span> <span class='ocrx_word' id='word_1_71' title='bbox 1162 1025 1417 1104; x_wconf 88' lang='lat' dir='ltr'><strong>perpendicularis</strong></span> <span class='ocrx_word' id='word_1_72' title='bbox 1449 1029 1619 1090; x_wconf 89' lang='lat' dir='ltr'><strong>transeunti</strong></span> <span class='ocrx_word' id='word_1_73' title='bbox 1647 1047 1702 1109; x_wconf 88' lang='lat' dir='ltr'><strong>por</strong></span> 
     </span>
     <span class='ocr_line' id='line_1_9' title="bbox 343 1110 1471 1197; baseline -0.004 -16"><span class='ocrx_word' id='word_1_74' title='bbox 343 1127 456 1181; x_wconf 90' lang='lat' dir='ltr'><strong>centra.</strong></span> <span class='ocrx_word' id='word_1_75' title='bbox 503 1117 652 1197; x_wconf 83' lang='lat' dir='ltr'><strong>Exempla</strong></span> <span class='ocrx_word' id='word_1_76' title='bbox 677 1123 747 1177; x_wconf 89' lang='lat' dir='ltr'><strong>suut</strong></span> <span class='ocrx_word' id='word_1_77' title='bbox 770 1113 867 1194; x_wconf 92' lang='lat' dir='ltr'><strong>probl.</strong></span> <span class='ocrx_word' id='word_1_78' title='bbox 893 1110 946 1175; x_wconf 85' lang='lat'><strong>21.</strong></span> <span class='ocrx_word' id='word_1_79' title='bbox 972 1121 1003 1174; x_wconf 90' lang='lat' dir='ltr'><strong>et</strong></span> <span class='ocrx_word' id='word_1_80' title='bbox 1026 1113 1055 1174; x_wconf 94' lang='lat' dir='ltr'><strong>in</strong></span> <span class='ocrx_word' id='word_1_81' title='bbox 1081 1113 1327 1176; x_wconf 86' lang='lat' dir='ltr'><strong>antecedentibus</strong></span> <span class='ocrx_word' id='word_1_82' title='bbox 1352 1113 1471 1176; x_wconf 91' lang='lat' dir='ltr'><strong>alicubi.</strong></span> 
     </span>
    </p>

    <p class='ocr_par' dir='ltr' id='par_1_3' title="bbox 336 1201 1703 2872">
     <span class='ocr_line' id='line_1_10' title="bbox 429 1201 1700 1282; baseline -0.002 -12"><span class='ocrx_word' id='word_1_83' title='bbox 429 1204 627 1270; x_wconf 88' lang='lat' dir='ltr'><strong>Problema</strong></span> <span class='ocrx_word' id='word_1_84' title='bbox 646 1205 717 1268; x_wconf 90' lang='lat' dir='ltr'><strong>XX.</strong></span> <span class='ocrx_word' id='word_1_85' title='bbox 756 1203 943 1282; x_wconf 83' lang='lat' dir='ltr'><strong>Tempora</strong></span> <span class='ocrx_word' id='word_1_86' title='bbox 965 1201 1133 1282; x_wconf 89' lang='lat' dir='ltr'><strong>phasium</strong></span> <span class='ocrx_word' id='word_1_87' title='bbox 1154 1202 1398 1264; x_wconf 88' lang='lat' dir='ltr'><strong>communiter</strong></span> <span class='ocrx_word' id='word_1_88' title='bbox 1418 1209 1605 1269; x_wconf 88' lang='lat' dir='ltr'><strong>annotare.</strong></span> <span class='ocrx_word' id='word_1_89' title='bbox 1629 1205 1700 1268; x_wconf 87' lang='lat' dir='ltr'><strong>Jam</strong></span> 
     </span>
     <span class='ocr_line' id='line_1_11' title="bbox 341 1290 1699 1377; baseline -0.001 -18"><span class='ocrx_word' id='word_1_90' title='bbox 341 1299 413 1360; x_wconf 94' lang='lat' dir='ltr'><strong>olim</strong></span> <span class='ocrx_word' id='word_1_91' title='bbox 435 1295 693 1377; x_wconf 85' lang='lat' dir='ltr'><strong>Regiornontanus</strong></span> <span class='ocrx_word' id='word_1_92' title='bbox 717 1313 755 1354; x_wconf 85' lang='lat' dir='ltr'><strong>en</strong></span> <span class='ocrx_word' id='word_1_93' title='bbox 773 1292 958 1372; x_wconf 87' lang='lat' dir='ltr'><strong>Albategnio</strong></span> <span class='ocrx_word' id='word_1_94' title='bbox 980 1292 1136 1371; x_wconf 89' lang='lat' dir='ltr'><strong>praecepit</strong></span> <span class='ocrx_word' id='word_1_95' title='bbox 1159 1301 1303 1353; x_wconf 89' lang='lat' dir='ltr'><strong>annotare</strong></span> <span class='ocrx_word' id='word_1_96' title='bbox 1325 1290 1425 1354; x_wconf 91' lang='lat' dir='ltr'><strong>Solis</strong></span> <span class='ocrx_word' id='word_1_97' title='bbox 1450 1292 1699 1358; x_wconf 89' lang='lat' dir='ltr'><strong>altitudinem.</strong></span> 
     </span>
     <span class='ocr_line' id='line_1_12' title="bbox 340 1379 1701 1460; baseline -0.002 -11"><span class='ocrx_word' id='word_1_98' title='bbox 340 1387 387 1448; x_wconf 89' lang='lat' dir='ltr'><strong>De</strong></span> <span class='ocrx_word' id='word_1_99' title='bbox 408 1395 495 1448; x_wconf 89' lang='lat' dir='ltr'><strong>nocte</strong></span> <span class='ocrx_word' id='word_1_100' title='bbox 516 1384 684 1448; x_wconf 87' lang='lat' dir='ltr'><strong>rectissime</strong></span> <span class='ocrx_word' id='word_1_101' title='bbox 709 1383 831 1444; x_wconf 90' lang='lat' dir='ltr'><strong>clarae</strong></span> <span class='ocrx_word' id='word_1_102' title='bbox 857 1381 1013 1460; x_wconf 92' lang='lat' dir='ltr'><strong>alicujus</strong></span> <span class='ocrx_word' id='word_1_103' title='bbox 1037 1379 1135 1442; x_wconf 82' lang='lat' dir='ltr'><strong>fixae</strong></span> <span class='ocrx_word' id='word_1_104' title='bbox 1158 1381 1318 1442; x_wconf 89' lang='lat' dir='ltr'><strong>altitudo</strong></span> <span class='ocrx_word' id='word_1_105' title='bbox 1343 1381 1479 1443; x_wconf 88' lang='lat' dir='ltr'><strong>sumitur.</strong></span> <span class='ocrx_word' id='word_1_106' title='bbox 1514 1381 1548 1444; x_wconf 93' lang='lat' dir='ltr'><strong>Si</strong></span> <span class='ocrx_word' id='word_1_107' title='bbox 1568 1383 1701 1447; x_wconf 91' lang='lat' dir='ltr'><strong>nubilum</strong></span> 
     </span>
     <span class='ocr_line' id='line_1_13' title="bbox 342 1469 1702 1549; baseline -0.001 -13"><span class='ocrx_word' id='word_1_108' title='bbox 342 1477 457 1537; x_wconf 87' lang='lat' dir='ltr'><strong>coelum</strong></span> <span class='ocrx_word' id='word_1_109' title='bbox 481 1475 522 1538; x_wconf 89' lang='lat' dir='ltr'><strong>sit</strong></span> <span class='ocrx_word' id='word_1_110' title='bbox 546 1473 709 1536; x_wconf 88' lang='lat' dir='ltr'><strong>latentibus</strong></span> <span class='ocrx_word' id='word_1_111' title='bbox 741 1471 822 1546; x_wconf 82' lang='lat' dir='ltr'><strong>lixis,</strong></span> <span class='ocrx_word' id='word_1_112' title='bbox 852 1472 975 1536; x_wconf 88' lang='lat' dir='ltr'><strong>Lunae</strong></span> <span class='ocrx_word' id='word_1_113' title='bbox 1007 1469 1128 1549; x_wconf 92' lang='lat' dir='ltr'><strong>ipsius</strong></span> <span class='ocrx_word' id='word_1_114' title='bbox 1161 1470 1322 1532; x_wconf 88' lang='lat' dir='ltr'><strong>altitudo</strong></span> <span class='ocrx_word' id='word_1_115' title='bbox 1354 1478 1525 1532; x_wconf 88' lang='lat' dir='ltr'><strong>annotatur.</strong></span> <span class='ocrx_word' id='word_1_116' title='bbox 1574 1470 1702 1536; x_wconf 83' lang='lat' dir='ltr'><strong>Confert</strong></span> 
     </span>
     <span class='ocr_line' id='line_1_14' title="bbox 341 1557 1701 1643; baseline -0.001 -17"><span class='ocrx_word' id='word_1_117' title='bbox 341 1573 373 1625; x_wconf 88' lang='lat' dir='ltr'><strong>et</strong></span> <span class='ocrx_word' id='word_1_118' title='bbox 404 1565 520 1626; x_wconf 90' lang='lat' dir='ltr'><strong>notatio</strong></span> <span class='ocrx_word' id='word_1_119' title='bbox 559 1561 819 1625; x_wconf 89' lang='lat' dir='ltr'><strong>azimuthorum</strong></span> <span class='ocrx_word' id='word_1_120' title='bbox 856 1561 961 1621; x_wconf 91' lang='lat' dir='ltr'><strong>horum</strong></span> <span class='ocrx_word' id='word_1_121' title='bbox 994 1559 1132 1620; x_wconf 90' lang='lat' dir='ltr'><strong>omnium.</strong></span> <span class='ocrx_word' id='word_1_122' title='bbox 1185 1557 1341 1629; x_wconf 83' lang='lat' dir='ltr'><strong>Quomodo</strong></span> <span class='ocrx_word' id='word_1_123' title='bbox 1375 1579 1445 1620; x_wconf 90' lang='lat' dir='ltr'><strong>vero</strong></span> <span class='ocrx_word' id='word_1_124' title='bbox 1478 1561 1547 1622; x_wconf 88' lang='lat' dir='ltr'><strong>hinc</strong></span> <span class='ocrx_word' id='word_1_125' title='bbox 1579 1569 1701 1643; x_wconf 88' lang='lat' dir='ltr'><strong>tempus</strong></span> 
     </span>
     <span class='ocr_line' id='line_1_15' title="bbox 340 1648 1702 1730; baseline 0 -16"><span class='ocrx_word' id='word_1_126' title='bbox 340 1653 507 1730; x_wconf 87' lang='lat' dir='ltr'><strong>habeatur,</strong></span> <span class='ocrx_word' id='word_1_127' title='bbox 541 1652 571 1714; x_wconf 92' lang='lat' dir='ltr'><strong>in</strong></span> <span class='ocrx_word' id='word_1_128' title='bbox 596 1650 733 1713; x_wconf 89' lang='lat' dir='ltr'><strong>doctriua</strong></span> <span class='ocrx_word' id='word_1_129' title='bbox 756 1648 844 1730; x_wconf 93' lang='lat' dir='ltr'><strong>primi</strong></span> <span class='ocrx_word' id='word_1_130' title='bbox 876 1657 975 1710; x_wconf 88' lang='lat' dir='ltr'><strong>motus</strong></span> <span class='ocrx_word' id='word_1_131' title='bbox 999 1648 1116 1709; x_wconf 89' lang='lat' dir='ltr'><strong>abunde</strong></span> <span class='ocrx_word' id='word_1_132' title='bbox 1141 1649 1272 1710; x_wconf 90' lang='lat' dir='ltr'><strong>docetur.</strong></span> <span class='ocrx_word' id='word_1_133' title='bbox 1320 1649 1420 1712; x_wconf 86' lang='lat' dir='ltr'><strong>Audio</strong></span> <span class='ocrx_word' id='word_1_134' title='bbox 1445 1650 1612 1713; x_wconf 87' lang='lat' dir='ltr'><strong>clarissimo</strong></span> <span class='ocrx_word' id='word_1_135' title='bbox 1638 1653 1702 1715; x_wconf 91' lang='lat' dir='ltr'><strong>viro</strong></span> 
     </span>
     <span class='ocr_line' id='line_1_16' title="bbox 341 1737 1703 1820; baseline -0.001 -16"><span class='ocrx_word' id='word_1_136' title='bbox 341 1742 538 1804; x_wconf 89' lang='lat' dir='ltr'><strong>Melchiori</strong></span> <span class='ocrx_word' id='word_1_137' title='bbox 562 1741 583 1801; x_wconf 92' lang='lat' dir='ltr'><strong>J</strong></span> <span class='ocrx_word' id='word_1_138' title='bbox 591 1739 749 1803; x_wconf 86' lang='lat' dir='ltr'><strong>oestelio</strong></span> <span class='ocrx_word' id='word_1_139' title='bbox 780 1739 833 1800; x_wconf 89' lang='lat' dir='ltr'><strong>sub</strong></span> <span class='ocrx_word' id='word_1_140' title='bbox 858 1737 995 1799; x_wconf 89' lang='lat' dir='ltr'><strong>manibus</strong></span> <span class='ocrx_word' id='word_1_141' title='bbox 1019 1756 1087 1798; x_wconf 87' lang='lat' dir='ltr'><strong>esse</strong></span> <span class='ocrx_word' id='word_1_142' title='bbox 1111 1737 1263 1817; x_wconf 86' lang='lat' dir='ltr'><strong>egregium</strong></span> <span class='ocrx_word' id='word_1_143' title='bbox 1292 1756 1383 1818; x_wconf 94' lang='lat' dir='ltr'><strong>opus,</strong></span> <span class='ocrx_word' id='word_1_144' title='bbox 1416 1739 1703 1820; x_wconf 87' lang='lat' dir='ltr'><strong>quadringentorum</strong></span> 
     </span>
     <span class='ocr_line' id='line_1_17' title="bbox 339 1825 1701 1912; baseline 0 -19"><span class='ocrx_word' id='word_1_145' title='bbox 339 1833 559 1912; x_wconf 89' lang='lat' dir='ltr'><strong>problematum</strong></span> <span class='ocrx_word' id='word_1_146' title='bbox 579 1829 667 1911; x_wconf 91' lang='lat' dir='ltr'><strong>primi</strong></span> <span class='ocrx_word' id='word_1_147' title='bbox 685 1828 804 1888; x_wconf 90' lang='lat' dir='ltr'><strong>mobilis</strong></span> <span class='ocrx_word' id='word_1_148' title='bbox 826 1847 879 1908; x_wconf 91' lang='lat' dir='ltr'><strong>per</strong></span> <span class='ocrx_word' id='word_1_149' title='bbox 901 1825 1191 1907; x_wconf 89' lang='lat' dir='ltr'><strong>prosthaphaereses</strong></span> <span class='ocrx_word' id='word_1_150' title='bbox 1212 1827 1306 1887; x_wconf 86' lang='lat' dir='ltr'><strong>nudas</strong></span> <span class='ocrx_word' id='word_1_151' title='bbox 1323 1847 1441 1888; x_wconf 91' lang='lat' dir='ltr'><strong>arcuum</strong></span> <span class='ocrx_word' id='word_1_152' title='bbox 1458 1837 1489 1889; x_wconf 91' lang='lat' dir='ltr'><strong>et</strong></span> <span class='ocrx_word' id='word_1_153' title='bbox 1505 1829 1701 1893; x_wconf 88' lang='lat' dir='ltr'><strong>chordarum:</strong></span> 
     </span>
     <span class='ocr_line' id='line_1_18' title="bbox 343 1915 1703 2000; baseline 0.001 -19"><span class='ocrx_word' id='word_1_154' title='bbox 343 1920 423 2000; x_wconf 92' lang='lat' dir='ltr'><strong>quod</strong></span> <span class='ocrx_word' id='word_1_155' title='bbox 448 1920 555 1982; x_wconf 90' lang='lat' dir='ltr'><strong>calculi</strong></span> <span class='ocrx_word' id='word_1_156' title='bbox 579 1938 673 1998; x_wconf 85' lang='lat' dir='ltr'><strong>genus</strong></span> <span class='ocrx_word' id='word_1_157' title='bbox 698 1917 831 1999; x_wconf 89' lang='lat' dir='ltr'><strong>Tychoui</strong></span> <span class='ocrx_word' id='word_1_158' title='bbox 856 1917 924 1978; x_wconf 91' lang='lat' dir='ltr'><strong>inde</strong></span> <span class='ocrx_word' id='word_1_159' title='bbox 949 1935 967 1976; x_wconf 91' lang='lat' dir='ltr'><strong>a</strong></span> <span class='ocrx_word' id='word_1_160' title='bbox 990 1915 1092 1978; x_wconf 91' lang='lat' dir='ltr'><strong>multis</strong></span> <span class='ocrx_word' id='word_1_161' title='bbox 1116 1915 1202 1976; x_wconf 90' lang='lat' dir='ltr'><strong>annis</strong></span> <span class='ocrx_word' id='word_1_162' title='bbox 1236 1915 1400 1992; x_wconf 86' lang='lat' dir='ltr'><strong>familiare,</strong></span> <span class='ocrx_word' id='word_1_163' title='bbox 1433 1937 1488 1978; x_wconf 93' lang='lat' dir='ltr'><strong>nec</strong></span> <span class='ocrx_word' id='word_1_164' title='bbox 1511 1921 1703 1982; x_wconf 86' lang='lat' dir='ltr'><strong>mediocriter</strong></span> 
     </span>
     <span class='ocr_line' id='line_1_19' title="bbox 345 2004 1703 2088; baseline 0 -17"><span class='ocrx_word' id='word_1_165' title='bbox 345 2030 363 2071; x_wconf 89' lang='lat' dir='ltr'><strong>a</strong></span> <span class='ocrx_word' id='word_1_166' title='bbox 387 2008 494 2072; x_wconf 80' lang='lat' dir='ltr'><strong>Clario</strong></span> <span class='ocrx_word' id='word_1_167' title='bbox 519 2010 701 2088; x_wconf 89' lang='lat' dir='ltr'><strong>percultum,</strong></span> <span class='ocrx_word' id='word_1_168' title='bbox 721 2009 785 2086; x_wconf 89' lang='lat' dir='ltr'><strong>jam</strong></span> <span class='ocrx_word' id='word_1_169' title='bbox 811 2005 932 2066; x_wconf 88' lang='lat' dir='ltr'><strong>tandem</strong></span> <span class='ocrx_word' id='word_1_170' title='bbox 956 2025 975 2065; x_wconf 89' lang='lat' dir='ltr'><strong>a</strong></span> <span class='ocrx_word' id='word_1_171' title='bbox 997 2004 1144 2066; x_wconf 89' lang='lat' dir='ltr'><strong>Jocstelio</strong></span> <span class='ocrx_word' id='word_1_172' title='bbox 1169 2005 1329 2085; x_wconf 85' lang='lat' dir='ltr'><strong>perficitur.</strong></span> <span class='ocrx_word' id='word_1_173' title='bbox 1371 2005 1417 2067; x_wconf 85' lang='lat' dir='ltr'><strong>Eo</strong></span> <span class='ocrx_word' id='word_1_174' title='bbox 1440 2006 1534 2086; x_wconf 84' lang='lat' dir='ltr'><strong>igitur</strong></span> <span class='ocrx_word' id='word_1_175' title='bbox 1557 2010 1703 2072; x_wconf 90' lang='lat' dir='ltr'><strong>lectorem</strong></span> 
     </span>
     <span class='ocr_line' id='line_1_20' title="bbox 345 2092 1702 2180; baseline 0.002 -22"><span class='ocrx_word' id='word_1_176' title='bbox 345 2092 524 2177; x_wconf 79' lang='lat' dir='ltr'><strong>ablego.⁹‘)</strong></span> <span class='ocrx_word' id='word_1_177' title='bbox 570 2099 649 2160; x_wconf 88' lang='lat' dir='ltr'><strong>Nam</strong></span> <span class='ocrx_word' id='word_1_178' title='bbox 673 2097 748 2158; x_wconf 89' lang='lat' dir='ltr'><strong>haec</strong></span> <span class='ocrx_word' id='word_1_179' title='bbox 781 2095 972 2175; x_wconf 89' lang='lat' dir='ltr'><strong>problemata</strong></span> <span class='ocrx_word' id='word_1_180' title='bbox 1005 2093 1212 2154; x_wconf 82' lang='lat' dir='ltr'><strong>observatoris</strong></span> <span class='ocrx_word' id='word_1_181' title='bbox 1241 2101 1330 2155; x_wconf 90' lang='lat' dir='ltr'><strong>suut:</strong></span> <span class='ocrx_word' id='word_1_182' title='bbox 1365 2113 1440 2174; x_wconf 90' lang='lat' dir='ltr'><strong>quae</strong></span> <span class='ocrx_word' id='word_1_183' title='bbox 1465 2099 1588 2159; x_wconf 87' lang='lat' dir='ltr'><strong>veroin</strong></span> <span class='ocrx_word' id='word_1_184' title='bbox 1613 2107 1702 2180; x_wconf 88' lang='lat' dir='ltr'><strong>parte</strong></span> 
     </span>
     <span class='ocr_line' id='line_1_21' title="bbox 341 2182 1702 2267; baseline 0.001 -19"><span class='ocrx_word' id='word_1_185' title='bbox 341 2188 440 2248; x_wconf 89' lang='lat' dir='ltr'><strong>altera</strong></span> <span class='ocrx_word' id='word_1_186' title='bbox 463 2195 640 2267; x_wconf 87' lang='lat' dir='ltr'><strong>sequentur,</strong></span> <span class='ocrx_word' id='word_1_187' title='bbox 675 2185 813 2246; x_wconf 90' lang='lat' dir='ltr'><strong>secundis</strong></span> <span class='ocrx_word' id='word_1_188' title='bbox 838 2182 1017 2256; x_wconf 89' lang='lat' dir='ltr'><strong>mobilibus,</strong></span> <span class='ocrx_word' id='word_1_189' title='bbox 1040 2201 1145 2262; x_wconf 86' lang='lat' dir='ltr'><strong>nempe</strong></span> <span class='ocrx_word' id='word_1_190' title='bbox 1169 2183 1298 2244; x_wconf 88' lang='lat' dir='ltr'><strong>motibus</strong></span> <span class='ocrx_word' id='word_1_191' title='bbox 1323 2183 1440 2260; x_wconf 89' lang='lat' dir='ltr'><strong>Lunae,</strong></span> <span class='ocrx_word' id='word_1_192' title='bbox 1466 2187 1615 2264; x_wconf 90' lang='lat' dir='ltr'><strong>servient,</strong></span> <span class='ocrx_word' id='word_1_193' title='bbox 1643 2209 1702 2250; x_wconf 92' lang='lat' dir='ltr'><strong>non</strong></span> 
     </span>
     <span class='ocr_line' id='line_1_22' title="bbox 342 2271 1701 2356; baseline 0.002 -20"><span class='ocrx_word' id='word_1_194' title='bbox 342 2277 439 2356; x_wconf 93' lang='lat' dir='ltr'><strong>primo</strong></span> <span class='ocrx_word' id='word_1_195' title='bbox 472 2274 584 2336; x_wconf 89' lang='lat' dir='ltr'><strong>mobili.</strong></span> <span class='ocrx_word' id='word_1_196' title='bbox 632 2273 734 2355; x_wconf 89' lang='lat' dir='ltr'><strong>Tycho</strong></span> <span class='ocrx_word' id='word_1_197' title='bbox 766 2274 866 2335; x_wconf 91' lang='lat' dir='ltr'><strong>Brahe</strong></span> <span class='ocrx_word' id='word_1_198' title='bbox 897 2271 1103 2352; x_wconf 83' lang='lat' dir='ltr'><strong>horologiis</strong></span> <span class='ocrx_word' id='word_1_199' title='bbox 1134 2271 1179 2333; x_wconf 93' lang='lat' dir='ltr'><strong>uti</strong></span> <span class='ocrx_word' id='word_1_200' title='bbox 1212 2272 1301 2333; x_wconf 91' lang='lat' dir='ltr'><strong>docet</strong></span> <span class='ocrx_word' id='word_1_201' title='bbox 1334 2272 1512 2352; x_wconf 79' lang='lat' dir='ltr'><strong>expeditius.</strong></span> <span class='ocrx_word' id='word_1_202' title='bbox 1568 2275 1701 2338; x_wconf 91' lang='lat' dir='ltr'><strong>Primum</strong></span> 
     </span>
     <span class='ocr_line' id='line_1_23' title="bbox 340 2361 1701 2446; baseline 0.001 -21"><span class='ocrx_word' id='word_1_203' title='bbox 340 2363 489 2444; x_wconf 82' lang='lat' dir='ltr'><strong>horologii</strong></span> <span class='ocrx_word' id='word_1_204' title='bbox 522 2363 686 2443; x_wconf 89' lang='lat' dir='ltr'><strong>periculum</strong></span> <span class='ocrx_word' id='word_1_205' title='bbox 717 2363 750 2423; x_wconf 89' lang='lat' dir='ltr'><strong>fit</strong></span> <span class='ocrx_word' id='word_1_206' title='bbox 789 2382 843 2444; x_wconf 88' lang='lat' dir='ltr'><strong>per</strong></span> <span class='ocrx_word' id='word_1_207' title='bbox 872 2361 987 2442; x_wconf 88' lang='lat' dir='ltr'><strong>aliquot</strong></span> <span class='ocrx_word' id='word_1_208' title='bbox 1010 2361 1072 2422; x_wconf 90' lang='lat' dir='ltr'><strong>dies</strong></span> <span class='ocrx_word' id='word_1_209' title='bbox 1106 2362 1332 2440; x_wconf 84' lang='lat' dir='ltr'><strong>praecedentes.</strong></span> <span class='ocrx_word' id='word_1_210' title='bbox 1380 2361 1458 2424; x_wconf 89' lang='lat' dir='ltr'><strong>Dein</strong></span> <span class='ocrx_word' id='word_1_211' title='bbox 1483 2383 1502 2424; x_wconf 91' lang='lat' dir='ltr'><strong>a</strong></span> <span class='ocrx_word' id='word_1_212' title='bbox 1525 2385 1701 2446; x_wconf 89' lang='lat' dir='ltr'><strong>quacunque</strong></span> 
     </span>
     <span class='ocr_line' id='line_1_24' title="bbox 342 2449 1700 2530; baseline 0.001 -16"><span class='ocrx_word' id='word_1_213' title='bbox 342 2461 416 2515; x_wconf 90' lang='lat' dir='ltr'><strong>nota</strong></span> <span class='ocrx_word' id='word_1_214' title='bbox 439 2453 523 2516; x_wconf 90' lang='lat' dir='ltr'><strong>initio</strong></span> <span class='ocrx_word' id='word_1_215' title='bbox 557 2473 661 2514; x_wconf 91' lang='lat' dir='ltr'><strong>cursus</strong></span> <span class='ocrx_word' id='word_1_216' title='bbox 696 2453 793 2526; x_wconf 89' lang='lat' dir='ltr'><strong>lacto,</strong></span> <span class='ocrx_word' id='word_1_217' title='bbox 827 2459 969 2514; x_wconf 89' lang='lat' dir='ltr'><strong>notantur</strong></span> <span class='ocrx_word' id='word_1_218' title='bbox 993 2449 1022 2511; x_wconf 95' lang='lat' dir='ltr'><strong>in</strong></span> <span class='ocrx_word' id='word_1_219' title='bbox 1048 2469 1081 2510; x_wconf 94' lang='lat' dir='ltr'><strong>eo</strong></span> <span class='ocrx_word' id='word_1_220' title='bbox 1106 2451 1218 2511; x_wconf 90' lang='lat' dir='ltr'><strong>iudicia</strong></span> <span class='ocrx_word' id='word_1_221' title='bbox 1241 2469 1298 2510; x_wconf 94' lang='lat' dir='ltr'><strong>non</strong></span> <span class='ocrx_word' id='word_1_222' title='bbox 1332 2451 1468 2530; x_wconf 92' lang='lat' dir='ltr'><strong>phasiurn</strong></span> <span class='ocrx_word' id='word_1_223' title='bbox 1502 2463 1619 2516; x_wconf 90' lang='lat' dir='ltr'><strong>tantum</strong></span> <span class='ocrx_word' id='word_1_224' title='bbox 1645 2457 1700 2516; x_wconf 89' lang='lat' dir='ltr'><strong>sed</strong></span> 
     </span>
     <span class='ocr_line' id='line_1_25' title="bbox 341 2539 1700 2622; baseline 0.001 -18"><span class='ocrx_word' id='word_1_225' title='bbox 341 2544 433 2604; x_wconf 88' lang='lat' dir='ltr'><strong>etiam</strong></span> <span class='ocrx_word' id='word_1_226' title='bbox 458 2543 669 2622; x_wconf 85' lang='lat' dir='ltr'><strong>applicationis</strong></span> <span class='ocrx_word' id='word_1_227' title='bbox 694 2541 776 2604; x_wconf 89' lang='lat' dir='ltr'><strong>Solis</strong></span> <span class='ocrx_word' id='word_1_228' title='bbox 800 2543 849 2602; x_wconf 87' lang='lat' dir='ltr'><strong>rel</strong></span> <span class='ocrx_word' id='word_1_229' title='bbox 872 2541 975 2602; x_wconf 88' lang='lat' dir='ltr'><strong>Lunae</strong></span> <span class='ocrx_word' id='word_1_230' title='bbox 999 2539 1047 2600; x_wconf 83' lang='lat' dir='ltr'><strong>rel</strong></span> <span class='ocrx_word' id='word_1_231' title='bbox 1075 2539 1199 2600; x_wconf 84' lang='lat' dir='ltr'><strong>fixarum</strong></span> <span class='ocrx_word' id='word_1_232' title='bbox 1225 2539 1263 2599; x_wconf 92' lang='lat' dir='ltr'><strong>ad</strong></span> <span class='ocrx_word' id='word_1_233' title='bbox 1292 2541 1501 2618; x_wconf 86' lang='lat' dir='ltr'><strong>meridianum,</strong></span> <span class='ocrx_word' id='word_1_234' title='bbox 1532 2551 1584 2605; x_wconf 92' lang='lat' dir='ltr'><strong>aut</strong></span> <span class='ocrx_word' id='word_1_235' title='bbox 1609 2542 1700 2606; x_wconf 88' lang='lat' dir='ltr'><strong>alium</strong></span> 
     </span>
     <span class='ocr_line' id='line_1_26' title="bbox 342 2629 1698 2710; baseline 0 -16"><span class='ocrx_word' id='word_1_236' title='bbox 342 2631 468 2694; x_wconf 88' lang='lat' dir='ltr'><strong>eundern</strong></span> <span class='ocrx_word' id='word_1_237' title='bbox 492 2641 661 2694; x_wconf 90' lang='lat' dir='ltr'><strong>etcertum</strong></span> <span class='ocrx_word' id='word_1_238' title='bbox 685 2631 836 2692; x_wconf 85' lang='lat' dir='ltr'><strong>circulum.</strong></span> <span class='ocrx_word' id='word_1_239' title='bbox 884 2631 933 2691; x_wconf 88' lang='lat' dir='ltr'><strong>Ita</strong></span> <span class='ocrx_word' id='word_1_240' title='bbox 961 2630 1073 2710; x_wconf 82' lang='lat' dir='ltr'><strong>pheses</strong></span> <span class='ocrx_word' id='word_1_241' title='bbox 1097 2647 1161 2690; x_wconf 89' lang='lat' dir='ltr'><strong>cunr</strong></span> <span class='ocrx_word' id='word_1_242' title='bbox 1192 2629 1326 2689; x_wconf 88' lang='lat' dir='ltr'><strong>articulis</strong></span> <span class='ocrx_word' id='word_1_243' title='bbox 1351 2629 1409 2691; x_wconf 90' lang='lat' dir='ltr'><strong>diei</strong></span> <span class='ocrx_word' id='word_1_244' title='bbox 1433 2649 1488 2710; x_wconf 89' lang='lat' dir='ltr'><strong>per</strong></span> <span class='ocrx_word' id='word_1_245' title='bbox 1510 2641 1594 2695; x_wconf 90' lang='lat' dir='ltr'><strong>certa</strong></span> <span class='ocrx_word' id='word_1_246' title='bbox 1618 2641 1698 2694; x_wconf 88' lang='lat' dir='ltr'><strong>tem-</strong></span> 
     </span>
     <span class='ocr_line' id='line_1_27' title="bbox 338 2715 1694 2803; baseline 0.002 -22"><span class='ocrx_word' id='word_1_247' title='bbox 338 2722 421 2803; x_wconf 92' lang='lat' dir='ltr'><strong>poris</strong></span> <span class='ocrx_word' id='word_1_248' title='bbox 445 2721 607 2783; x_wconf 91' lang='lat' dir='ltr'><strong>intervalla</strong></span> <span class='ocrx_word' id='word_1_249' title='bbox 621 2722 660 2784; x_wconf 90' lang='lat' dir='ltr'><strong>ab</strong></span> <span class='ocrx_word' id='word_1_250' title='bbox 685 2720 837 2802; x_wconf 83' lang='lat' dir='ltr'><strong>horologio</strong></span> <span class='ocrx_word' id='word_1_251' title='bbox 863 2719 996 2780; x_wconf 90' lang='lat' dir='ltr'><strong>iudicata</strong></span> <span class='ocrx_word' id='word_1_252' title='bbox 1020 2726 1255 2790; x_wconf 79' lang='lat' dir='ltr'><strong>connectuntur.</strong></span> <span class='ocrx_word' id='word_1_253' title='bbox 1285 2715 1433 2798; x_wconf 86' lang='lat' dir='ltr'><strong>Exempla</strong></span> <span class='ocrx_word' id='word_1_254' title='bbox 1448 2729 1518 2783; x_wconf 89' lang='lat' dir='ltr'><strong>sunt</strong></span> <span class='ocrx_word' id='word_1_255' title='bbox 1541 2721 1637 2802; x_wconf 93' lang='lat' dir='ltr'><strong>probl.</strong></span> <span class='ocrx_word' id='word_1_256' title='bbox 1655 2721 1694 2784; x_wconf 80' lang='lat'><strong>21</strong></span> 
     </span>
     <span class='ocr_line' id='line_1_28' title="bbox 336 2822 475 2872; baseline 0 0"><span class='ocrx_word' id='word_1_257' title='bbox 336 2822 424 2872; x_wconf 82' lang='lat' dir='ltr'><strong>etse</strong></span> <span class='ocrx_word' id='word_1_258' title='bbox 468 2857 475 2872; x_wconf 85' lang='lat'><strong>.</strong></span> 
     </span>
    </p>

    <p class='ocr_par' dir='ltr' id='par_1_4' title="bbox 334 2830 1697 3760">
     <span class='ocr_line' id='line_1_29' title="bbox 427 2830 1696 2976; baseline 0.002 -16"><span class='ocrx_word' id='word_1_259' title='bbox 427 2830 597 2961; x_wconf 56' lang='lat' dir='ltr'><strong>illatarum</strong></span> <span class='ocrx_word' id='word_1_260' title='bbox 642 2909 743 2959; x_wconf 91' lang='lat' dir='ltr'><strong>autern</strong></span> <span class='ocrx_word' id='word_1_261' title='bbox 779 2899 885 2959; x_wconf 89' lang='lat' dir='ltr'><strong>modos</strong></span> <span class='ocrx_word' id='word_1_262' title='bbox 927 2897 1041 2976; x_wconf 89' lang='lat' dir='ltr'><strong>aliquot</strong></span> <span class='ocrx_word' id='word_1_263' title='bbox 1080 2913 1135 2974; x_wconf 90' lang='grc' dir='ltr'><strong>ρετ</strong></span> <span class='ocrx_word' id='word_1_264' title='bbox 1174 2896 1321 2974; x_wconf 87' lang='lat' dir='ltr'><strong>exerrrpla.</strong></span> <span class='ocrx_word' id='word_1_265' title='bbox 1378 2898 1467 2957; x_wconf 87' lang='lat' dir='ltr'><strong>Anno</strong></span> <span class='ocrx_word' id='word_1_266' title='bbox 1509 2895 1602 2962; x_wconf 87' lang='grc'>1595.</span> <span class='ocrx_word' id='word_1_267' title='bbox 1644 2897 1696 2962; x_wconf 90' lang='grc'><strong>13.</strong></span> 
     </span>
     <span class='ocr_line' id='line_1_30' title="bbox 336 2985 1695 3069; baseline 0 -19"><span class='ocrx_word' id='word_1_268' title='bbox 336 2987 389 3051; x_wconf 83' lang='grc'><strong>23.</strong></span> <span class='ocrx_word' id='word_1_269' title='bbox 410 2988 507 3068; x_wconf 83' lang='grc' dir='ltr'>ΑρτίΙ.</span> <span class='ocrx_word' id='word_1_270' title='bbox 535 2985 635 3048; x_wconf 89' lang='lat' dir='ltr'><strong>Gratii</strong></span> <span class='ocrx_word' id='word_1_271' title='bbox 661 2985 792 3069; x_wconf 87' lang='lat' dir='ltr'><strong>Styriae,</strong></span> <span class='ocrx_word' id='word_1_272' title='bbox 816 3006 881 3047; x_wconf 90' lang='lat' dir='ltr'><strong>curn</strong></span> <span class='ocrx_word' id='word_1_273' title='bbox 907 2986 1022 3047; x_wconf 89' lang='lat' dir='ltr'><strong>initium</strong></span> <span class='ocrx_word' id='word_1_274' title='bbox 1046 2985 1192 3062; x_wconf 89' lang='lat' dir='ltr'><strong>eclipseos</strong></span> <span class='ocrx_word' id='word_1_275' title='bbox 1218 2985 1516 3063; x_wconf 84' lang='lat' dir='ltr'><strong>animadverteretur,</strong></span> <span class='ocrx_word' id='word_1_276' title='bbox 1543 2989 1599 3050; x_wconf 88' lang='lat' dir='ltr'><strong>iuit</strong></span> <span class='ocrx_word' id='word_1_277' title='bbox 1622 2991 1695 3050; x_wconf 88' lang='lat' dir='ltr'><strong>alti-</strong></span> 
     </span>
     <span class='ocr_line' id='line_1_31' title="bbox 337 3071 1693 3157; baseline 0 -19"><span class='ocrx_word' id='word_1_278' title='bbox 337 3079 409 3138; x_wconf 86' lang='lat' dir='ltr'><strong>tudo</strong></span> <span class='ocrx_word' id='word_1_279' title='bbox 429 3077 554 3139; x_wconf 86' lang='lat' dir='ltr'><strong>Arcturi</strong></span> <span class='ocrx_word' id='word_1_280' title='bbox 574 3073 636 3138; x_wconf 84' lang='grc'><strong>440</strong></span> <span class='ocrx_word' id='word_1_281' title='bbox 651 3071 830 3157; x_wconf 79' lang='grc' dir='ltr'>ὁλοσχερως,</span> <span class='ocrx_word' id='word_1_282' title='bbox 853 3074 1017 3135; x_wconf 87' lang='lat' dir='ltr'><strong>astrolabio</strong></span> <span class='ocrx_word' id='word_1_283' title='bbox 1033 3091 1201 3154; x_wconf 87' lang='lat' dir='ltr'><strong>papyraceo</strong></span> <span class='ocrx_word' id='word_1_284' title='bbox 1222 3073 1377 3134; x_wconf 90' lang='lat' dir='ltr'><strong>dodrantis</strong></span> <span class='ocrx_word' id='word_1_285' title='bbox 1397 3075 1554 3138; x_wconf 89' lang='lat' dir='ltr'><strong>latitudine</strong></span> <span class='ocrx_word' id='word_1_286' title='bbox 1575 3085 1604 3138; x_wconf 91' lang='lat' dir='ltr'><strong>et</strong></span> <span class='ocrx_word' id='word_1_287' title='bbox 1616 3097 1693 3156; x_wconf 89' lang='lat' dir='ltr'><strong>pen-</strong></span> 
     </span>
     <span class='ocr_line' id='line_1_32' title="bbox 338 3157 1693 3246; baseline 0 -20"><span class='ocrx_word' id='word_1_288' title='bbox 338 3167 417 3240; x_wconf 92' lang='lat' dir='ltr'><strong>dulo,</strong></span> <span class='ocrx_word' id='word_1_289' title='bbox 442 3165 546 3226; x_wconf 90' lang='lat' dir='ltr'><strong>Lunae</strong></span> <span class='ocrx_word' id='word_1_290' title='bbox 572 3184 642 3226; x_wconf 82' lang='lat' dir='ltr'><strong>vero</strong></span> <span class='ocrx_word' id='word_1_291' title='bbox 668 3167 796 3225; x_wconf 89' lang='lat' dir='ltr'><strong>altitudo</strong></span> <span class='ocrx_word' id='word_1_292' title='bbox 821 3157 900 3242; x_wconf 68' lang='lat' dir='ltr'><strong>tat,</strong></span> <span class='ocrx_word' id='word_1_293' title='bbox 911 3161 930 3224; x_wconf 90' lang='lat'><strong>⁰.</strong></span> <span class='ocrx_word' id='word_1_294' title='bbox 971 3161 1046 3224; x_wconf 88' lang='lat' dir='ltr'><strong>Cum</strong></span> <span class='ocrx_word' id='word_1_295' title='bbox 1065 3161 1131 3241; x_wconf 90' lang='lat' dir='ltr'><strong>jam</strong></span> <span class='ocrx_word' id='word_1_296' title='bbox 1155 3163 1236 3222; x_wconf 92' lang='lat' dir='ltr'><strong>nulla</strong></span> <span class='ocrx_word' id='word_1_297' title='bbox 1259 3162 1310 3223; x_wconf 87' lang='lat' dir='ltr'><strong>lux</strong></span> <span class='ocrx_word' id='word_1_298' title='bbox 1334 3165 1461 3244; x_wconf 88' lang='lat' dir='ltr'><strong>amplius</strong></span> <span class='ocrx_word' id='word_1_299' title='bbox 1485 3185 1540 3246; x_wconf 89' lang='lat' dir='ltr'><strong>per</strong></span> <span class='ocrx_word' id='word_1_300' title='bbox 1563 3185 1693 3227; x_wconf 88' lang='lat' dir='ltr'><strong>crassum</strong></span> 
     </span>
     <span class='ocr_line' id='line_1_33' title="bbox 336 3251 1693 3332; baseline 0.001 -18"><span class='ocrx_word' id='word_1_301' title='bbox 336 3261 438 3315; x_wconf 70' lang='lat' dir='ltr'><strong>adrem</strong></span> <span class='ocrx_word' id='word_1_302' title='bbox 464 3263 683 3332; x_wconf 84' lang='lat' dir='ltr'><strong>transparuret‚</strong></span> <span class='ocrx_word' id='word_1_303' title='bbox 701 3255 787 3313; x_wconf 91' lang='lat' dir='ltr'><strong>Luna</strong></span> <span class='ocrx_word' id='word_1_304' title='bbox 811 3253 927 3312; x_wconf 89' lang='lat' dir='ltr'><strong>scilicet</strong></span> <span class='ocrx_word' id='word_1_305' title='bbox 952 3252 1085 3312; x_wconf 90' lang='lat' dir='ltr'><strong>umbram</strong></span> <span class='ocrx_word' id='word_1_306' title='bbox 1108 3251 1229 3330; x_wconf 88' lang='lat' dir='ltr'><strong>penitus</strong></span> <span class='ocrx_word' id='word_1_307' title='bbox 1254 3251 1401 3329; x_wconf 84' lang='lat' dir='ltr'><strong>ingressa,</strong></span> <span class='ocrx_word' id='word_1_308' title='bbox 1426 3255 1555 3316; x_wconf 89' lang='lat' dir='ltr'><strong>altitudo</strong></span> <span class='ocrx_word' id='word_1_309' title='bbox 1572 3256 1693 3316; x_wconf 80' lang='lat' dir='ltr'><strong>Arcturi</strong></span> 
     </span>
     <span class='ocr_line' id='line_1_34' title="bbox 335 3337 1697 3419; baseline 0 -14"><span class='ocrx_word' id='word_1_310' title='bbox 335 3337 404 3416; x_wconf 77' lang='lat'><strong>34⁰,</strong></span> <span class='ocrx_word' id='word_1_311' title='bbox 431 3343 535 3404; x_wconf 89' lang='lat' dir='ltr'><strong>Lunae</strong></span> <span class='ocrx_word' id='word_1_312' title='bbox 562 3339 601 3404; x_wconf 81' lang='lat'><strong>6⁰</strong></span> <span class='ocrx_word' id='word_1_313' title='bbox 624 3342 752 3402; x_wconf 90' lang='lat' dir='ltr'><strong>circiter.</strong></span> <span class='ocrx_word' id='word_1_314' title='bbox 799 3341 880 3419; x_wconf 86' lang='lat' dir='ltr'><strong>Ergo</strong></span> <span class='ocrx_word' id='word_1_315' title='bbox 905 3341 1000 3401; x_wconf 82' lang='lat' dir='ltr'><strong>visurn</strong></span> <span class='ocrx_word' id='word_1_316' title='bbox 1025 3339 1097 3401; x_wconf 93' lang='lat' dir='ltr'><strong>mihi</strong></span> <span class='ocrx_word' id='word_1_317' title='bbox 1125 3347 1208 3399; x_wconf 89' lang='lat' dir='ltr'><strong>esset</strong></span> <span class='ocrx_word' id='word_1_318' title='bbox 1236 3339 1352 3402; x_wconf 89' lang='lat' dir='ltr'><strong>initium</strong></span> <span class='ocrx_word' id='word_1_319' title='bbox 1384 3342 1457 3406; x_wconf 88' lang='lat' dir='ltr'><strong>hora</strong></span> <span class='ocrx_word' id='word_1_320' title='bbox 1489 3341 1539 3406; x_wconf 90' lang='grc'><strong>14.</strong></span> <span class='ocrx_word' id='word_1_321' title='bbox 1571 3341 1625 3407; x_wconf 81' lang='grc'><strong>59’</strong></span> <span class='ocrx_word' id='word_1_322' title='bbox 1660 3365 1697 3406; x_wconf 85' lang='lat' dir='ltr'><strong>ex</strong></span> 
     </span>
     <span class='ocr_line' id='line_1_35' title="bbox 334 3428 1697 3514; baseline 0.002 -22"><span class='ocrx_word' id='word_1_323' title='bbox 334 3430 495 3494; x_wconf 88' lang='lat' dir='ltr'><strong>altitudine</strong></span> <span class='ocrx_word' id='word_1_324' title='bbox 512 3431 642 3492; x_wconf 89' lang='lat' dir='ltr'><strong>Arcturi.</strong></span> <span class='ocrx_word' id='word_1_325' title='bbox 681 3429 729 3491; x_wconf 83' lang='lat' dir='ltr'><strong>Ex</strong></span> <span class='ocrx_word' id='word_1_326' title='bbox 744 3429 1007 3490; x_wconf 87' lang='lat' dir='ltr'><strong>observationibus</strong></span> <span class='ocrx_word' id='word_1_327' title='bbox 1027 3428 1177 3509; x_wconf 82' lang='lat' dir='ltr'><strong>Tychonis</strong></span> <span class='ocrx_word' id='word_1_328' title='bbox 1197 3429 1341 3491; x_wconf 85' lang='lat' dir='ltr'><strong>liuenuao</strong></span> <span class='ocrx_word' id='word_1_329' title='bbox 1363 3431 1476 3493; x_wconf 90' lang='lat' dir='ltr'><strong>initium</strong></span> <span class='ocrx_word' id='word_1_330' title='bbox 1498 3433 1697 3514; x_wconf 85' lang='lat' dir='ltr'><strong>colligebatur</strong></span> 
     </span>
     <span class='ocr_line' id='line_1_36' title="bbox 334 3515 1697 3604; baseline 0.003 -22"><span class='ocrx_word' id='word_1_331' title='bbox 334 3517 532 3583; x_wconf 73' lang='lat' dir='ltr'><strong>n.14.51‘.</strong></span> <span class='ocrx_word' id='word_1_332' title='bbox 572 3520 677 3598; x_wconf 86' lang='lat' dir='ltr'><strong>Itaque</strong></span> <span class='ocrx_word' id='word_1_333' title='bbox 703 3539 785 3579; x_wconf 89' lang='lat' dir='ltr'><strong>nreus</strong></span> <span class='ocrx_word' id='word_1_334' title='bbox 811 3519 893 3579; x_wconf 90' lang='lat' dir='ltr'><strong>locus</strong></span> <span class='ocrx_word' id='word_1_335' title='bbox 918 3515 958 3581; x_wconf 83' lang='lat'><strong>2⁰</strong></span> <span class='ocrx_word' id='word_1_336' title='bbox 982 3530 1064 3578; x_wconf 86' lang='lat' dir='ltr'><strong>esset</strong></span> <span class='ocrx_word' id='word_1_337' title='bbox 1088 3517 1271 3579; x_wconf 87' lang='lat' dir='ltr'><strong>orientalior.</strong></span> <span class='ocrx_word' id='word_1_338' title='bbox 1314 3519 1358 3579; x_wconf 83' lang='lat' dir='ltr'><strong>At</strong></span> <span class='ocrx_word' id='word_1_339' title='bbox 1383 3521 1582 3584; x_wconf 83' lang='lat' dir='ltr'><strong>differentiam</strong></span> <span class='ocrx_word' id='word_1_340' title='bbox 1605 3527 1697 3604; x_wconf 91' lang='lat' dir='ltr'><strong>paulo</strong></span> 
     </span>
     <span class='ocr_line' id='line_1_37' title="bbox 335 3606 1697 3689; baseline 0.002 -18"><span class='ocrx_word' id='word_1_341' title='bbox 335 3611 481 3689; x_wconf 88' lang='lat' dir='ltr'><strong>majorem</strong></span> <span class='ocrx_word' id='word_1_342' title='bbox 506 3629 573 3670; x_wconf 84' lang='lat' dir='ltr'><strong>esse</strong></span> <span class='ocrx_word' id='word_1_343' title='bbox 599 3607 719 3669; x_wconf 88' lang='lat' dir='ltr'><strong>aliunde</strong></span> <span class='ocrx_word' id='word_1_344' title='bbox 744 3615 858 3668; x_wconf 85' lang='lat' dir='ltr'><strong>certum</strong></span> <span class='ocrx_word' id='word_1_345' title='bbox 885 3615 939 3671; x_wconf 85' lang='lat' dir='ltr'><strong>est.</strong></span> <span class='ocrx_word' id='word_1_346' title='bbox 989 3607 1097 3686; x_wconf 88' lang='lat' dir='ltr'><strong>Itaque</strong></span> <span class='ocrx_word' id='word_1_347' title='bbox 1121 3625 1178 3666; x_wconf 92' lang='lat' dir='ltr'><strong>non</strong></span> <span class='ocrx_word' id='word_1_348' title='bbox 1209 3606 1298 3685; x_wconf 86' lang='lat' dir='ltr'><strong>plane</strong></span> <span class='ocrx_word' id='word_1_349' title='bbox 1328 3609 1497 3672; x_wconf 87' lang='lat' dir='ltr'><strong>certissima</strong></span> <span class='ocrx_word' id='word_1_350' title='bbox 1526 3612 1601 3674; x_wconf 90' lang='lat' dir='ltr'><strong>haec</strong></span> <span class='ocrx_word' id='word_1_351' title='bbox 1630 3633 1697 3674; x_wconf 90' lang='lat' dir='ltr'><strong>mea</strong></span> 
     </span>
     <span class='ocr_line' id='line_1_38' title="bbox 334 3699 597 3760; baseline -0.008 0"><span class='ocrx_word' id='word_1_352' title='bbox 334 3699 506 3760; x_wconf 85' lang='lat' dir='ltr'><strong>observatio</strong></span> <span class='ocrx_word' id='word_1_353' title='bbox 532 3699 597 3760; x_wconf 86' lang='lat' dir='ltr'><strong>luit.</strong></span> 
     </span>
    </p>

    <p class='ocr_par' dir='ltr' id='par_1_5' title="bbox 325 3781 1696 4933">
     <span class='ocr_line' id='line_1_39' title="bbox 422 3781 1696 3864; baseline 0.002 -15"><span class='ocrx_word' id='word_1_354' title='bbox 422 3788 511 3849; x_wconf 87' lang='lat' dir='ltr'><strong>Auno</strong></span> <span class='ocrx_word' id='word_1_355' title='bbox 540 3783 635 3851; x_wconf 85' lang='lat'><strong>1598.</strong></span> <span class='ocrx_word' id='word_1_356' title='bbox 674 3785 722 3848; x_wconf 92' lang='grc'><strong>11.</strong></span> <span class='ocrx_word' id='word_1_357' title='bbox 749 3783 801 3848; x_wconf 79' lang='grc'><strong>21.</strong></span> <span class='ocrx_word' id='word_1_358' title='bbox 826 3785 931 3859; x_wconf 80' lang='lat' dir='ltr'><strong>Febr,</strong></span> <span class='ocrx_word' id='word_1_359' title='bbox 957 3804 1013 3864; x_wconf 93' lang='lat' dir='ltr'><strong>quo</strong></span> <span class='ocrx_word' id='word_1_360' title='bbox 1040 3793 1173 3863; x_wconf 87' lang='lat' dir='ltr'><strong>tempore</strong></span> <span class='ocrx_word' id='word_1_361' title='bbox 1204 3781 1435 3848; x_wconf 89' lang='lat' dir='ltr'><strong>tintinnabulum</strong></span> <span class='ocrx_word' id='word_1_362' title='bbox 1459 3787 1540 3849; x_wconf 91' lang='lat' dir='ltr'><strong>urbis</strong></span> <span class='ocrx_word' id='word_1_363' title='bbox 1565 3791 1696 3852; x_wconf 88' lang='lat' dir='ltr'><strong>sonabat</strong></span> 
     </span>
     <span class='ocr_line' id='line_1_40' title="bbox 332 3866 1693 3957; baseline 0.003 -19"><span class='ocrx_word' id='word_1_364' title='bbox 332 3877 436 3938; x_wconf 91' lang='lat' dir='ltr'><strong>horam</strong></span> <span class='ocrx_word' id='word_1_365' title='bbox 461 3876 593 3952; x_wconf 89' lang='lat' dir='ltr'><strong>tertiam,</strong></span> <span class='ocrx_word' id='word_1_366' title='bbox 619 3875 756 3936; x_wconf 88' lang='lat' dir='ltr'><strong>distabat</strong></span> <span class='ocrx_word' id='word_1_367' title='bbox 780 3873 872 3954; x_wconf 85' lang='lat' dir='ltr'><strong>Spica</strong></span> <span class='ocrx_word' id='word_1_368' title='bbox 895 3895 912 3934; x_wconf 90' lang='lat' dir='ltr'><strong>a</strong></span> <span class='ocrx_word' id='word_1_369' title='bbox 934 3876 1045 3934; x_wconf 89' lang='lat' dir='ltr'><strong>vertice</strong></span> <span class='ocrx_word' id='word_1_370' title='bbox 1067 3866 1174 3954; x_wconf 67' lang='grc' dir='ltr'><strong>56Ἰ,ο</strong></span> <span class='ocrx_word' id='word_1_371' title='bbox 1196 3874 1363 3951; x_wconf 87' lang='lat' dir='ltr'><strong>quadrante</strong></span> <span class='ocrx_word' id='word_1_372' title='bbox 1388 3874 1484 3954; x_wconf 85' lang='lat' dir='ltr'><strong>ligneo</strong></span> <span class='ocrx_word' id='word_1_373' title='bbox 1510 3879 1693 3957; x_wconf 86' lang='lat' dir='ltr'><strong>spithamali.</strong></span> 
     </span>
     <span class='ocr_line' id='line_1_41' title="bbox 331 3959 1695 4046; baseline 0.002 -20"><span class='ocrx_word' id='word_1_374' title='bbox 331 3967 415 4028; x_wconf 87' lang='lat' dir='ltr'><strong>Hora</strong></span> <span class='ocrx_word' id='word_1_375' title='bbox 439 3985 511 4045; x_wconf 84' lang='lat' dir='ltr'><strong>ergo</strong></span> <span class='ocrx_word' id='word_1_376' title='bbox 536 3965 618 4028; x_wconf 92' lang='lat' dir='ltr'><strong>urbis</strong></span> <span class='ocrx_word' id='word_1_377' title='bbox 642 3959 702 4046; x_wconf 72' lang='lat' dir='ltr'><strong>d¹l2</strong></span> <span class='ocrx_word' id='word_1_378' title='bbox 734 3965 862 4026; x_wconf 92' lang='lat' dir='ltr'><strong>nondum</strong></span> <span class='ocrx_word' id='word_1_379' title='bbox 895 3963 1100 4023; x_wconf 88' lang='lat' dir='ltr'><strong>internoscere</strong></span> <span class='ocrx_word' id='word_1_380' title='bbox 1124 3961 1207 4038; x_wconf 94' lang='lat' dir='ltr'><strong>potui</strong></span> <span class='ocrx_word' id='word_1_381' title='bbox 1231 3961 1396 4036; x_wconf 84' lang='lat' dir='ltr'><strong>defectum,</strong></span> <span class='ocrx_word' id='word_1_382' title='bbox 1432 3966 1484 4026; x_wconf 89' lang='lat' dir='ltr'><strong>sed</strong></span> <span class='ocrx_word' id='word_1_383' title='bbox 1508 3969 1607 4045; x_wconf 89' lang='lat' dir='ltr'><strong>potuit</strong></span> <span class='ocrx_word' id='word_1_384' title='bbox 1631 3967 1695 4031; x_wconf 90' lang='lat' dir='ltr'><strong>lieri</strong></span> 
     </span>
     <span class='ocr_line' id='line_1_42' title="bbox 334 4051 1694 4134; baseline 0.003 -20"><span class='ocrx_word' id='word_1_385' title='bbox 334 4063 459 4134; x_wconf 88' lang='lat' dir='ltr'><strong>propter</strong></span> <span class='ocrx_word' id='word_1_386' title='bbox 489 4053 582 4116; x_wconf 89' lang='lat' dir='ltr'><strong>nubes</strong></span> <span class='ocrx_word' id='word_1_387' title='bbox 607 4054 666 4127; x_wconf 88' lang='lat' dir='ltr'><strong>(sic</strong></span> <span class='ocrx_word' id='word_1_388' title='bbox 699 4053 792 4114; x_wconf 88' lang='lat' dir='ltr'><strong>habet</strong></span> <span class='ocrx_word' id='word_1_389' title='bbox 824 4071 892 4114; x_wconf 89' lang='lat' dir='ltr'><strong>mea</strong></span> <span class='ocrx_word' id='word_1_390' title='bbox 916 4051 1103 4124; x_wconf 83' lang='lat' dir='ltr'><strong>annotatio),</strong></span> <span class='ocrx_word' id='word_1_391' title='bbox 1127 4059 1159 4110; x_wconf 91' lang='lat' dir='ltr'><strong>ut</strong></span> <span class='ocrx_word' id='word_1_392' title='bbox 1183 4058 1255 4110; x_wconf 89' lang='lat' dir='ltr'><strong>tuuc</strong></span> <span class='ocrx_word' id='word_1_393' title='bbox 1286 4051 1438 4132; x_wconf 87' lang='lat' dir='ltr'><strong>inceperit.</strong></span> <span class='ocrx_word' id='word_1_394' title='bbox 1484 4053 1563 4117; x_wconf 83' lang='lat' dir='ltr'><strong>Nam</strong></span> <span class='ocrx_word' id='word_1_395' title='bbox 1596 4057 1694 4118; x_wconf 89' lang='lat' dir='ltr'><strong>minus</strong></span> 
     </span>
     <span class='ocr_line' id='line_1_43' title="bbox 334 4139 1694 4225; baseline 0.004 -23"><span class='ocrx_word' id='word_1_396' title='bbox 334 4145 450 4204; x_wconf 92' lang='lat' dir='ltr'><strong>duobus</strong></span> <span class='ocrx_word' id='word_1_397' title='bbox 474 4142 691 4224; x_wconf 87' lang='lat' dir='ltr'><strong>quadrantibus</strong></span> <span class='ocrx_word' id='word_1_398' title='bbox 716 4153 786 4225; x_wconf 87' lang='lat' dir='ltr'><strong>post</strong></span> <span class='ocrx_word' id='word_1_399' title='bbox 810 4142 898 4204; x_wconf 90' lang='lat' dir='ltr'><strong>Luna</strong></span> <span class='ocrx_word' id='word_1_400' title='bbox 928 4141 1055 4201; x_wconf 90' lang='lat' dir='ltr'><strong>nondum</strong></span> <span class='ocrx_word' id='word_1_401' title='bbox 1081 4157 1118 4198; x_wconf 83' lang='lat' dir='ltr'><strong>ex</strong></span> <span class='ocrx_word' id='word_1_402' title='bbox 1142 4139 1263 4199; x_wconf 89' lang='lat' dir='ltr'><strong>dimidio</strong></span> <span class='ocrx_word' id='word_1_403' title='bbox 1293 4141 1453 4203; x_wconf 87' lang='lat' dir='ltr'><strong>obscurata</strong></span> <span class='ocrx_word' id='word_1_404' title='bbox 1476 4145 1565 4223; x_wconf 91' lang='lat' dir='ltr'><strong>plane</strong></span> <span class='ocrx_word' id='word_1_405' title='bbox 1591 4159 1694 4208; x_wconf 86' lang='lat' dir='ltr'><strong>erecta</strong></span> 
     </span>
     <span class='ocr_line' id='line_1_44' title="bbox 329 4227 1690 4313; baseline 0.006 -21"><span class='ocrx_word' id='word_1_406' title='bbox 329 4234 432 4307; x_wconf 87' lang='lat' dir='ltr'><strong>stetit,</strong></span> <span class='ocrx_word' id='word_1_407' title='bbox 468 4233 652 4313; x_wconf 88' lang='lat' dir='ltr'><strong>paulopost</strong></span> <span class='ocrx_word' id='word_1_408' title='bbox 677 4233 810 4312; x_wconf 88' lang='lat' dir='ltr'><strong>quintam</strong></span> <span class='ocrx_word' id='word_1_409' title='bbox 846 4229 968 4291; x_wconf 89' lang='lat' dir='ltr'><strong>dimidia</strong></span> <span class='ocrx_word' id='word_1_410' title='bbox 993 4230 1156 4290; x_wconf 88' lang='lat' dir='ltr'><strong>diametros</strong></span> <span class='ocrx_word' id='word_1_411' title='bbox 1181 4227 1306 4302; x_wconf 83' lang='lat' dir='ltr'><strong>deiecit,</strong></span> <span class='ocrx_word' id='word_1_412' title='bbox 1331 4230 1418 4292; x_wconf 88' lang='lat' dir='ltr'><strong>Luna</strong></span> <span class='ocrx_word' id='word_1_413' title='bbox 1446 4231 1512 4311; x_wconf 88' lang='lat' dir='ltr'><strong>jam</strong></span> <span class='ocrx_word' id='word_1_414' title='bbox 1536 4233 1690 4300; x_wconf 89' lang='lat' dir='ltr'><strong>inclinata.</strong></span> 
     </span>
     <span class='ocr_line' id='line_1_45' title="bbox 328 4317 1694 4398; baseline 0.003 -16"><span class='ocrx_word' id='word_1_415' title='bbox 328 4321 424 4383; x_wconf 91' lang='lat' dir='ltr'><strong>Paulo</strong></span> <span class='ocrx_word' id='word_1_416' title='bbox 450 4330 520 4382; x_wconf 90' lang='lat' dir='ltr'><strong>aute</strong></span> <span class='ocrx_word' id='word_1_417' title='bbox 545 4329 665 4382; x_wconf 81' lang='lat' dir='ltr'><strong>sextam</strong></span> <span class='ocrx_word' id='word_1_418' title='bbox 689 4319 865 4381; x_wconf 91' lang='lat' dir='ltr'><strong>tenuissimo</strong></span> <span class='ocrx_word' id='word_1_419' title='bbox 890 4337 955 4380; x_wconf 88' lang='lat' dir='ltr'><strong>curn</strong></span> <span class='ocrx_word' id='word_1_420' title='bbox 980 4318 1090 4380; x_wconf 87' lang='lat' dir='ltr'><strong>lumine</strong></span> <span class='ocrx_word' id='word_1_421' title='bbox 1115 4335 1147 4378; x_wconf 90' lang='lat' dir='ltr'><strong>se</strong></span> <span class='ocrx_word' id='word_1_422' title='bbox 1172 4317 1226 4377; x_wconf 91' lang='lat' dir='ltr'><strong>sub</strong></span> <span class='ocrx_word' id='word_1_423' title='bbox 1251 4319 1345 4380; x_wconf 90' lang='lat' dir='ltr'><strong>nubes</strong></span> <span class='ocrx_word' id='word_1_424' title='bbox 1377 4321 1533 4398; x_wconf 79' lang='lat' dir='ltr'><strong>subduxit,</strong></span> <span class='ocrx_word' id='word_1_425' title='bbox 1558 4323 1635 4385; x_wconf 88' lang='lat' dir='ltr'><strong>adeo</strong></span> <span class='ocrx_word' id='word_1_426' title='bbox 1659 4332 1694 4386; x_wconf 91' lang='lat' dir='ltr'><strong>ut</strong></span> 
     </span>
     <span class='ocr_line' id='line_1_46' title="bbox 332 4405 1691 4487; baseline 0.005 -18"><span class='ocrx_word' id='word_1_427' title='bbox 332 4410 488 4471; x_wconf 87' lang='lat' dir='ltr'><strong>rideretur</strong></span> <span class='ocrx_word' id='word_1_428' title='bbox 510 4409 608 4470; x_wconf 87' lang='lat' dir='ltr'><strong>adhuc</strong></span> <span class='ocrx_word' id='word_1_429' title='bbox 632 4409 807 4470; x_wconf 88' lang='lat' dir='ltr'><strong>decrescere</strong></span> <span class='ocrx_word' id='word_1_430' title='bbox 830 4416 862 4471; x_wconf 91' lang='lat' dir='ltr'><strong>et</strong></span> <span class='ocrx_word' id='word_1_431' title='bbox 885 4408 985 4468; x_wconf 90' lang='lat' dir='ltr'><strong>lumen</strong></span> <span class='ocrx_word' id='word_1_432' title='bbox 1009 4425 1095 4467; x_wconf 89' lang='lat' dir='ltr'><strong>ornne</strong></span> <span class='ocrx_word' id='word_1_433' title='bbox 1118 4405 1286 4485; x_wconf 85' lang='lat' dir='ltr'><strong>perditura.</strong></span> <span class='ocrx_word' id='word_1_434' title='bbox 1325 4408 1396 4469; x_wconf 90' lang='lat' dir='ltr'><strong>Fuit</strong></span> <span class='ocrx_word' id='word_1_435' title='bbox 1411 4407 1462 4471; x_wconf 89' lang='lat' dir='ltr'><strong>Sol</strong></span> <span class='ocrx_word' id='word_1_436' title='bbox 1484 4409 1513 4471; x_wconf 93' lang='lat' dir='ltr'><strong>in</strong></span> <span class='ocrx_word' id='word_1_437' title='bbox 1531 4407 1638 4476; x_wconf 77' lang='lat'><strong><em>2⁰26‘</em></strong></span> <span class='ocrx_word' id='word_1_438' title='bbox 1652 4421 1691 4487; x_wconf 61' lang='lat'><strong>34.</strong></span> 
     </span>
     <span class='ocr_line' id='line_1_47' title="bbox 328 4493 1691 4578; baseline 0.004 -19"><span class='ocrx_word' id='word_1_439' title='bbox 328 4495 410 4578; x_wconf 83' lang='lat' dir='ltr'><strong>Ergo</strong></span> <span class='ocrx_word' id='word_1_440' title='bbox 435 4497 510 4559; x_wconf 88' lang='lat' dir='ltr'><strong>haec</strong></span> <span class='ocrx_word' id='word_1_441' title='bbox 536 4497 645 4578; x_wconf 88' lang='lat' dir='ltr'><strong>Spicae</strong></span> <span class='ocrx_word' id='word_1_442' title='bbox 670 4497 797 4559; x_wconf 89' lang='lat' dir='ltr'><strong>altitudo</strong></span> <span class='ocrx_word' id='word_1_443' title='bbox 821 4497 947 4557; x_wconf 89' lang='lat' dir='ltr'><strong>adderet</strong></span> <span class='ocrx_word' id='word_1_444' title='bbox 972 4495 1062 4556; x_wconf 91' lang='lat' dir='ltr'><strong>horae</strong></span> <span class='ocrx_word' id='word_1_445' title='bbox 1086 4494 1167 4555; x_wconf 90' lang='lat' dir='ltr'><strong>urbis</strong></span> <span class='ocrx_word' id='word_1_446' title='bbox 1192 4493 1307 4557; x_wconf 90' lang='lat' dir='ltr'><strong>minuta</strong></span> <span class='ocrx_word' id='word_1_447' title='bbox 1326 4493 1378 4558; x_wconf 82' lang='grc'><strong>24.</strong></span> <span class='ocrx_word' id='word_1_448' title='bbox 1417 4495 1551 4561; x_wconf 85' lang='lat' dir='ltr'><strong>Caderet</strong></span> <span class='ocrx_word' id='word_1_449' title='bbox 1574 4502 1691 4565; x_wconf 90' lang='lat' dir='ltr'><strong>initium</strong></span> 
     </span>
     <span class='ocr_line' id='line_1_48' title="bbox 327 4581 1691 4666; baseline 0.004 -18"><span class='ocrx_word' id='word_1_450' title='bbox 327 4588 418 4666; x_wconf 92' lang='lat' dir='ltr'><strong>paulo</strong></span> <span class='ocrx_word' id='word_1_451' title='bbox 450 4595 520 4648; x_wconf 90' lang='lat' dir='ltr'><strong>ante</strong></span> <span class='ocrx_word' id='word_1_452' title='bbox 545 4585 583 4661; x_wconf 83' lang='lat'><strong>5,</strong></span> <span class='ocrx_word' id='word_1_453' title='bbox 618 4586 724 4649; x_wconf 90' lang='lat' dir='ltr'><strong>ultima</strong></span> <span class='ocrx_word' id='word_1_454' title='bbox 756 4586 861 4665; x_wconf 88' lang='lat' dir='ltr'><strong>phasis</strong></span> <span class='ocrx_word' id='word_1_455' title='bbox 891 4583 1012 4645; x_wconf 88' lang='lat' dir='ltr'><strong>circiter</strong></span> <span class='ocrx_word' id='word_1_456' title='bbox 1036 4581 1090 4646; x_wconf 77' lang='lat'><strong>20‘</strong></span> <span class='ocrx_word' id='word_1_457' title='bbox 1119 4589 1189 4664; x_wconf 90' lang='lat' dir='ltr'><strong>post</strong></span> <span class='ocrx_word' id='word_1_458' title='bbox 1219 4592 1348 4648; x_wconf 87' lang='lat' dir='ltr'><strong>sextam.</strong></span> <span class='ocrx_word' id='word_1_459' title='bbox 1395 4585 1437 4648; x_wconf 86' lang='lat' dir='ltr'><strong>Et</strong></span> <span class='ocrx_word' id='word_1_460' title='bbox 1468 4588 1524 4650; x_wconf 82' lang='lat' dir='ltr'><strong>tuit</strong></span> <span class='ocrx_word' id='word_1_461' title='bbox 1552 4589 1581 4650; x_wconf 91' lang='lat' dir='ltr'><strong>id</strong></span> <span class='ocrx_word' id='word_1_462' title='bbox 1611 4591 1691 4654; x_wconf 90' lang='lat' dir='ltr'><strong>circa</strong></span> 
     </span>
     <span class='ocr_line' id='line_1_49' title="bbox 330 4673 1690 4762; baseline 0.004 -26"><span class='ocrx_word' id='word_1_463' title='bbox 330 4675 469 4737; x_wconf 90' lang='lat' dir='ltr'><strong>medium.</strong></span> <span class='ocrx_word' id='word_1_464' title='bbox 516 4677 595 4738; x_wconf 84' lang='lat' dir='ltr'><strong>h&#39;am</strong></span> <span class='ocrx_word' id='word_1_465' title='bbox 620 4674 843 4754; x_wconf 87' lang='lat' dir='ltr'><strong>Wandesburgi</strong></span> <span class='ocrx_word' id='word_1_466' title='bbox 874 4673 1037 4735; x_wconf 81' lang='lat' dir='ltr'><strong>observata</strong></span> <span class='ocrx_word' id='word_1_467' title='bbox 1072 4682 1120 4733; x_wconf 90' lang='lat' dir='ltr'><strong>est</strong></span> <span class='ocrx_word' id='word_1_468' title='bbox 1148 4691 1206 4734; x_wconf 93' lang='lat' dir='ltr'><strong>nou</strong></span> <span class='ocrx_word' id='word_1_469' title='bbox 1239 4675 1357 4752; x_wconf 88' lang='lat' dir='ltr'><strong>penitus</strong></span> <span class='ocrx_word' id='word_1_470' title='bbox 1392 4675 1536 4752; x_wconf 89' lang='lat' dir='ltr'><strong>delicere,</strong></span> <span class='ocrx_word' id='word_1_471' title='bbox 1572 4678 1690 4762; x_wconf 89' lang='lat' dir='ltr'><strong>dequo</strong></span> 
     </span>
     <span class='ocr_line' id='line_1_50' title="bbox 325 4761 1690 4850; baseline 0.006 -26"><span class='ocrx_word' id='word_1_472' title='bbox 325 4763 477 4844; x_wconf 87' lang='lat' dir='ltr'><strong>judicabis</strong></span> <span class='ocrx_word' id='word_1_473' title='bbox 512 4784 548 4826; x_wconf 86' lang='lat' dir='ltr'><strong>ex</strong></span> <span class='ocrx_word' id='word_1_474' title='bbox 582 4783 649 4844; x_wconf 90' lang='lat' dir='ltr'><strong>cap.</strong></span> <span class='ocrx_word' id='word_1_475' title='bbox 680 4764 721 4824; x_wconf 83' lang='lat' dir='ltr'><strong>V.</strong></span> <span class='ocrx_word' id='word_1_476' title='bbox 756 4772 788 4825; x_wconf 90' lang='lat' dir='ltr'><strong>et</strong></span> <span class='ocrx_word' id='word_1_477' title='bbox 818 4762 890 4824; x_wconf 84' lang='lat' dir='ltr'><strong>Vll.</strong></span> <span class='ocrx_word' id='word_1_478' title='bbox 937 4761 1085 4822; x_wconf 80' lang='lat' dir='ltr'><strong>Referunt</strong></span> <span class='ocrx_word' id='word_1_479' title='bbox 1117 4766 1216 4821; x_wconf 88' lang='lat' dir='ltr'><strong>autern</strong></span> <span class='ocrx_word' id='word_1_480' title='bbox 1249 4762 1410 4844; x_wconf 86' lang='lat' dir='ltr'><strong>Tychonici</strong></span> <span class='ocrx_word' id='word_1_481' title='bbox 1443 4767 1572 4828; x_wconf 91' lang='lat' dir='ltr'><strong>medium</strong></span> <span class='ocrx_word' id='word_1_482' title='bbox 1603 4767 1690 4850; x_wconf 89' lang='lat' dir='ltr'><strong>hujus</strong></span> 
     </span>
     <span class='ocr_line' id='line_1_51' title="bbox 325 4848 1689 4933; baseline 0.006 -20"><span class='ocrx_word' id='word_1_483' title='bbox 325 4851 450 4930; x_wconf 87' lang='lat' dir='ltr'><strong>eclipsis</strong></span> <span class='ocrx_word' id='word_1_484' title='bbox 476 4852 629 4933; x_wconf 90' lang='lat' dir='ltr'><strong>(principii</strong></span> <span class='ocrx_word' id='word_1_485' title='bbox 655 4851 895 4915; x_wconf 85' lang='lat' dir='ltr'><strong>observationem</strong></span> <span class='ocrx_word' id='word_1_486' title='bbox 921 4850 1082 4931; x_wconf 88' lang='lat' dir='ltr'><strong>adjuvante</strong></span> <span class='ocrx_word' id='word_1_487' title='bbox 1106 4848 1233 4924; x_wconf 89' lang='lat' dir='ltr'><strong>calculo,</strong></span> <span class='ocrx_word' id='word_1_488' title='bbox 1259 4871 1327 4914; x_wconf 90' lang='lat' dir='ltr'><strong>uam</strong></span> <span class='ocrx_word' id='word_1_489' title='bbox 1347 4853 1412 4915; x_wconf 88' lang='lat' dir='ltr'><strong>linis</strong></span> <span class='ocrx_word' id='word_1_490' title='bbox 1432 4853 1488 4916; x_wconf 91' lang='lat' dir='ltr'><strong>sub</strong></span> <span class='ocrx_word' id='word_1_491' title='bbox 1503 4855 1599 4920; x_wconf 85' lang='lat' dir='ltr'><strong>Terra</strong></span> <span class='ocrx_word' id='word_1_492' title='bbox 1618 4857 1689 4932; x_wconf 84' lang='lat' dir='ltr'><strong>luit)</strong></span> 
     </span>
    </p>
   </div>
   <div class='ocr_carea' id='block_1_3' title="bbox 0 0 1864 5528">
    <p class='ocr_par' dir='ltr' id='par_1_6' title="bbox 0 0 1864 5528">
     <span class='ocr_line' id='line_1_52' title="bbox 0 0 1864 5528; baseline 0 5"><span class='ocrx_word' id='word_1_493' title='bbox 0 0 1864 5528; x_wconf 95' lang='lat' dir='ltr'><strong> </strong></span> 
     </span>
    </p>
   </div>
  </div>
 </body>
</html>
