3648 5530
249 1115 734 1193 ILLUSTRISSIMO
776 1117 850 1190 ET
885 1115 1445 1194 REVERENDISSIMO

706 1275 836 1338 Domino
861 1277 988 1339 Domino

561 1411 820 1515 tutuno
861 1413 1131 1514 ammons

416 1575 688 1640 SERENISSIMI
711 1575 852 1641 MAGNI
875 1575 1121 1639 HETRURIAE
1146 1575 1273 1640 DUOlS

655 1719 747 1800 Apud
778 1719 830 1782 S*
860 1717 918 1782 Cffl·
947 1719 1032 1780 Mun

751 1837 938 1934 omlbttt,

587 1964 720 2016 Domino
747 1979 813 2016 meo
841 1963 1099 2014 Calendissimo.

258 2121 464 2184 illustrissime
488 2123 631 2200 Domine,
655 2125 826 2206 Epistolam
848 2124 926 2185 hanc
953 2141 1052 2185 meam
1080 2125 1118 2186 ad
1144 2122 1314 2188 Galilaeum
1339 2125 1520 2204 Galilaeum,

170 2211 376 2273 Professorem
395 2211 640 2277 mathematicum
659 2214 689 2274 in
708 2211 902 2276 celeberrima
921 2212 1075 2274 academia
1092 2213 1244 2277 Patavina
1265 2216 1302 2276 de
1321 2214 1438 2278 Nuncio
1458 2217 1522 2296 ejus

172 2297 297 2362 Sidereo
319 2299 519 2381 perscriptam
542 2303 658 2382 etjam
681 2301 761 2384 typis
795 2301 997 2381 descriptam,
1032 2302 1079 2364 cui
1109 2303 1208 2382 potius
1231 2305 1407 2378 inscribam,
1433 2323 1523 2385 quam

170 2389 237 2450 Ill⁸⁰
263 2386 300 2450 D¹
339 2390 395 2450 Tv.
422 2409 480 2452 non
513 2391 642 2454 invenio.
690 2392 735 2452 Tu
768 2390 847 2451 enim
879 2390 1050 2452 exarandae
1083 2391 1163 2453 illius
1196 2401 1301 2455 auctor
1335 2392 1406 2455 mihi
1438 2393 1522 2456 luisti

170 2477 296 2556 primum
319 2479 497 2540 transmisso
522 2479 560 2540 ad
584 2499 630 2541 me
646 2480 702 2544 VI.
722 2479 767 2541 Id.
783 2477 898 2560 Aprilis
920 2496 975 2557 per
997 2478 1142 2542 Thomam
1166 2479 1332 2560 Segethum
1357 2480 1522 2561 exemplari

170 2565 278 2630 Nuncii
302 2564 434 2642 Siderei,
467 2561 511 2630 et
528 2569 576 2630 die
600 2569 673 2631 mihi
702 2567 783 2630 dicto
816 2568 855 2627 ad
878 2566 963 2639 Idus,
997 2584 1053 2646 quo
1077 2569 1120 2629 Te
1145 2571 1349 2631 convenirem:
1387 2579 1457 2649 post
1488 2579 1536 2632 ut.

145 2655 335 2733 ‘compami
359 2655 514 2735 praelecta
537 2657 610 2719 mihi
633 2677 671 2720 ex
694 2656 790 2718 literis
814 2655 852 2716 ad
877 2655 919 2716 Te
945 2653 1076 2718 Galilaei
1099 2658 1303 2736 postulatione
1328 2666 1438 2738 tuaque
1462 2659 1520 2720 ad·

168 2744 277 2824 juncta
301 2744 527 2808 cohortatione:
565 2767 624 2826 qua
647 2755 791 2826 percepta
822 2752 854 2805 et
884 2743 1007 2824 promisi
1031 2764 1077 2807 me
1102 2745 1181 2808 intra
1204 2746 1301 2822 diem,
1334 2765 1390 2826 quo
1422 2747 1522 2810 solent

172 2831 255 2894 abire
279 2852 435 2909 cursores,
460 2843 650 2898 exaratorum
675 2833 788 2915 aliquid
821 2841 852 2894 et
878 2833 1034 2912 praestiti.
1081 2832 1144 2895 Sed
1176 2841 1208 2896 et
1234 2854 1328 2915 nuper
1360 2835 1521 2898 admodum

172 2942 191 2984 a
213 2940 271 2994 me,
295 2941 361 2984 curn
384 2922 503 2985 obvium
527 2923 702 2998 habuisses,
728 2921 888 3002 diligenter
911 2921 1042 3000 petiisti,
1068 2927 1101 2982 ut
1123 2924 1291 3002 exemplum
1316 2923 1463 3003 epistolae
1495 2923 1522 2984 si

172 3011 250 3090 quod
274 3010 464 3074 retinuissem
480 3011 546 3073 Tibi
562 3013 754 3076 concederem
770 3010 946 3090 legendum:
970 3009 1068 3090 ipsam
1084 3011 1192 3090 quippe
1216 3012 1385 3090 epistolam,
1412 3029 1518 3093 quam-

172 3097 217 3160 vis
249 3108 386 3179 apertam
419 3099 639 3169 exhibuissem.
672 3120 726 3180 per
748 3097 962 3177 occupationes
985 3098 1065 3160 illius
1089 3098 1149 3159 diei
1168 3117 1225 3160 nou
1240 3101 1375 3178 potuisse
1391 3109 1539 3178 cognos-‘
1583 3137 1588 3142 ·

172 3205 256 3248 cere:
281 3188 360 3268 quod
384 3207 499 3250 rursum
523 3189 646 3269 promisi
669 3208 715 3251 me
740 3189 886 3250 iacturum
910 3185 1038 3265 primum
1061 3195 1152 3267 atque
1176 3188 1215 3248 ad
1230 3187 1369 3250 mundum
1384 3188 1522 3268 descrip-

173 3277 291 3338 sissem.
339 3273 472 3357 Concepi
496 3287 596 3340 autem
619 3279 702 3341 illam
725 3276 808 3338 initio
832 3275 948 3353 etjam
972 3275 1053 3358 typis
1086 3276 1222 3356 expressi
1252 3283 1338 3339 tanto
1368 3276 1520 3352 libentius,

174 3364 253 3445 qnod
277 3373 308 3436 et
331 3362 506 3441 Galilaeus,
541 3367 581 3431 ad
604 3387 690 3448 quem
713 3365 766 3428 illa
789 3363 1016 3438 destinabatur,
1052 3364 1296 3426 Mediceorum
1320 3365 1413 3428 cliens
1439 3373 1522 3428 esset

177 3461 208 3512 et
230 3452 392 3515 Medieei
424 3453 568 3536 principis
590 3457 696 3536 Magni
718 3453 879 3516 Hetruriae
903 3453 996 3514 Ducis
1019 3452 1170 3532 Legatos,
1195 3453 1259 3534 ipse
1283 3473 1398 3534 quoque
1430 3462 1522 3534 gente

176 3541 371 3604 Mediceus
395 3542 451 3604 hoe
475 3565 494 3606 a
516 3563 563 3606 me
595 3553 732 3625 peteret;
770 3551 801 3603 et
834 3540 960 3620 denique
991 3542 1137 3615 materia,
1173 3543 1210 3603 de
1243 3561 1302 3622 qua
1333 3543 1522 3606 scribendum

176 3637 260 3702 erat,
297 3637 380 3691 esset
407 3632 570 3712 ejusmodi,
604 3653 661 3713 qua
684 3631 845 3712 (siquidem
869 3648 943 3690 vera
965 3629 1171 3706 traderentur)
1195 3630 1361 3693 Medicei
1394 3629 1522 3694 nominis

174 3717 271 3779 honos
296 3719 427 3782 auctoris
450 3722 576 3784 consilio
599 3721 908 3802 comprehenderetur.

264 3807 377 3888 Accipe
399 3807 491 3888 igitur
513 3811 677 3874 Illustriss⁰
709 3810 750 3871 D‘
783 3827 820 3870 ex
842 3805 962 3886 privata
988 3814 1020 3868 et
1043 3804 1176 3868 Galilaei
1209 3807 1332 3886 propria
1370 3805 1521 3885 publicam

177 3894 378 3976 descriptione
402 3897 531 3974 iactam,
565 3900 686 3978 publica
714 3895 864 3960 dicatione
883 3895 947 3974 jam
972 3894 1084 3957 Tuam:
1124 3912 1218 3972 exque
1250 3895 1307 3955 hac
1332 3893 1520 3956 dedicatione

173 3983 307 4047 studium
330 4002 428 4048 meum
450 3986 480 4049 in
504 3987 632 4050 veritate
657 3994 696 4062 et,
723 3985 801 4066 quod
832 3983 890 4045 hae
914 3984 981 4044 sola
1004 3983 1117 4052 nititur,
1141 3981 1301 4044 Medicei
1334 3981 1520 4061 principatus

173 4071 281 4134 decore
323 4080 395 4152 post
419 4071 592 4139 Galilaeum
625 4083 779 4138 auctorem
803 4071 965 4133 asserendo
990 4089 1153 4150 cognosce3
1190 4088 1345 4150 meumque
1377 4089 1451 4149 erga
1473 4070 1521 4132 Ill.

172 4160 212 4222 D.
229 4161 264 4222 T.
289 4161 420 4226 animum
443 4163 483 4224 ad
506 4165 651 4245 obsequia
673 4161 897 4244 paratissimum
916 4161 1061 4222 aestima·
1090 4157 1227 4238 Denique
1242 4177 1289 4219 rue
1304 4158 1382 4221 inter
1396 4159 1523 4220 clientes

170 4255 239 4312 tuos
271 4268 405 4314 numera
452 4251 542 4316 Vale.
569 4254 608 4315 V.
641 4253 720 4316 Non.
745 4249 858 4329 Majas.
905 4248 994 4310 Auno
1023 4245 1140 4310 Christi
1171 4246 1292 4309 Domini
1314 4244 1446 4310 MDCX.

761 4371 809 4435 Ill.
833 4371 871 4434 D.
896 4370 932 4432 T.

670 4495 709 4558 ad
732 4493 875 4576 obsequia
898 4495 1026 4556 devotus

1050 4615 1193 4680 Ioannes
1213 4613 1382 4698 Keplerus,

1006 4702 1039 4768 S.
1065 4703 1101 4766 G.
1125 4705 1169 4766 M.
1193 4704 1436 4768 Mathematicus.
1537 4713 1542 4724 '

760 4839 939 4853 *nu-
