3476 5532
337 299 404 370 8⁰0
850 305 1183 374 manansque.

336 480 410 549 778.
435 489 590 566 ponerent,
616 479 800 568 eundemque
824 503 933 548 ennom
951 484 1173 570 Lycoethenem
1195 484 1225 550 in
1244 481 1337 552 127&
1362 484 1629 559 mmeicrmasee,
1652 483 1697 546 ds-

339 581 458 656 ceptum
481 573 704 654 permutatione
727 573 943 640 characterum.

423 661 513 755 Quod
544 681 616 726 vero
648 663 856 747 Lycosthenes
888 671 919 728 et
949 683 1016 728 cnm
1044 664 1095 728 illo
1125 683 1182 748 ego
1210 662 1345 728 mouenda
1374 663 1444 726 vice
1476 681 1601 726 ηηηηηι
1630 660 1695 728 CCC

333 753 443 834 ponit,
469 771 537 816 cum
566 752 660 816 ceteri
689 754 902 818 Frencicerum
934 773 1032 820 rorum
1063 753 1225 836 scriptores
1254 760 1369 835 ponent
1399 771 1517 816 οηηηηι
1551 749 1640 827 807,
1670 752 1696 814 id

335 841 483 906 dissensio
506 861 564 905 ηοη
591 849 648 916 est,
672 841 727 905 sed
739 843 955 924 pulcherrimus
978 861 1149 908 consensus
1186 843 1250 908 Res
1271 850 1372 906 mmeu
1392 849 1467 926 eget
1492 840 1695 923 explicatione

334 939 366 995 et
389 931 526 996 doctrine
549 939 724 1013 temporum.
762 933 842 996 Nem
861 934 891 996 iu
909 953 945 997 eo
968 934 1060 998 cerdo
1083 941 1230 1010 vereatur,
1254 939 1407 996 utenctor
1430 932 1528 1013 hujus
1555 929 1695 994 historiae

333 1039 443 1084 ennum
465 1021 514 1083 vel
538 1040 557 1085 s
578 1021 731 1084 Peschete
765 1022 891 1104 incipiet
917 1023 966 1086 vel
989 1045 1009 1086 e
1032 1019 1085 1086 25.
1108 1022 1226 1099 Martii,
1260 1041 1327 1094 cnm
1351 1021 1571 1106 Lycostbeues
1595 1021 1694 1084 nobis-

337 1127 404 1176 cum
426 1110 511 1175 illum
534 1130 554 1175 a
577 1107 643 1174 Cel.
669 1110 806 1176 Januarii
829 1112 1037 1195 preecedentis
1065 1111 1199 1194 incipiet
1236 1110 1289 1174 Sic
1313 1110 1391 1174 euim
1414 1111 1501 1174 idem
1525 1111 1597 1174 dies
1611 1111 1694 1176 xri

333 1196 401 1264 Cel.
425 1199 524 1282 April.
557 1199 596 1264 eb
618 1199 789 1264 Anuelibns
819 1203 950 1266 refertur
978 1201 1009 1264 iu
1040 1203 1127 1265 finem
1159 1201 1229 1266 enni
1260 1197 1345 1278 807,
1378 1221 1399 1264 e
1430 1201 1638 1284 Irycostlreue
1668 1209 1694 1262 et

264 1315 266 1320 ·
332 1307 381 1352 me
402 1289 434 1354 in
457 1289 573 1356 initium
601 1289 671 1354 anni
693 1286 769 1355 808.
798 1289 941 1374 Sequitur
963 1291 1054 1372 igitur
1075 1291 1164 1372 hujus
1186 1289 1232 1356 nei
1254 1290 1515 1356 demonstrandae
1540 1309 1641 1354 cansa

488 1575 674 1676 Digrcesio
701 1577 745 1662 de
760 1575 920 1678 'Epochc
946 1571 1120 1690 crinorum
1148 1575 1285 1654 Christi
1312 1573 1544 1676 vulgarium.-

420 1735 541 1800 Annum
564 1756 584 1799 e
611 1737 758 1817 scriptore
791 1738 943 1802 ennelium
966 1759 985 1802 e
1010 1738 1163 1802 Paschete
1194 1734 1344 1812 inchoeri,
1378 1734 1595 1816 suspicionem
1625 1755 1693 1798 con-

332 1843 470 1906 ceperam
502 1823 532 1887 in
560 1823 699 1906 Opticie:
733 1845 788 1891 nec
820 1828 910 1908 paulo
950 1825 1137 1892 evidentiore
1167 1818 1347 1907 argumente
1377 1825 1510 1888 exhibet
1540 1823 1693 1906 Joseplrns

333 1911 472 1994 Scaliger
502 1914 633 1978 editione
666 1917 799 1980 secunda
828 1916 895 1980 libri
918 1916 955 1980 de
978 1915 1196 1980 Emendatione
1219 1915 1399 1994 Temporurn
1423 1931 1500 1996 pag.
1526 1909 1619 1988 506,
1648 1915 1691 1976 ubi

331 2002 447 2066 relictis
471 2001 523 2080 iis,
558 2023 634 2086 quae
656 2014 761 2069 euctor
784 2004 846 2068 suis
869 2005 1035 2070 rationibus
1063 2005 1185 2068 tendens
1216 2002 1383 2078 concludit,
1418 2011 1453 2065 et
1487 2003 1689 2068 consideretis

331 2091 406 2155 solis
430 2091 507 2168 illis.
533 2111 609 2174 quee
632 2093 660 2156 is
683 2113 721 2156 cx
744 2095 935 2175 enthnitetis
957 2095 1101 2158 memorie
1127 2093 1257 2175 ellegat,
1290 2092 1349 2156 hoc
1371 2091 1481 2156 uideor
1506 2111 1572 2156 ηοη
1597 2093 1689 2174 inepte

331 2181 493 2262 colligere:
527 2199 635 2244 enuum
664 2183 902 2248 ecclesiasticum
930 2183 1082 2266 inceptum
1106 2182 1199 2246 luisse
1227 2181 1436 2258 aPaechete‚
1470 2183 1605 2265 ejusque
1634 2192 1688 2246 ter·

330 2269 454 2346 minum,¹
475 2271 583 2351 qnippe
600 2270 668 2334 lesti
683 2271 812 2346 mobilis,
836 2280 964 2336 exeunte
980 2292 1057 2336 enno
1080 2271 1204 2354 politico
1227 2271 1446 2334 annuncietum
1465 2272 1568 2336 ruisse
1588 2273 1687 2354 populo

331 2360 369 2423 de
393 2368 548 2440 suggesto.
595 2360 700 2442 lteqne
723 2362 753 2425 ἰη
776 2363 950 2426 testimonio
972 2362 1074 2426 Bedee
1097 2362 1159 2425 illic
1182 2361 1327 2440 allegato,
1352 2369 1486 2425 ueruto
1513 2381 1600 2424 anno
1624 2357 1685 2424 701.

333 2447 448 2514 Christi
470 2449 593 2528 politico
617 2450 779 2514 secundum
801 2451 956 2533 vulgatum
970 2469 1082 2527 cerem,
1106 2451 1132 2514 si
1154 2445 1196 2515 33
1220 2449 1335 2512 solidos
1354 2467 1394 2511 ex
1410 2449 1577 2514 sententia
1595 2451 1686 2513 Bedae

332 2537 468 2614 auferes,
500 2545 599 2602 restet
628 2533 702 2604 668.
726 2559 849 2604 currens
872 2562 891 2604 e
912 2541 1064 2605 Peschete
1096 2540 1313 2622 praecedente,
1344 2539 1426 2622 quod
1450 2547 1485 2604 et
1515 2539 1629 2604 hebuit
1648 2539 1686 2600 in·

329 2627 455 2709 scriptio
479 2625 654 2706 Corsorum,
687 2648 775 2710 quem
807 2630 1030 2714 descripserunt
1056 2630 1159 2695 Bedee
1191 2635 1332 2692 auctores
1364 2627 1395 2690 iu
1423 2629 1541 2694 Natali
1565 2627 1686 2694 Domini

330 2716 418 2790 Quod
443 2735 514 2782 vero
537 2717 623 2780 Bede
656 2739 764 2783 ennum
787 2718 862 2785 701.
897 2727 1055 2784 exeuntem
1084 2718 1236 2800 componit
1264 2736 1330 2781 cnm
1353 2717 1534 2782 Indicticne
1570 2727 1686 2801 questa·

330 2806 461 2878 decim,
490 2807 521 2870 iu
544 2826 580 2870 eo
603 2811 716 2872 morem
742 2810 878 2890 sequitur
908 2809 1053 2873 ecolesiee
1078 2815 1110 2871 et
1132 2805 1333 2871 Indictionem
1360 2825 1442 2870 enno
1475 2807 1612 2889 politico
1633 2817 1686 2871 ter-

331 2895 426 2959 minet
448 2895 479 2960 in
501 2897 552 2960 Pr.
577 2894 644 2961 Cel.
667 2896 839 2963 Jenueries.

417 2983 584 3068 Sequentie
606 2987 782 3051 testimonie
797 3006 835 3050 ex
848 2985 1030 3068 Fredegario
1049 2994 1082 3050 et
1098 2983 1242 3050 Aimoiuo
1264 2991 1392 3049 utuntur
1421 2984 1519 3050 titulo
1547 3007 1592 3064 „a
1615 3005 1685 3069 pse·

328 3074 431 3136 sione
454 3075 634 3152 Domini,“
659 3095 725 3140 com
748 3077 863 3142 numeri
884 3077 1037 3158 pendeant
1058 3073 1262 3139 eNetivitete
1285 3074 1336 3138 vel
1359 3075 1598 3154 incarnatione,
1622 3074 1683 3158 qnod
1723 3103 1724 3112 ο

330 3161 356 3226 si
381 3182 440 3226 ηοη
463 3173 513 3227 eet
544 3164 648 3246 lepsus
678 3167 797 3246 liuguae
825 3167 874 3229 vel
901 3165 1028 3242 celami,
1061 3182 1117 3245 ego
1144 3163 1329 3244 interpretor
1361 3162 1424 3240 sic,
1459 3172 1498 3227 nt
1522 3165 1634 3230 dicent
1651 3164 1684 3226 ili

329 3259 471 3315 suctores
494 3271 527 3314 se
551 3272 707 3318 numerere
737 3277 776 3330 „e
800 3255 856 3319 die
878 3254 1103 3329 Pessiouis,“
1127 3250 1264 3333 quemvis
1288 3251 1383 3316 etiarn
1407 3251 1448 3316 ab
1474 3273 1562 3318 anuo
1593 3255 1682 3318 Iocar-

329 3339 473 3403 uetionis.
510 3341 581 3404 Etsi
604 3363 682 3406 euno
706 3339 779 3408 735.
803 3364 862 3407 ηοη
880 3344 954 3406 VH.
971 3340 1038 3407 Cel.
1062 3343 1116 3406 sed
1140 3341 1197 3404 VI.
1218 3339 1286 3404 Cal.
1311 3340 1384 3405 Jen.
1409 3350 1444 3404 et
1467 3362 1555 3406 anno
1581 3345 1682 3408 denos

329 3425 403 3492 736.
428 3429 501 3491 Vll.
525 3427 596 3492 Jen.
627 3431 776 3494 dominice
798 3434 863 3496 dies
895 3433 1010 3498 incidit
1056 3432 1135 3494 Erat
1156 3430 1234 3492 enim
1262 3449 1344 3492 anno
1369 3427 1449 3494 735.
1475 3432 1619 3496 Indictio
1640 3431 1683 3496 Ill

325 3518 433 3600 Iteque
456 3517 594 3600 Scaliger
618 3519 647 3582 in
671 3519 857 3586 conciliendo
879 3522 933 3586 illo
956 3539 1055 3584 errore
1086 3519 1158 3602 lusit
1188 3537 1323 3600 operam.
1372 3519 1424 3583 Sit
1451 3523 1553 3603 culpa
1588 3521 1683 3594 mendi

326 3609 405 3690 quod
437 3607 503 3690 ipse
535 3608 675 3688 egrescit
712 3607 867 3690 Scaliger,
901 3618 956 3673 eut
994 3609 1110 3674 initium
1152 3607 1320 3672 dominicos
1351 3608 1395 3673 sit
1426 3627 1588 3692 vespera.
1618 3627 1684 3676 more

325 3697 439 3760 veteris
461 3696 631 3762 Ecclesiae.
677 3697 759 3761 'ihre
783 3699 836 3762 ille
858 3717 932 3762 sene
956 3691 1005 3764 ese
1031 3697 1181 3780 quedrens
1207 3695 1334 3760 ultimus
1359 3716 1399 3762 ex
1421 3699 1503 3764 VII.
1532 3699 1606 3784 Cel.
1626 3700 1683 3762 Jen.

325 3785 456 3851 Romeui
479 3787 509 3849 in
532 3787 633 3850 medie
656 3796 742 3850 nocte
765 3787 956 3852 terminandi.

414 3874 544 3940 Ceterae
568 3876 760 3942 conciliorum
773 3877 972 3959 ellegetiones
986 3875 1105 3940 omnino
1123 3871 1263 3936 videntur
1276 3873 1368 3938 hobis
1392 3877 1583 3944 confirmer-e
1607 3883 1685 3960 capot

324 3965 395 4028 anui
417 3963 447 4028 in
475 3965 638 4029 Peschete.
685 3965 750 4029 Sed
778 3967 907 4029 solidum
939 3972 1145 4046 argumentum
1176 3961 1301 4026 exhibet
1334 3965 1426 4033 nobie
1461 3969 1684 4033 vetustissimus

324 4072 389 4118 mos
414 4054 561 4118 ecclesiae
586 4052 774 4126 Gellicenee,
799 4074 855 4137 quo
878 4075 932 4138 pro
958 4055 1102 4135 scriptore
1127 4049 1219 4115 Gallo
1243 4053 1478 4132 concludamus,
1506 4067 1606 4139 caput
1627 4055 1684 4120 euri

324 4143 417 4208 luisse
440 4143 499 4224 ipsi
520 4143 642 4208 Pesche
664 4145 713 4208 vel
742 4153 823 4208 certe
847 4141 900 4208 25.
913 4139 1038 4207 'Martii
1084 4142 1258 4204 Tenuerunt
1290 4141 1375 4206 enirn
1400 4141 1582 4211 Christiani
1614 4145 1684 4209 orci-

324 4233 425 4297 dentie
448 4239 481 4294 et
508 4231 588 4294 inter
619 4234 797 4316 preecipuos
821 4232 924 4296 Gelli:
957 4231 1111 4297 Christum
1134 4229 1222 4292 VIII.
1248 4227 1320 4294 Cel.
1345 4232 1451 4314 April.
1488 4236 1684 4300 resurrexisse

324 4317 607 4397 indormiscere,
633 4341 709 4402 quee
732 4321 884 4386 sententie
906 4340 965 4386 nou
984 4327 1033 4398 ert
1047 4320 1122 4382 edeo
1146 4317 1287 4394 ebsurtle,
1315 4321 1389 4401 quin
1409 4342 1484 4388 eam
1503 4325 1685 4407 Epiphanius

323 4410 483 4487 diligenter
507 4411 675 4472 ettendentl
702 4412 884 4492 persuadere
907 4409 1015 4490 possit.
1061 4407 1130 4470 Etsi
1157 4406 1236 4469 enim
1258 4425 1298 4470 ex
1322 4427 1361 4472 en
1386 4413 1552 4492 sequitur,
1578 4414 1685 4478 Paschs

322 4497 507 4561 celebretum
525 4518 545 4559 e
561 4495 688 4562 Jndeeis
700 4500 758 4563 IX.
772 4498 841 4563 Cel.
857 4498 970 4579 Aprilis
991 4503 1061 4558 ente
1080 4493 1303 4578 eequiuoctium
1326 4499 1505 4579 politicum,
1531 4525 1552 4568 e
1574 4503 1684 4570 christo

322 4604 393 4648 vero
416 4591 526 4665 egnum
550 4595 715 4651 comestum
736 4589 795 4652 XI.
820 4587 887 4652 Cel.
911 4585 1010 4667 April.
1033 4592 1179 4660 exeunte3
1206 4584 1386 4650 crucifixum
1406 4588 1452 4654 X„
1481 4591 1556 4658 Gal.
1580 4591 1685 4675 Aprilis

322 4685 380 4734 ηηο
403 4681 494 4756 etque
518 4675 616 4738 eltero
640 4675 688 4738 die
711 4684 782 4738 eote
807 4674 1020 4757 plenilunium
1044 4691 1120 4754 quee
1139 4671 1273 4736 ubsnrde
1295 4675 1465 4744 videntur:
1494 4689 1604 4748 temen
1622 4683 1684 4746 hoec

322 4758 453 4824 ebsurde
474 4762 661 4842 Epipheuics
694 4763 794 4827 reddit
822 4761 999 4826 verisimilia
1030 4769 1153 4824 οηιοηηο
1182 4762 1267 4843 cyclo
1299 4782 1458 4832 uncorum
1483 4769 1547 4850 84,
1572 4771 1684 4836 Judseis

324 4849 454 4926 tempore
474 4848 589 4917 Christi
612 4851 736 4926 usiteto‚
759 4851 809 4935 qui
832 4851 935 4936 cyclus
958 4867 1016 4912 ηοη
1035 4857 1153 4914 tautum
1176 4853 1481 4931 quartumdecimum
1506 4861 1684 4945 entimpubsl
