3702 5532
325 243 392 310 370
821 241 992 292 Asuonomiae
1008 241 1071 294 Paro
1090 239 1189 307 Optica.

324 419 374 487 190
398 419 474 497 2100,
500 421 568 485 hinc
593 421 693 500 prodit
716 419 796 484 [ΒΕ
820 416 881 485 370
904 416 968 484 390.
1015 419 1065 482 115
1089 417 1176 482 VSN
1204 419 1362 500 inquiritur
1388 419 1468 482 huno
1491 421 1522 484 in
1549 420 1680 482 modum.

321 511 409 576 Prius
433 511 558 573 inventa
583 518 630 571 est
654 511 714 571 VN
737 513 794 572 hoc
817 509 923 572 ultimo
947 516 1098 573 momento
1122 504 1183 572 410
1206 508 1269 585 270,
1295 518 1326 572 51
1344 508 1398 573 SN
1421 509 1499 571 inter
1524 507 1628 572 Solem
1652 518 1684 572 et

325 601 550 680 nonagesimum
568 605 616 658 est
630 595 691 661 37⁰
705 595 768 673 590,
793 599 896 679 prodit
918 617 989 679 ergo
1014 598 1141 676 angulus
1164 599 1244 661 inter
1266 598 1437 678 eclipticam
1458 608 1490 661 et
1508 597 1682 660 verticalem

323 685 385 754 55⁰
408 686 450 752 80.
499 687 652 749 Subtraho
676 685 767 758 LSN‚
792 687 968 768 relinquitur
998 682 1053 750 170
1075 684 1139 762 290,
1164 689 1244 750 inter
1272 696 1478 750 transeuntem
1502 707 1555 768 per
1579 694 1683 749 cantra

322 789 354 842 et
377 777 564 839 verticalem.
603 773 793 840 Observatus
818 786 866 838 est
880 774 963 855 2201,
974 771 994 836 0.
1034 776 1214 839 Differentiae
1237 786 1286 838 est
1308 777 1427 856 exigua.
1467 774 1547 839 Nam
1571 795 1681 838 econ-

323 887 412 928 verso
436 857 567 943 512201,
598 867 789 940 assumseris,
812 865 946 947 prodibit
968 866 1096 929 latitudo
1123 865 1189 927 visa
1216 864 1267 928 170
1286 861 1338 940 600,
1363 873 1482 929 tantum
1506 859 1564 947 201,
1595 884 1681 926 5555-

321 956 402 1040 pulis
426 955 538 1016 minor:
574 974 650 1034 quae
679 955 823 1018 minutiae
856 955 957 1016 varias
985 953 1023 1016 ob
1056 973 1165 1016 causas
1199 955 1364 1018 desiderari
1395 963 1542 1035 possunt:
1573 955 1620 1015 vel
1650 963 1684 1014 ut

325 1045 432 1108 umbra
455 1043 542 1124 primi
576 1045 719 1106 momenti
744 1064 802 1106 non
826 1045 916 1124 plane
940 1044 979 1104 ad
1003 1043 1142 1106 dextram
1175 1044 1315 1106 steterit:
1347 1044 1397 1105 vix
1424 1045 1502 1108 euim
1533 1049 1682 1106 momento

327 1135 395 1195 visa
419 1143 468 1194 est
492 1133 566 1192 haec
592 1132 727 1214 species;
752 1134 800 1194 rel
818 1134 896 1213 quod
918 1134 954 1194 de
974 1133 1144 1213 quantitate
1169 1133 1306 1195 defectus
1329 1132 1409 1195 illius
1432 1132 1540 1197 incerti
1563 1151 1683 1194 snmus:

327 1223 393 1303 quis
418 1222 496 1282 enim
522 1223 597 1282 baec
621 1222 649 1283 in
674 1230 736 1283 tam
760 1241 853 1301 parvo
878 1222 963 1284 radio
988 1221 1136 1302 exquisite
1160 1223 1225 1284 sine
1249 1223 1449 1284 instrumento
1473 1219 1684 1302 dignosceret?

327 1312 377 1372 vol
403 1311 481 1390 quod
505 1311 534 1370 in
559 1311 616 1371 fine
649 1310 816 1374 tirocinium
848 1330 945 1372 novae
975 1311 1050 1372 artis
1075 1318 1107 1372 et
1130 1311 1339 1374 inclinationes
1362 1331 1420 1372 non
1445 1331 1537 1392 usque
1568 1328 1685 1390 quaque

326 1401 482 1482 perfectae
492 1417 502 1472 ;
535 1399 662 1478 denique
697 1401 775 1480 quod
808 1399 963 1463 cautiones
994 1398 1103 1480 capitis
1136 1399 1259 1462 secundi
1286 1400 1333 1462 hic
1361 1401 1398 1463 ob
1431 1399 1631 1463 subtilitatem
1654 1407 1686 1458 et

328 1491 500 1570 ignoratam
524 1488 678 1550 foraminis
703 1489 902 1570 quantitatem
927 1509 986 1552 non
1011 1489 1143 1552 adhibui.
1189 1490 1269 1552 Nam
1293 1489 1379 1551 utin
1406 1489 1570 1568 penultimo
1593 1487 1683 1550 sche-

326 1586 408 1641 mate
431 1584 530 1657 patet,
553 1579 668 1640 minuto
688 1579 772 1640 radio
796 1579 930 1659 elliptico
950 1599 1004 1660 per
1027 1578 1149 1640 limbum
1173 1579 1323 1642 minuetur
1339 1584 1371 1640 et
1384 1577 1550 1641 inclinatio.
1590 1575 1684 1638 Cete-

326 1687 391 1731 rum
416 1667 554 1746 exemplo
579 1667 676 1736 docui,
701 1676 842 1747 quantum
867 1669 1024 1730 conferant
1047 1668 1259 1730 inclinationes
1279 1667 1461 1730 observatae
1484 1666 1685 1730 addiscendae

330 1758 415 1818 visae
452 1754 613 1817 latitudini.
660 1757 720 1817 Pro
752 1755 863 1818 visibili
895 1757 1081 1836 longitudine
1106 1757 1134 1816 in
1159 1759 1215 1818 fine
1249 1757 1370 1837 eclipsis
1399 1757 1437 1818 ab
1468 1756 1577 1836 angulo
1600 1754 1686 1818 VSN

338 1841 399 1910 550
422 1841 453 1906 80
488 1845 643 1908 auferatur
675 1843 756 1907 VSL
790 1837 896 1926 ²²¹da⁰
927 1846 1125 1919 observatus,
1160 1854 1191 1906 et
1222 1847 1400 1924 relinquitur
1431 1843 1510 1907 LSE
1538 1841 1599 1908 320
1622 1843 1686 1917 380,

336 1943 526 2013 computatus
556 1952 628 1996 vero
660 1935 716 1996 1511
749 1929 809 1996 370
838 1931 900 2006 390,
936 1953 1027 2014 quare
1060 1933 1139 1998 SLE
1171 1934 1232 1997 illic
1265 1931 1325 1998 570
1356 1932 1420 2010 220,
1453 1934 1502 1996 515
1534 1930 1595 1998 520
1623 1931 1687 1996 210.

335 2023 468 2096 Quorum
492 2023 575 2084 sinus
600 2024 628 2085 in
652 2042 798 2086 summam
822 2023 1110 2085 semidianretrorum
1135 2023 1217 2086 ducti
1240 2025 1427 2086 constituunt
1449 2023 1511 2085 illic
1534 2017 1588 2086 260
1602 2018 1688 2102 ,4000,

331 2113 380 2174 515
405 2111 460 2174 250
484 2108 530 2174 400
561 2112 778 2192 longitudinem
811 2112 960 2174 visibilem
983 2113 1088 2174 Lunae
1121 2115 1202 2174 ultra
1228 2111 1347 2186 Solem,
1378 2113 1461 2192 prius
1491 2122 1562 2174 aute
1586 2111 1689 2174 Solem

328 2209 396 2265 erat
420 2198 475 2266 290
501 2197 552 2264 300.
591 2201 673 2280 Ergo
704 2202 787 2262 horis
811 2199 840 2263 2.
865 2199 920 2264 280
943 2201 1072 2264 visibilis
1096 2208 1194 2264 motus
1219 2203 1322 2264 Lunae
1346 2201 1451 2266 aSole
1471 2201 1579 2281 juncta
1601 2209 1689 2262 utra-

327 2309 385 2372 que
410 2286 537 2410 veltbs5‘
560 2286 628 2354 4300
650 2290 699 2351 vel
723 2286 778 2354 540
802 2289 855 2365 700,
879 2291 934 2352 1115
957 2311 994 2352 ex
1018 2292 1181 2353 observata
1209 2290 1417 2366 inclinatione,
1443 2291 1517 2353 haec
1542 2309 1580 2352 ex
1603 2309 1689 2352 com·

348 2388 442 2442 utata.
477 2375 519 2452 ⁰)

325 2398 345 2462 p
416 2468 613 2530 Problema
636 2453 768 2530 XXVI.¹
804 2468 858 2530 Ex
881 2469 969 2530 data
992 2467 1141 2530 visibili
1171 2467 1403 2546 longitudine
1427 2474 1463 2530 et
1486 2468 1688 2532 latitudine

327 2558 371 2621 ad
394 2565 498 2619 certa
520 2564 701 2619 momenta
729 2568 766 2619 51
789 2558 966 2620 assumtis
992 2558 1141 2620 aliunde
1165 2556 1361 2620 distantiis
1385 2557 1509 2619 Lunae
1529 2564 1565 2619 et
1586 2558 1688 2622 Solis

328 2669 347 2710 a
370 2653 497 2709 centro
519 2647 658 2709 Terrae
682 2647 916 2709 constituere
941 2665 1062 2710 veram
1085 2646 1356 2728 longitudinem
1375 2655 1413 2708 et
1434 2646 1686 2724 latitudinem,

327 2736 483 2818 proinde
508 2743 542 2796 et
566 2735 753 2808 horarium
777 2745 814 2798 et
837 2737 1036 2799 articulum
1060 2755 1167 2798 verae
1197 2735 1486 2814 conjunctionis,
1517 2737 1578 2798 vel
1602 2756 1686 2799 con·

329 2837 388 2887 tra
411 2833 574 2886 assumto
608 2826 754 2886 horario
791 2825 1028 2888 mediocriter
1062 2825 1249 2906 inquirere
1281 2824 1499 2887 distantiam
1522 2826 1645 2887 Lunae
1669 2848 1689 2888 a

327 2915 453 2977 Terra.
493 2913 663 2976 Paratianis
687 2915 784 2976 mixta
807 2934 878 2976 vero
900 2916 993 2976 motui
1017 2913 1177 2976 constituit
1199 2914 1357 2984 visibilem,
1381 2923 1526 2994 separata
1548 2915 1689 2994 relinquit

327 3021 442 3065 verum.
498 3003 674 3066 Parallaxin
707 3023 778 3066 vero
813 3003 906 3066 efficit
937 3005 1146 3083 propinquitas
1181 3003 1289 3064 sideris
1322 3003 1361 3064 ad
1399 3011 1533 3066 centrmn
1563 3004 1683 3066 Terrae.

325 3091 490 3154 Problema
512 3092 615 3173 itaque
640 3091 715 3153 satis
739 3100 827 3174 patet
850 3113 887 3154 err
917 3093 1112 3156 conversione
1146 3091 1388 3172 praeceptionum
1413 3091 1450 3154 de
1479 3093 1685 3172 computandis

328 3181 510 3262 eclipsibus:
536 3188 655 3242 tantum
678 3181 726 3243 hic
756 3189 860 3263 repeto
889 3183 927 3244 ad
957 3201 1042 3244 usum
1070 3181 1225 3262 praecepti
1255 3199 1348 3260 snpra
1370 3199 1436 3260 cap.
1462 3182 1518 3244 IX.
1542 3201 1595 3243 suo
1619 3182 1686 3244 loco

330 3269 418 3331 allati
442 3269 669 3344 declarandum,
695 3271 784 3334 simul
809 3271 899 3334 etiam
925 3280 957 3332 51
979 3279 1086 3352 pateat
1109 3291 1181 3333 usus
1210 3270 1440 3334 observatorum
1464 3271 1689 3334 inclinationum
1754 3307 1762 3332 r

329 3359 361 3420 in
386 3358 598 3420 constituendo
623 3377 694 3420 vero
719 3361 784 3422 loco
808 3361 927 3435 Lunae,
962 3369 994 3422 et
1016 3369 1050 3422 51
1072 3359 1155 3424 Solis
1180 3359 1308 3440 eclipses
1337 3360 1484 3422 calumnia
1515 3361 1687 3436 liberentur,

334 3448 549 3522 demonstrato,
578 3448 644 3527 plus
668 3449 736 3510 illas
761 3451 895 3512 conferre
920 3450 958 3510 ad
982 3450 1173 3530 inquirendos
1190 3450 1294 3512 Lunae
1317 3457 1416 3510 motus
1436 3469 1525 3528 quarn
1540 3450 1689 3512 Lunares.

329 3539 514 3601 Assumatnr
538 3536 686 3599 distantia
700 3537 781 3600 Solis
805 3545 837 3600 et
850 3540 963 3600 Terrae
991 3535 1075 3602 1150
1099 3539 1397 3612 semidiametrorum,
1423 3545 1456 3600 ut
1478 3537 1532 3600 illa
1555 3539 1690 3622 Tychoni

327 3627 440 3708 placet,
466 3625 502 3687 de
528 3644 587 3705 qua
611 3627 692 3690 alibi.
739 3628 824 3690 Haec
848 3647 963 3690 summa
986 3630 1016 3691 in
1040 3629 1139 3690 fronte
1163 3628 1285 3690 tabulae
1318 3634 1439 3690 nostrae
1473 3627 1689 3706 parallacticae

329 3715 475 3798 quaesita
498 3716 586 3776 offert
608 3716 824 3780 horizontalem
852 3718 1063 3800 refractionem
1087 3718 1221 3798 proxime
1247 3711 1288 3792 3¹,
1312 3717 1416 3778 Lunae
1444 3735 1515 3778 vero
1544 3717 1691 3779 distantia

335 3827 353 3867 a
378 3806 472 3868 Terra
502 3813 673 3868 assumatur
700 3816 733 3869 ut
766 3826 858 3888 snpra
880 3803 922 3872 55
952 3807 1252 3870 semidiametrorum.
1297 3805 1367 3868 Erit
1398 3805 1464 3884 ejus
1495 3804 1691 3870 horizontalis

330 3893 499 3976 parallaxis
524 3894 789 3975 proportionaliter
813 3917 850 3958 ex
875 3897 973 3958 fronte
998 3897 1120 3959 tabulae
1145 3906 1266 3958 nostrae
1291 3905 1434 3974 excerpta
1453 3890 1507 3958 620
1522 3893 1598 3967 3000,
1622 3896 1691 3958 hinc

335 3984 440 4046 ablata
464 3982 581 4046 Solaris
607 3981 648 4058 30,
674 3985 815 4066 relinquit
836 3985 1051 4049 horizontalem
1075 3985 1242 4067 parallanin
1267 3986 1370 4048 Lunae
1395 4004 1413 4044 a
1437 3982 1509 4047 Sole
1534 3982 1589 4050 590
1613 3983 1689 4050 3000.

420 4073 470 4135 Sit
499 4073 564 4152 jam
595 4073 722 4151 primum
747 4082 945 4150 momentum,
977 4076 1097 4156 quando
1121 4076 1270 4138 distantia
1301 4075 1380 4137 inter
1410 4073 1636 4155 nonagesimum
1660 4083 1693 4136 et

327 4161 471 4224 verticem
496 4161 553 4225 luit
578 4158 639 4224 560
661 4159 704 4240 40,
735 4182 802 4226 cum
826 4183 883 4244 quo
917 4165 972 4226 sub
1004 4161 1170 4230 111515590
1202 4164 1338 4245 praecise
1368 4162 1548 4226 minutorum
1582 4183 1690 4226 excer-

325 4257 436 4332 puntur
459 4245 605 4326 4805700,
630 4253 684 4314 555
710 4254 799 4316 111515
824 4272 895 4315 vero
914 4251 979 4317 3000
999 4263 1200 4335 excerpuutur
1219 4250 1284 4317 2400
1300 4249 1386 4326 53000,
1412 4271 1528 4316 summa
1543 4250 1597 4318 490
1613 4251 1689 4328 2200,

325 4341 491 4419 parallanis
515 4341 684 4402 latitudinis
712 4345 739 4416 (ζ
762 4363 780 4403 5
805 4339 856 4421 Θ.

416 4429 478 4492 Sed
503 4430 571 4492 visa
593 4429 721 4492 latitudo
748 4435 775 4506 (ζ
798 4452 816 4492 5
841 4427 880 4510 Θ
907 4432 964 4494 1511
992 4431 1020 4493 10
1035 4429 1101 4494 5700
1125 4431 1268 4494 borealis.
1305 4432 1387 4511 Ergo
1411 4432 1517 4495 addita
1540 4431 1690 4511 parallaxi

328 4517 507 4592 latitudiuis,
532 4517 634 4599 prodit
657 4538 728 4582 vera
752 4520 880 4582 latitudo
905 4517 959 4582 510
985 4518 1056 4584 1900.

416 4608 474 4668 Pro
500 4607 696 4688 longitudinis
724 4609 874 4687 parallaxi
898 4627 964 4670 cum
989 4609 1148 4672 altitudine
1181 4608 1367 4688 nonagesimi
1394 4605 1454 4672 33⁰
1477 4604 1532 4673 56¹
1560 4627 1690 4688 excerpo
1720 4651 1723 4656 -

327 4694 381 4755 sub
406 4695 512 4757 iisdem
537 4697 682 4759 columnis
707 4695 761 4761 590
786 4705 818 4760 51
842 4695 907 4761 3000
932 4699 1095 4760 maximam
1118 4699 1313 4777 longitudinis
1337 4698 1508 4779 parallaxin
1533 4695 1586 4762 33⁴
1616 4696 1689 4762 1300.

326 4781 408 4861 Ergo
433 4784 487 4845 sub
520 4786 666 4846 columnis
690 4783 743 4849 330
767 4795 800 4848 51
826 4785 888 4850 1300
916 4805 970 4866 per
1001 4787 1148 4850 visibilem
1172 4788 1277 4850 Lunae
1307 4787 1484 4850 distantiam
1508 4809 1526 4849 a
1551 4805 1690 4867 nonage-
