3476 5532
351 318 414 390 798
447 379 451 388 ,
731 294 736 304 ’
857 279 1048 380 mansuesce
1066 327 1190 394 tragum

349 522 403 585 pro
427 523 479 580 eo,
513 504 592 585 quod
622 504 732 585 legitur
763 512 831 568 octo
855 505 938 582 dies,
970 505 1129 587 legendum
1158 503 1292 567 dixeram
1321 495 1475 569 octoties,
1512 509 1565 574 pro
1591 490 1670 553 orda.

349 593 434 655 Haec
456 594 612 675 responsio
636 613 707 657 vera
731 603 789 660 est.
836 595 914 658 Nam
937 596 964 658 si
986 595 1043 658 hoo
1066 595 1110 658 ita
1132 601 1301 678 spectatum
1324 595 1372 652 est
1390 585 1483 650 XVI.
1502 581 1568 646 cuv.
1582 579 1671 661 Apulis

349 703 409 746 nno
444 683 512 746 dis:
546 702 605 746 non
638 691 686 746 est
718 684 809 764 igitur
840 692 1009 764 spectatum
1040 704 1094 766 per
1118 685 1154 759 7,
1184 681 1205 748 8
1230 677 1322 746 vers
1351 677 1428 740 dies.
1477 671 1599 750 Excipit
1623 688 1671 729 vero

351 771 536 853 disputator,
568 791 628 836 unu
659 793 762 836 omnes
792 783 929 837 auctores
960 775 1071 837 hahere
1099 781 1166 836 octo
1190 759 1272 846 die's,
1305 787 1344 831 ex
1367 785 1425 848 qno
1463 759 1603 824 concinne
1627 757 1672 838 qui

350 862 485 1017 {deriget
507 863 581 924 illud
604 863 748 942 octoties,
778 884 846 926 nam
871 865 950 944 apud
972 863 1158 946 Eginardum
1181 879 1249 924 esse
1273 859 1336 922 dies
1359 855 1389 932 7,
1414 854 1446 917 in
1471 850 1576 914 Bedae
1596 847 1672 908 codice

370 969 414 1014 res
460 999 468 1015 .

437 1039 629 1122 Respondeo,
652 1053 766 1106 certum
791 1061 859 1105 esse
882 1061 970 1104 unum
995 1041 1123 1123 aliquem
1151 1039 1277 1123 primum
1305 1036 1413 1110 fuisse,
1437 1029 1493 1112 qui
1518 1025 1674 1104 consignavit

350 1129 427 1194 hanc
453 1129 596 1193 visionem
611 1131 709 1196 Solis:
735 1141 851 1195 ceteros
867 1133 904 1194 ab
919 1132 975 1194 hoc
999 1129 1204 1210 descripsisse.
1237 1127 1344 1190 Fuisse
1363 1130 1469 1186 summ
1489 1125 1674 1184 asummnuvv.

352 1218 514 1301 descriptio
539 1221 606 1302 ipsa
629 1222 760 1285 indicat:
785 1222 964 1285 Maculam
986 1239 1134 1301 parvam
1156 1219 1191 1282 iu
1215 1216 1302 1281 Sole
1325 1215 1453 1277 visam.
1480 1203 1673 1280 Quianam

350 1308 408 1372 nisi
433 1315 638 1386 astronomus,
670 1311 731 1373 rari
755 1317 786 1373 et
807 1309 920 1374 insoliti
943 1309 1141 1391 phaenomeui
1163 1305 1365 1388 praescientia
1385 1297 1571 1379 instigatus,
1599 1291 1674 1354 oculo

350 1399 380 1460 in
405 1396 506 1460 Solem
531 1399 642 1480 dirigat
663 1401 823 1482 videatque
847 1401 995 1462 maculam
1017 1413 1142 1480 parvam
1164 1398 1193 1460 in
1213 1395 1294 1471 Sole,
1318 1393 1345 1456 si
1368 1390 1465 1454 etiam
1489 1382 1622 1468 perennis
1639 1381 1674 1442 ille

350 1487 457 1550 esset?
494 1486 621 1559 Quando
651 1509 688 1551 ue
719 1490 804 1553 illum
835 1489 953 1571 quidem
985 1497 1083 1551 atrum
1111 1493 1254 1568 punctum
1285 1485 1315 1546 in
1343 1477 1542 1544 extremitate
1574 1469 1675 1549 carpum

349 1577 454 1639 Lunae
477 1577 581 1640 vident
605 1595 723 1654 omnes,
757 1580 815 1642 etsi
838 1579 925 1641 Luna
948 1578 1029 1642 nullo
1053 1577 1161 1639 damno
1191 1576 1341 1638 oculorum
1371 1566 1484 1648 inspici
1510 1564 1549 1627 ab
1571 1558 1675 1622 onnhur

350 1673 463 1747 potest.
811 1671 817 1686 '

439 1754 569 1836 Reliqua
601 1763 797 1836 argumenta,
835 1757 940 1838 quibus
972 1755 1115 1836 probatur
1147 1751 1322 1835 scriptorem
1355 1745 1451 1811 inisse
1493 1749 1672 1807 mnonomvflt

352 1863 462 1926 operae
485 1845 614 1925 pretium
638 1855 687 1909 est
709 1867 746 1908 ex
770 1847 899 1927 epistola
922 1865 988 1909 mea
1011 1863 1206 1924 cognoscere,
1231 1859 1318 1923 quarn
1343 1855 1436 1918 super
1459 1835 1523 1895 hac
1545 1848 1577 1891 re
1598 1825 1674 1904 seipsi

352 1935 390 1997 ad
412 1933 599 2014 praedictum
627 1935 778 2014 juvenem,
802 1936 930 1998 thesium
952 1941 1212 2016 propugnatorem,
1240 1927 1291 1994 16.
1314 1922 1505 1992 Novembris
1534 1917 1600 1982 anni
1620 1914 1673 1976 serti

352 2043 443 2104 snpra
466 2025 736 2087 sexcentesimum:
767 2045 854 2107 quem
879 2025 957 2087 diem
984 2025 1103 2086 notabit
1134 2023 1243 2096 lector,
1275 2019 1309 2082 'nt
1332 2018 1370 2079 de
1393 2013 1454 2076 dde
1480 2027 1598 2078 eorum.
1625 2021 1673 2084 ΨΜ

352 2119 522 2196 sequentur,
548 2113 646 2192 possit
669 2133 736 2176 esse
760 2119 846 2176 tanto
870 2114 990 2177 certior.
1006 2109 1049 2188 ⁸¹)
1096 2111 1147 2176 Sic
1169 2111 1262 2191 igitur
1283 2107 1363 2170 iuter
1386 2107 1514 2166 cetera:
1541 2093 1636 2174 „Quae
1652 2091 1673 2151 dt

351 2201 502 2264 Mercurio
526 2200 581 2263 sub
600 2201 671 2264 Sole
695 2203 759 2265 viso
783 2203 933 2284 objecisti,
957 2222 994 2264 ea
1016 2221 1073 2264 uon
1097 2199 1271 2283 persuades.
1308 2190 1459 2270 Historici
1486 2187 1567 2270 quod
1589 2203 1621 2245 ox
1638 2199 1672 2242 vvt

295 2379 299 2388 .
351 2291 525 2354 matheseos
557 2291 655 2370 perito
687 2301 886 2375 acceperuut,
919 2291 1191 2372 transscripserunt
1222 2287 1300 2350 male
1331 2282 1539 2347 intellectum.
1589 2269 1672 2336 raon

351 2380 426 2463 ipse,
452 2386 622 2461 corruptam
641 2381 719 2460 apud
738 2383 895 2463 plerosque
911 2381 1112 2462 descriptores
1126 2379 1169 2443 rei
1182 2375 1397 2448 narrationem,
1418 2385 1570 2431 annormn
1587 2375 1671 2425 nonen

351 2470 411 2534 alio
436 2475 526 2550 etque
550 2468 618 2532 alio.
666 2467 726 2541 Qui
750 2491 820 2534 vero
843 2471 956 2552 primns
979 2471 1041 2532 ista
1064 2468 1193 2550 scripsit,
1218 2467 1264 2530 ita
1286 2462 1421 2544 loquitur
1444 2467 1482 2520 ut
1502 2462 1671 2519 astronomus

352 2559 399 2623 de
415 2556 519 2620 diebus
551 2566 619 2621 octo
651 2557 781 2641 intelligi
803 2579 861 2622 non
885 2568 996 2641 potest.
1044 2559 1122 2622 Nam
1150 2557 1175 2619 si
1204 2556 1268 2618 dies
1299 2560 1369 2616 octo
1402 2542 1596 2625 intelligendi
1624 2546 1671 2599 suut

352 2667 409 2710 non
433 2647 515 2709 vices
538 2654 607 2711 octo
629 2647 711 2710 intra
733 2669 822 2712 unam
846 2649 936 2725 diem,
971 2648 1040 2730 quid
1071 2645 1193 2710 attinuit
1216 2646 1253 2706 de
1277 2639 1406 2705 nubibus
1438 2633 1595 2718 querelam
1614 2625 1672 2690 insti-

351 2747 446 2814 tuere,
472 2736 577 2818 quibus
606 2737 766 2818 impeditus
798 2739 924 2821 primum
954 2737 1094 2801 Mercurii
1125 2736 1292 2817 ingressum
1316 2731 1345 2792 iu
1376 2728 1521 2810 clypeum
1551 2718 1624 2783 Solis
1645 2711 1690 2774 vell

351 2827 466 2889 exitum
488 2826 623 2889 ultimum
646 2827 747 2890 videre
766 2847 824 2892 non
843 2827 994 2912 potuerit?
1017 2827 1125 2918 quippe
1138 2827 1195 2888 hoc
1214 2820 1467 2910 impedimentum
1484 2818 1589 2875 noctes
1605 2807 1672 2871 alian

352 2917 378 2979 si
402 2933 479 2996 qnae
497 2915 581 2978 iuter
602 2922 650 2977 tot
672 2917 737 2979 dies
765 2917 1026 2989 intercessissent,
1050 2916 1221 2997 potuissent
1253 2910 1406 2990 objicere,
1433 2902 1511 2966 Sole
1535 2917 1599 2962 cnm
1618 2895 1672 2957 Mer·

353 3005 434 3068 curio
458 3004 513 3067 sub
537 3005 631 3068 Terra
654 3016 804 3073 versante.
843 3007 907 3069 huo
931 3005 999 3088 quid
1025 3003 1149 3067 multis?
1171 3003 1226 3064 Ille
1250 3007 1445 3062 astronomus
1471 2978 1672 3054 attenderstrd

352 3094 434 3156 diem
454 3094 671 3173 conjunctionis
685 3093 766 3158 Solis
786 3104 817 3159 et
830 3095 988 3171 Mercurii3
1013 3114 1050 3157 ex
1063 3098 1243 3175 praeparato
1263 3087 1301 3150 ad
1317 3087 1398 3148 hanc
1422 3074 1670 3160 conampladovn

353 3189 542 3258 accesserat,
576 3202 611 3246 ac
635 3184 661 3245 si
686 3185 751 3265 quis
780 3193 877 3248 staret
907 3184 1077 3266 procinctus
1104 3183 1141 3244 ad
1174 3177 1298 3260 eclipsin
1332 3169 1579 3237 observandam:
1606 3163 1670 3256 itrqn

353 3272 444 3334 etiam
478 3272 620 3350 quando
652 3275 802 3352 primum
835 3274 1034 3336 intraverit
1066 3271 1241 3353 quominus
1271 3265 1410 3332 videret,
1445 3255 1603 3322 nubibus
1629 3251 1671 3346 luvv

351 3358 563 3440 impeditus.
609 3359 723 3441 Magna
754 3363 783 3425 iu
814 3364 932 3426 homine
962 3361 1070 3424 fiducia
1102 3361 1219 3421 futurae
1251 3348 1464 3436 eclipsationis
1490 3344 1573 3410 Solis
1600 3348 1671 3417 arguo

352 3453 450 3531 ipsum
474 3455 506 3509 et
529 3449 673 3529 exemplis
697 3451 765 3513 aliis
790 3451 1035 3513 antecedentibus
1060 3457 1091 3511 et
1114 3447 1251 3510 doctrina
1278 3459 1442 3522 expressa,
1468 3437 1552 3499 forte
1573 3429 1670 3493 Aramo

353 3546 407 3602 aut
429 3537 589 3599 Persarum
613 3533 713 3620 (misit
736 3539 813 3601 euim
835 3539 903 3602 Rex
925 3539 1085 3602 Persarum
1109 3541 1294 3599 automatum
1318 3529 1359 3592 ad
1383 3527 1536 3591 Carnium
1556 3523 1671 3612 Mmuvn

353 3633 561 3708 argumentum
586 3627 720 3689 eruditae
734 3619 847 3707 gentis)
863 3629 956 3690 fnisse
975 3629 1037 3708 jam
1056 3626 1170 3708 pridem
1185 3625 1221 3685 de
1241 3641 1272 3684 re
1296 3620 1373 3700 ipsa,
1397 3616 1504 3699 quoad
1518 3610 1581 3675 lieri
1601 3608 1671 3701 P⁰⁵⁸.¹i

353 3719 569 3790 confirmatum,
594 3723 624 3778 et
648 3716 772 3780 scivisse
796 3719 864 3780 loca
885 3717 1029 3779 nodorum
1052 3713 1201 3778 Mercurii.
1249 3708 1325 3782 Quis
1354 3723 1473 3789 quaeso
1504 3701 1622 3765 dixisset
1639 3707 1671 3751 nvsv

354 3817 555 3882 astronomus,
582 3806 660 3868 diem
684 3805 766 3868 illum
791 3825 857 3868 esse
881 3804 1098 3885 conjunctionis
1114 3801 1194 3865 Solis
1210 3805 1241 3862 et
1253 3795 1423 3861 Mercurii?
1447 3793 1494 3856 Et
1507 3789 1586 3873 'quia
1605 3789 1671 3882 eald·

353 3915 460 3960 uomus
483 3903 515 3956 et
541 3902 589 3957 tot
619 3893 773 3976 eclipsiurn
803 3895 998 3970 observator,
1031 3892 1177 3974 quomodo
1206 3889 1345 3969 ignorare
1374 3883 1501 3967 potuit,
1533 3877 1671 3941 Mercnnvv

354 3982 481 4048 celerius
515 4003 603 4064 quam
631 3994 698 4047 octo
732 3984 844 4046 dierum
878 3981 975 4063 spatio
1004 3983 1064 4044 snb
1084 3980 1155 4044 Sole
1187 3975 1343 4039 transire?
1380 3971 1474 4043 Quae
1506 3969 1545 4032 de
1570 3960 1672 4054 nodat

354 4091 465 4153 magna
496 4071 656 4134 latitudine
679 4072 821 4134 Mercurii
844 4073 873 4134 in
902 4071 1108 4151 conjunctione
1133 4067 1214 4131 Solis
1247 4064 1373 4144 objicis,
1404 4056 1553 4141 respondi
1579 4048 1670 4139 setisvv

353 4161 483 4243 Opticis.
522 4159 583 4223 Sed
607 4160 649 4222 ibi
672 4161 702 4224 iu
727 4160 812 4241 signo
836 4160 942 4224 erravi.
979 4163 1062 4238 (vida
1089 4162 1195 4238 supra.)
1231 4154 1311 4217 Nam
1336 4150 1428 4214 hodie
1452 4147 1552 4210 nodus
1569 4141 1671 4234 Marcell

258 4283 260 4290 v
352 4269 410 4314 nou
436 4257 484 4311 est
505 4249 535 4311 in
559 4249 649 4311 initio
668 4248 768 4321 Tauri,
793 4251 846 4313 sed
862 4247 1064 4312 Geminorum.
1101 4247 1137 4308 ld
1161 4243 1309 4324 comperio
1325 4240 1357 4302 in
1371 4255 1542 4322 progressu
1565 4235 1670 4293 exeunt

354 4347 487 4402 motuum
502 4337 643 4400 Mercurii
666 4345 698 4400 et
712 4339 894 4418 deprehendi
917 4346 1047 4398 errorem
1070 4334 1188 4409 calculi,
1213 4331 1261 4412 qni
1281 4329 1355 4392 mihi
1375 4329 1413 4390 de
1430 4327 1534 4388 Tauro
1557 4311 1669 4382 dicebat-⁸

442 4428 526 4488 Haec
549 4427 641 4505 igitur
664 4435 744 4502 tunc,
768 4445 812 4489 sc.
842 4421 889 4488 16.
912 4423 1093 4488 Novembris
1117 4440 1194 4483 anno
1222 4415 1318 4485 1606.
1344 4417 1468 4497 scripsi,
1495 4413 1534 4476 ad
1556 4417 1670 4471 conntv·

356 4517 509 4578 dationem
533 4515 602 4576 tidei
626 4515 780 4594 scriptoris
803 4514 966 4577 Annalium
989 4511 1183 4590 pertinentia.
1229 4507 1338 4570 Fuisse
1361 4524 1437 4568 vero
1461 4498 1621 4566 Ausonium
1637 4485 1669 4588 illl

354 4603 552 4683 posteriorem
576 4610 608 4664 et
631 4603 674 4668 sio
697 4623 755 4664 nou
780 4601 934 4680 αὐτοπτην,
968 4606 1055 4678 patet
1085 4617 1122 4660 ex
1151 4597 1295 4660 historiae
1325 4603 1430 4672 textu,
1461 4611 1530 4656 cum
1551 4589 1668 4652 Ausona

355 4691 471 4770 longius
495 4691 680 4772 provehatur
701 4693 732 4754 in
756 4691 912 4772 sequentia
934 4697 1079 4769 tempora.
1651 4749 1655 4760 Ι

443 4779 579 4858 Denique
612 4780 661 4860 qui
689 4779 850 4842 Francicus
882 4777 1025 4840 historias
1057 4793 1114 4837 non
1138 4772 1341 4860 ,indiligenter
1373 4775 1508 4844 motat,
1541 4756 1668 4828 inrenitvv

356 4863 505 4944 Annonio,
527 4865 696 4946 Reginum,
721 4868 843 4940 Adone,
868 4863 1142 4944 schafneburgensi
1169 4862 1305 4940 integros
1338 4857 1551 4942 paragraphus
1572 4872 1588 4912 s
1607 4840 1667 4905 ouh
