<?xml version="1.0" encoding="UTF-8"?>
<!DOCTYPE html PUBLIC "-//W3C//DTD XHTML 1.0 Transitional//EN"
    "http://www.w3.org/TR/xhtml1/DTD/xhtml1-transitional.dtd">
<html xmlns="http://www.w3.org/1999/xhtml" xml:lang="en" lang="en">
 <head>
  <title>
</title>
<meta http-equiv="Content-Type" content="text/html;charset=utf-8" />
  <meta name='ocr-system' content='tesseract 3.04.00' />
  <meta name='ocr-capabilities' content='ocr_page ocr_carea ocr_par ocr_line ocrx_word'/>
</head>
<body>
  <div class='ocr_page' id='page_1' title='image "./joanniskepleria02unkngoog_0366.png"; bbox 0 0 3700 5530; ppageno 0'>
   <div class='ocr_carea' id='block_1_1' title="bbox 790 293 1533 366">
    <p class='ocr_par' dir='ltr' id='par_1_1' title="bbox 790 293 1533 366">
     <span class='ocr_line' id='line_1_1' title="bbox 790 293 1533 366; baseline 0.015 -14"><span class='ocrx_word' id='word_1_1' title='bbox 790 300 920 366; x_wconf 58' lang='lat' dir='ltr'><strong>cccccx.</strong></span> <span class='ocrx_word' id='word_1_2' title='bbox 1466 293 1533 364; x_wconf 80' lang='grc'><strong>339</strong></span> 
     </span>
    </p>
   </div>
   <div class='ocr_carea' id='block_1_2' title="bbox 172 474 1535 1987">
    <p class='ocr_par' dir='ltr' id='par_1_2' title="bbox 172 474 1535 1272">
     <span class='ocr_line' id='line_1_2' title="bbox 172 474 1532 560; baseline -0.003 -21"><span class='ocrx_word' id='word_1_3' title='bbox 172 479 369 558; x_wconf 88' lang='lat' dir='ltr'><strong>praecedunt,</strong></span> <span class='ocrx_word' id='word_1_4' title='bbox 394 483 497 540; x_wconf 86' lang='lat' dir='ltr'><strong>cetera</strong></span> <span class='ocrx_word' id='word_1_5' title='bbox 519 476 646 559; x_wconf 80' lang='lat' dir='ltr'>relinqui</span> <span class='ocrx_word' id='word_1_6' title='bbox 670 496 794 540; x_wconf 87' lang='lat' dir='ltr'><strong>necesse</strong></span> <span class='ocrx_word' id='word_1_7' title='bbox 818 485 876 540; x_wconf 86' lang='lat' dir='ltr'><strong>est.</strong></span> <span class='ocrx_word' id='word_1_8' title='bbox 922 478 1030 560; x_wconf 92' lang='lat' dir='ltr'><strong>Itaque</strong></span> <span class='ocrx_word' id='word_1_9' title='bbox 1054 474 1301 540; x_wconf 84' lang='lat' dir='ltr'><strong>manifestissimo</strong></span> <span class='ocrx_word' id='word_1_10' title='bbox 1325 477 1362 539; x_wconf 92' lang='lat' dir='ltr'><strong>de</strong></span> <span class='ocrx_word' id='word_1_11' title='bbox 1388 482 1532 538; x_wconf 88' lang='lat' dir='ltr'><strong>astrono-</strong></span> 
     </span>
     <span class='ocr_line' id='line_1_3' title="bbox 174 564 1532 649; baseline -0.004 -19"><span class='ocrx_word' id='word_1_12' title='bbox 174 567 260 630; x_wconf 88' lang='lat' dir='ltr'><strong>micis</strong></span> <span class='ocrx_word' id='word_1_13' title='bbox 283 567 424 649; x_wconf 89' lang='lat' dir='ltr'><strong>loquitur.</strong></span> <span class='ocrx_word' id='word_1_14' title='bbox 461 566 584 647; x_wconf 85' lang='lat' dir='ltr'><strong>Proprie</strong></span> <span class='ocrx_word' id='word_1_15' title='bbox 607 567 657 630; x_wconf 90' lang='lat' dir='ltr'><strong>hic</strong></span> <span class='ocrx_word' id='word_1_16' title='bbox 681 567 865 629; x_wconf 89' lang='lat' dir='ltr'><strong>subsumitur</strong></span> <span class='ocrx_word' id='word_1_17' title='bbox 888 568 1125 648; x_wconf 89' lang='lat' dir='ltr'><strong>experimentum</strong></span> <span class='ocrx_word' id='word_1_18' title='bbox 1146 565 1330 628; x_wconf 83' lang='lat' dir='ltr'><strong>amentibus</strong></span> <span class='ocrx_word' id='word_1_19' title='bbox 1354 573 1386 627; x_wconf 90' lang='lat' dir='ltr'><strong>et</strong></span> <span class='ocrx_word' id='word_1_20' title='bbox 1409 564 1532 644; x_wconf 80' lang='lat' dir='ltr'>sepibus</span> 
     </span>
     <span class='ocr_line' id='line_1_4' title="bbox 177 651 1532 738; baseline -0.004 -19"><span class='ocrx_word' id='word_1_21' title='bbox 177 656 307 733; x_wconf 87' lang='lat' dir='ltr'><strong>ductum,</strong></span> <span class='ocrx_word' id='word_1_22' title='bbox 333 655 500 721; x_wconf 78' lang='lat' dir='ltr'><strong>ambulanti</strong></span> <span class='ocrx_word' id='word_1_23' title='bbox 526 657 616 736; x_wconf 81' lang='lat' dir='ltr'><strong>juxta</strong></span> <span class='ocrx_word' id='word_1_24' title='bbox 643 675 732 736; x_wconf 85' lang='lat' dir='ltr'><strong>sepes</strong></span> <span class='ocrx_word' id='word_1_25' title='bbox 755 656 877 718; x_wconf 90' lang='lat' dir='ltr'><strong>obviare</strong></span> <span class='ocrx_word' id='word_1_26' title='bbox 901 674 989 736; x_wconf 82' lang='lat' dir='ltr'><strong>sepes</strong></span> <span class='ocrx_word' id='word_1_27' title='bbox 1012 657 1197 738; x_wconf 79' lang='lat' dir='ltr'><strong>propinquae</strong></span> <span class='ocrx_word' id='word_1_28' title='bbox 1221 655 1371 726; x_wconf 89' lang='lat' dir='ltr'><strong>videntur,</strong></span> <span class='ocrx_word' id='word_1_29' title='bbox 1395 651 1532 716; x_wconf 86' lang='lat' dir='ltr'><strong>comitari</strong></span> 
     </span>
     <span class='ocr_line' id='line_1_5' title="bbox 178 741 1532 827; baseline -0.004 -20"><span class='ocrx_word' id='word_1_30' title='bbox 178 753 295 808; x_wconf 88' lang='lat' dir='ltr'><strong>montes</strong></span> <span class='ocrx_word' id='word_1_31' title='bbox 318 745 436 809; x_wconf 87' lang='lat' dir='ltr'><strong>remoti.</strong></span> <span class='ocrx_word' id='word_1_32' title='bbox 473 745 578 808; x_wconf 90' lang='lat' dir='ltr'><strong>Possis</strong></span> <span class='ocrx_word' id='word_1_33' title='bbox 592 746 662 808; x_wconf 90' lang='lat' dir='ltr'><strong>inde</strong></span> <span class='ocrx_word' id='word_1_34' title='bbox 681 746 801 807; x_wconf 89' lang='lat' dir='ltr'><strong>ductum</strong></span> <span class='ocrx_word' id='word_1_35' title='bbox 826 746 994 827; x_wconf 84' lang='lat' dir='ltr'><strong>exemplum</strong></span> <span class='ocrx_word' id='word_1_36' title='bbox 1018 745 1244 809; x_wconf 89' lang='lat' dir='ltr'><strong>accommodare</strong></span> <span class='ocrx_word' id='word_1_37' title='bbox 1265 744 1303 805; x_wconf 95' lang='lat' dir='ltr'><strong>ad</strong></span> <span class='ocrx_word' id='word_1_38' title='bbox 1323 751 1434 806; x_wconf 88' lang='lat' dir='ltr'><strong>motum</strong></span> <span class='ocrx_word' id='word_1_39' title='bbox 1451 741 1532 804; x_wconf 89' lang='lat' dir='ltr'><strong>Solis</strong></span> 
     </span>
     <span class='ocr_line' id='line_1_6' title="bbox 176 833 1535 916; baseline -0.003 -21"><span class='ocrx_word' id='word_1_40' title='bbox 176 835 256 896; x_wconf 88' lang='lat' dir='ltr'><strong>inter</strong></span> <span class='ocrx_word' id='word_1_41' title='bbox 286 836 383 911; x_wconf 84' lang='lat' dir='ltr'><strong>fixas,</strong></span> <span class='ocrx_word' id='word_1_42' title='bbox 418 835 473 897; x_wconf 90' lang='lat' dir='ltr'><strong>sed</strong></span> <span class='ocrx_word' id='word_1_43' title='bbox 505 834 628 896; x_wconf 88' lang='lat' dir='ltr'><strong>vocibus</strong></span> <span class='ocrx_word' id='word_1_44' title='bbox 658 853 818 916; x_wconf 83' lang='lat' dir='ltr'><strong>parumper</strong></span> <span class='ocrx_word' id='word_1_45' title='bbox 851 836 889 896; x_wconf 87' lang='lat' dir='ltr'><strong>ab</strong></span> <span class='ocrx_word' id='word_1_46' title='bbox 925 836 1112 898; x_wconf 83' lang='lat' dir='ltr'><strong>astronomia</strong></span> <span class='ocrx_word' id='word_1_47' title='bbox 1142 834 1181 897; x_wconf 89' lang='lat' dir='ltr'><strong>ad</strong></span> <span class='ocrx_word' id='word_1_48' title='bbox 1213 833 1420 916; x_wconf 88' lang='lat' dir='ltr'><strong>quotidianum</strong></span> <span class='ocrx_word' id='word_1_49' title='bbox 1448 849 1535 892; x_wconf 90' lang='lat' dir='ltr'><strong>usum</strong></span> 
     </span>
     <span class='ocr_line' id='line_1_7' title="bbox 176 922 1444 1026; baseline -0.002 -40"><span class='ocrx_word' id='word_1_50' title='bbox 176 924 312 987; x_wconf 81' lang='lat' dir='ltr'><strong>deflexis.</strong></span> <span class='ocrx_word' id='word_1_51' title='bbox 360 923 590 1000; x_wconf 89' lang='lat' dir='ltr'><strong>SintenimB,</strong></span> <span class='ocrx_word' id='word_1_52' title='bbox 615 924 755 994; x_wconf 77' lang='lat' dir='ltr'><strong>noxae,</strong></span> <span class='ocrx_word' id='word_1_53' title='bbox 782 922 1127 1002; x_wconf 72' lang='lat' dir='ltr'><strong>ominamur),</strong></span> <span class='ocrx_word' id='word_1_54' title='bbox 1157 943 1214 1026; x_wconf 80' lang='lat' dir='ltr'><strong>quc</strong></span> <span class='ocrx_word' id='word_1_55' title='bbox 1304 975 1333 1023; x_wconf 74' lang='lat' dir='ltr'><strong>ri</strong></span> <span class='ocrx_word' id='word_1_56' title='bbox 1384 970 1444 1022; x_wconf 61' lang='lat'><strong>1⁰5</strong></span> 
     </span>
     <span class='ocr_line' id='line_1_8' title="bbox 177 973 1358 1096; baseline 0 -20"><span class='ocrx_word' id='word_1_57' title='bbox 177 1014 242 1076; x_wconf 88' lang='lat' dir='ltr'><strong>loeo</strong></span> <span class='ocrx_word' id='word_1_58' title='bbox 275 1021 375 1077; x_wconf 88' lang='lat' dir='ltr'><strong>motus</strong></span> <span class='ocrx_word' id='word_1_59' title='bbox 406 1013 449 1075; x_wconf 90' lang='lat' dir='ltr'><strong>sit</strong></span> <span class='ocrx_word' id='word_1_60' title='bbox 476 973 629 1075; x_wconf 49' lang='lat' dir='ltr'><strong>Terrae,</strong></span> <span class='ocrx_word' id='word_1_61' title='bbox 620 1034 652 1075; x_wconf 91' lang='lat' dir='ltr'><strong>m</strong></span> <span class='ocrx_word' id='word_1_62' title='bbox 681 1014 853 1094; x_wconf 87' lang='lat' dir='ltr'><strong>partesB‚</strong></span> <span class='ocrx_word' id='word_1_63' title='bbox 888 1013 967 1076; x_wconf 89' lang='lat' dir='ltr'><strong>sicut</strong></span> <span class='ocrx_word' id='word_1_64' title='bbox 989 1033 1005 1075; x_wconf 91' lang='lat' dir='ltr'><strong>e</strong></span> <span class='ocrx_word' id='word_1_65' title='bbox 1029 1014 1150 1096; x_wconf 86' lang='lat' dir='ltr'><strong>regione</strong></span> <span class='ocrx_word' id='word_1_66' title='bbox 1183 1013 1212 1076; x_wconf 95' lang='lat' dir='ltr'><strong>in</strong></span> <span class='ocrx_word' id='word_1_67' title='bbox 1334 989 1358 1039; x_wconf 73' lang='lat'>⁸</span> 
     </span>
     <span class='ocr_line' id='line_1_9' title="bbox 178 1071 1529 1184; baseline -0.001 -20"><span class='ocrx_word' id='word_1_68' title='bbox 178 1103 346 1184; x_wconf 80' lang='lat' dir='ltr'><strong>partesA.</strong></span> <span class='ocrx_word' id='word_1_69' title='bbox 391 1103 473 1182; x_wconf 83' lang='lat' dir='ltr'><strong>Ergo</strong></span> <span class='ocrx_word' id='word_1_70' title='bbox 498 1103 593 1164; x_wconf 91' lang='lat' dir='ltr'><strong>Terra</strong></span> <span class='ocrx_word' id='word_1_71' title='bbox 616 1102 645 1164; x_wconf 90' lang='lat' dir='ltr'>D</span> <span class='ocrx_word' id='word_1_72' title='bbox 668 1122 773 1164; x_wconf 90' lang='lat' dir='ltr'><strong>versus</strong></span> <span class='ocrx_word' id='word_1_73' title='bbox 797 1102 822 1164; x_wconf 93' lang='grc' dir='ltr'>Β</span> <span class='ocrx_word' id='word_1_74' title='bbox 848 1110 951 1179; x_wconf 90' lang='lat' dir='ltr'><strong>eunte,</strong></span> <span class='ocrx_word' id='word_1_75' title='bbox 977 1101 1080 1166; x_wconf 82' lang='lat' dir='ltr'><strong>osor</strong></span> <span class='ocrx_word' id='word_1_76' title='bbox 1110 1103 1212 1184; x_wconf 88' lang='lat' dir='ltr'><strong>quies·</strong></span> <span class='ocrx_word' id='word_1_77' title='bbox 1240 1071 1529 1178; x_wconf 52' lang='lat' dir='ltr'><strong>frss-‘x</strong></span> 
     </span>
     <span class='ocr_line' id='line_1_10' title="bbox 179 1191 1211 1272; baseline 0 -18"><span class='ocrx_word' id='word_1_78' title='bbox 179 1211 252 1255; x_wconf 89' lang='lat' dir='ltr'><strong>cens</strong></span> <span class='ocrx_word' id='word_1_79' title='bbox 275 1211 381 1256; x_wconf 91' lang='lat' dir='ltr'><strong>versus</strong></span> <span class='ocrx_word' id='word_1_80' title='bbox 404 1193 435 1254; x_wconf 90' lang='lat' dir='ltr'>A</span> <span class='ocrx_word' id='word_1_81' title='bbox 458 1192 570 1254; x_wconf 90' lang='lat' dir='ltr'><strong>moveri</strong></span> <span class='ocrx_word' id='word_1_82' title='bbox 599 1192 764 1267; x_wconf 86' lang='lat' dir='ltr'><strong>videbitur,</strong></span> <span class='ocrx_word' id='word_1_83' title='bbox 790 1193 866 1254; x_wconf 84' lang='lat' dir='ltr'><strong>fixae</strong></span> <span class='ocrx_word' id='word_1_84' title='bbox 890 1212 962 1255; x_wconf 91' lang='lat' dir='ltr'><strong>vero</strong></span> <span class='ocrx_word' id='word_1_85' title='bbox 985 1191 1050 1255; x_wconf 87' lang='lat' dir='ltr'><strong>Soli</strong></span> <span class='ocrx_word' id='word_1_86' title='bbox 1078 1193 1211 1272; x_wconf 87' lang='lat' dir='ltr'><strong>junctae,</strong></span> 
     </span>
    </p>

    <p class='ocr_par' dir='ltr' id='par_1_3' title="bbox 178 1279 1214 1366">
     <span class='ocr_line' id='line_1_11' title="bbox 178 1279 1214 1366; baseline 0 -22"><span class='ocrx_word' id='word_1_87' title='bbox 178 1287 213 1344; x_wconf 88' lang='lat' dir='ltr'><strong>ut</strong></span> <span class='ocrx_word' id='word_1_88' title='bbox 224 1281 263 1358; x_wconf 88' lang='grc' dir='ltr'><strong>Ε,</strong></span> <span class='ocrx_word' id='word_1_89' title='bbox 286 1281 386 1366; x_wconf 80' lang='lat' dir='ltr'><strong>deseri</strong></span> <span class='ocrx_word' id='word_1_90' title='bbox 401 1303 420 1344; x_wconf 90' lang='lat' dir='ltr'><strong>a</strong></span> <span class='ocrx_word' id='word_1_91' title='bbox 435 1279 507 1344; x_wconf 87' lang='lat' dir='ltr'><strong>Sole</strong></span> <span class='ocrx_word' id='word_1_92' title='bbox 528 1290 560 1344; x_wconf 89' lang='lat' dir='ltr'><strong>et</strong></span> <span class='ocrx_word' id='word_1_93' title='bbox 578 1283 701 1344; x_wconf 89' lang='lat' dir='ltr'><strong>Terram</strong></span> <span class='ocrx_word' id='word_1_94' title='bbox 715 1280 771 1343; x_wconf 95' lang='lat' dir='ltr'><strong>hoc</strong></span> <span class='ocrx_word' id='word_1_95' title='bbox 793 1281 858 1343; x_wconf 89' lang='lat' dir='ltr'><strong>loco</strong></span> <span class='ocrx_word' id='word_1_96' title='bbox 879 1281 1042 1344; x_wconf 87' lang='lat' dir='ltr'><strong>comitari</strong></span> <span class='ocrx_word' id='word_1_97' title='bbox 1034 1302 1064 1344; x_wconf 92' lang='lat' dir='ltr'><strong>m</strong></span> <span class='ocrx_word' id='word_1_98' title='bbox 1089 1283 1214 1344; x_wconf 90' lang='lat' dir='ltr'><strong>eandem</strong></span> 
     </span>
    </p>

    <p class='ocr_par' dir='ltr' id='par_1_4' title="bbox 176 1366 1215 1452">
     <span class='ocr_line' id='line_1_12' title="bbox 176 1366 1215 1452; baseline 0 -19"><span class='ocrx_word' id='word_1_99' title='bbox 176 1370 310 1452; x_wconf 80' lang='lat' dir='ltr'><strong>plagam,</strong></span> <span class='ocrx_word' id='word_1_100' title='bbox 335 1371 414 1452; x_wconf 92' lang='lat' dir='ltr'><strong>quod</strong></span> <span class='ocrx_word' id='word_1_101' title='bbox 428 1371 564 1433; x_wconf 88' lang='lat' dir='ltr'><strong>hacvice</strong></span> <span class='ocrx_word' id='word_1_102' title='bbox 579 1389 654 1433; x_wconf 91' lang='lat' dir='ltr'><strong>voce</strong></span> <span class='ocrx_word' id='word_1_103' title='bbox 668 1366 882 1434; x_wconf 66' lang='lat' dir='ltr'><strong>decimaretur</strong></span> <span class='ocrx_word' id='word_1_104' title='bbox 896 1371 1113 1452; x_wconf 82' lang='lat' dir='ltr'><strong>designandum</strong></span> <span class='ocrx_word' id='word_1_105' title='bbox 1131 1373 1215 1433; x_wconf 89' lang='lat' dir='ltr'><strong>venit</strong></span> 
     </span>
    </p>

    <p class='ocr_par' dir='ltr' id='par_1_5' title="bbox 179 1459 1213 1541">
     <span class='ocr_line' id='line_1_13' title="bbox 179 1459 1213 1541; baseline 0 -19"><span class='ocrx_word' id='word_1_106' title='bbox 179 1479 235 1522; x_wconf 91' lang='lat' dir='ltr'><strong>usu</strong></span> <span class='ocrx_word' id='word_1_107' title='bbox 257 1460 387 1540; x_wconf 83' lang='lat' dir='ltr'><strong>vulgari,</strong></span> <span class='ocrx_word' id='word_1_108' title='bbox 413 1459 472 1522; x_wconf 90' lang='lat' dir='ltr'><strong>etsi</strong></span> <span class='ocrx_word' id='word_1_109' title='bbox 486 1461 600 1541; x_wconf 86' lang='lat' dir='ltr'><strong>posteri</strong></span> <span class='ocrx_word' id='word_1_110' title='bbox 624 1460 759 1523; x_wconf 83' lang='lat' dir='ltr'><strong>strictius</strong></span> <span class='ocrx_word' id='word_1_111' title='bbox 775 1460 858 1524; x_wconf 90' lang='lat' dir='ltr'><strong>illam</strong></span> <span class='ocrx_word' id='word_1_112' title='bbox 871 1460 900 1522; x_wconf 91' lang='lat' dir='ltr'><strong>iu</strong></span> <span class='ocrx_word' id='word_1_113' title='bbox 921 1460 1107 1524; x_wconf 84' lang='lat' dir='ltr'><strong>astronomia</strong></span> <span class='ocrx_word' id='word_1_114' title='bbox 1125 1480 1213 1522; x_wconf 88' lang='lat' dir='ltr'><strong>usur-</strong></span> 
     </span>
    </p>

    <p class='ocr_par' dir='ltr' id='par_1_6' title="bbox 178 1549 1215 1632">
     <span class='ocr_line' id='line_1_14' title="bbox 178 1549 1215 1632; baseline 0.002 -22"><span class='ocrx_word' id='word_1_115' title='bbox 178 1557 288 1630; x_wconf 89' lang='lat' dir='ltr'><strong>pamut</strong></span> <span class='ocrx_word' id='word_1_116' title='bbox 317 1550 353 1611; x_wconf 90' lang='lat' dir='ltr'><strong>de</strong></span> <span class='ocrx_word' id='word_1_117' title='bbox 386 1557 469 1612; x_wconf 92' lang='lat' dir='ltr'><strong>motu</strong></span> <span class='ocrx_word' id='word_1_118' title='bbox 491 1549 521 1611; x_wconf 93' lang='lat' dir='ltr'><strong>in</strong></span> <span class='ocrx_word' id='word_1_119' title='bbox 546 1550 761 1632; x_wconf 85' lang='lat' dir='ltr'><strong>consequentia</strong></span> <span class='ocrx_word' id='word_1_120' title='bbox 783 1549 855 1624; x_wconf 86' lang='lat' dir='ltr'><strong>BA,</strong></span> <span class='ocrx_word' id='word_1_121' title='bbox 889 1551 969 1612; x_wconf 91' lang='lat' dir='ltr'><strong>nullo</strong></span> <span class='ocrx_word' id='word_1_122' title='bbox 1002 1551 1079 1612; x_wconf 90' lang='lat' dir='ltr'><strong>situs</strong></span> <span class='ocrx_word' id='word_1_123' title='bbox 1104 1551 1215 1613; x_wconf 83' lang='lat' dir='ltr'><strong>Terrae</strong></span> 
     </span>
    </p>

    <p class='ocr_par' dir='ltr' id='par_1_7' title="bbox 179 1638 1215 1722">
     <span class='ocr_line' id='line_1_15' title="bbox 179 1638 1215 1722; baseline 0.002 -20"><span class='ocrx_word' id='word_1_124' title='bbox 179 1647 335 1719; x_wconf 86' lang='lat' dir='ltr'><strong>respectu,</strong></span> <span class='ocrx_word' id='word_1_125' title='bbox 361 1659 419 1722; x_wconf 92' lang='lat' dir='ltr'><strong>quc</strong></span> <span class='ocrx_word' id='word_1_126' title='bbox 442 1647 533 1719; x_wconf 90' lang='lat' dir='ltr'><strong>pacto</strong></span> <span class='ocrx_word' id='word_1_127' title='bbox 556 1638 623 1701; x_wconf 75' lang='lat' dir='ltr'><strong>fixis</strong></span> <span class='ocrx_word' id='word_1_128' title='bbox 646 1657 704 1701; x_wconf 92' lang='lat' dir='ltr'><strong>non</strong></span> <span class='ocrx_word' id='word_1_129' title='bbox 735 1639 885 1701; x_wconf 88' lang='lat' dir='ltr'><strong>convenit.</strong></span> <span class='ocrx_word' id='word_1_130' title='bbox 931 1639 1094 1702; x_wconf 87' lang='lat' dir='ltr'><strong>Rationem</strong></span> <span class='ocrx_word' id='word_1_131' title='bbox 1117 1641 1215 1704; x_wconf 92' lang='lat' dir='ltr'><strong>nomi-</strong></span> 
     </span>
    </p>

    <p class='ocr_par' dir='ltr' id='par_1_8' title="bbox 179 1728 1216 1812">
     <span class='ocr_line' id='line_1_16' title="bbox 179 1728 1216 1812; baseline 0 -22"><span class='ocrx_word' id='word_1_132' title='bbox 179 1747 251 1791; x_wconf 89' lang='lat' dir='ltr'><strong>num</strong></span> <span class='ocrx_word' id='word_1_133' title='bbox 274 1729 440 1792; x_wconf 88' lang='lat' dir='ltr'><strong>astronomi</strong></span> <span class='ocrx_word' id='word_1_134' title='bbox 461 1729 540 1790; x_wconf 89' lang='lat' dir='ltr'><strong>hanc</strong></span> <span class='ocrx_word' id='word_1_135' title='bbox 571 1729 690 1808; x_wconf 87' lang='lat' dir='ltr'><strong>possint</strong></span> <span class='ocrx_word' id='word_1_136' title='bbox 721 1729 811 1792; x_wconf 88' lang='lat' dir='ltr'><strong>dare:</strong></span> <span class='ocrx_word' id='word_1_137' title='bbox 845 1729 922 1812; x_wconf 90' lang='lat' dir='ltr'><strong>quod</strong></span> <span class='ocrx_word' id='word_1_138' title='bbox 946 1728 977 1791; x_wconf 94' lang='lat' dir='ltr'><strong>iu</strong></span> <span class='ocrx_word' id='word_1_139' title='bbox 1005 1729 1216 1792; x_wconf 78' lang='lat' dir='ltr'><strong>commixtione</strong></span> 
     </span>
    </p>

    <p class='ocr_par' dir='ltr' id='par_1_9' title="bbox 179 1818 1214 1899">
     <span class='ocr_line' id='line_1_17' title="bbox 179 1818 1214 1899; baseline 0 -19"><span class='ocrx_word' id='word_1_140' title='bbox 179 1824 280 1881; x_wconf 88' lang='lat' dir='ltr'><strong>motus</strong></span> <span class='ocrx_word' id='word_1_141' title='bbox 303 1818 391 1899; x_wconf 91' lang='lat' dir='ltr'><strong>primi</strong></span> <span class='ocrx_word' id='word_1_142' title='bbox 411 1824 443 1880; x_wconf 90' lang='lat' dir='ltr'><strong>et</strong></span> <span class='ocrx_word' id='word_1_143' title='bbox 465 1819 673 1888; x_wconf 88' lang='lat' dir='ltr'><strong>secundorum,</strong></span> <span class='ocrx_word' id='word_1_144' title='bbox 697 1837 772 1899; x_wconf 90' lang='lat' dir='ltr'><strong>quae</strong></span> <span class='ocrx_word' id='word_1_145' title='bbox 792 1819 969 1898; x_wconf 81' lang='lat' dir='ltr'><strong>retrogrado</strong></span> <span class='ocrx_word' id='word_1_146' title='bbox 993 1819 1109 1880; x_wconf 88' lang='lat' dir='ltr'><strong>cientur</strong></span> <span class='ocrx_word' id='word_1_147' title='bbox 1123 1827 1214 1895; x_wconf 92' lang='lat' dir='ltr'><strong>motu,</strong></span> 
     </span>
    </p>

    <p class='ocr_par' dir='ltr' id='par_1_10' title="bbox 181 1907 1216 1987">
     <span class='ocr_line' id='line_1_18' title="bbox 181 1907 1216 1987; baseline 0 -18"><span class='ocrx_word' id='word_1_148' title='bbox 181 1907 279 1970; x_wconf 90' lang='lat' dir='ltr'><strong>locum</strong></span> <span class='ocrx_word' id='word_1_149' title='bbox 304 1927 389 1970; x_wconf 91' lang='lat' dir='ltr'><strong>suum</strong></span> <span class='ocrx_word' id='word_1_150' title='bbox 413 1907 620 1970; x_wconf 88' lang='lat' dir='ltr'><strong>antecedentis</strong></span> <span class='ocrx_word' id='word_1_151' title='bbox 644 1907 703 1970; x_wconf 91' lang='lat' dir='ltr'><strong>diei</strong></span> <span class='ocrx_word' id='word_1_152' title='bbox 725 1908 805 1970; x_wconf 91' lang='lat' dir='ltr'><strong>inter</strong></span> <span class='ocrx_word' id='word_1_153' title='bbox 818 1907 903 1983; x_wconf 82' lang='lat' dir='ltr'><strong>lixas,</strong></span> <span class='ocrx_word' id='word_1_154' title='bbox 929 1909 1056 1987; x_wconf 87' lang='lat' dir='ltr'><strong>appulsu</strong></span> <span class='ocrx_word' id='word_1_155' title='bbox 1071 1909 1110 1970; x_wconf 92' lang='lat' dir='ltr'><strong>ad</strong></span> <span class='ocrx_word' id='word_1_156' title='bbox 1124 1907 1216 1971; x_wconf 90' lang='lat' dir='ltr'><strong>meri-</strong></span> 
     </span>
    </p>
   </div>
   <div class='ocr_carea' id='block_1_3' title="bbox 180 1995 1474 2346">
    <p class='ocr_par' dir='ltr' id='par_1_11' title="bbox 180 1995 1474 2346">
     <span class='ocr_line' id='line_1_19' title="bbox 180 1995 1474 2080; baseline 0.001 -21"><span class='ocrx_word' id='word_1_157' title='bbox 180 1997 302 2060; x_wconf 88' lang='lat' dir='ltr'><strong>dianum</strong></span> <span class='ocrx_word' id='word_1_158' title='bbox 324 1997 502 2067; x_wconf 87' lang='lat' dir='ltr'><strong>maturiore,</strong></span> <span class='ocrx_word' id='word_1_159' title='bbox 530 2002 745 2080; x_wconf 88' lang='lat' dir='ltr'><strong>praevertunt:</strong></span> <span class='ocrx_word' id='word_1_160' title='bbox 776 1997 874 2059; x_wconf 87' lang='lat' dir='ltr'><strong>etsie</strong></span> <span class='ocrx_word' id='word_1_161' title='bbox 901 2018 1082 2077; x_wconf 75' lang='lat' dir='ltr'><strong>apcqyerrm.</strong></span> <span class='ocrx_word' id='word_1_162' title='bbox 1130 1995 1216 2068; x_wconf 83' lang='lat' dir='ltr'><strong>Quae</strong></span> <span class='ocrx_word' id='word_1_163' title='bbox 1469 1997 1474 2003; x_wconf 84' lang='lat'>&#39;</span> 
     </span>
     <span class='ocr_line' id='line_1_20' title="bbox 181 2087 1215 2170; baseline 0.001 -22"><span class='ocrx_word' id='word_1_164' title='bbox 181 2105 255 2151; x_wconf 90' lang='lat' dir='ltr'><strong>vero</strong></span> <span class='ocrx_word' id='word_1_165' title='bbox 280 2087 395 2149; x_wconf 91' lang='lat' dir='ltr'><strong>directo</strong></span> <span class='ocrx_word' id='word_1_166' title='bbox 419 2094 502 2149; x_wconf 92' lang='lat' dir='ltr'><strong>motu</strong></span> <span class='ocrx_word' id='word_1_167' title='bbox 524 2094 697 2161; x_wconf 89' lang='lat' dir='ltr'><strong>moventur,</strong></span> <span class='ocrx_word' id='word_1_168' title='bbox 731 2105 832 2150; x_wconf 90' lang='lat' dir='ltr'><strong>eorum</strong></span> <span class='ocrx_word' id='word_1_169' title='bbox 855 2087 924 2148; x_wconf 89' lang='lat' dir='ltr'><strong>loca</strong></span> <span class='ocrx_word' id='word_1_170' title='bbox 946 2088 1002 2149; x_wconf 90' lang='lat' dir='ltr'><strong>sub</strong></span> <span class='ocrx_word' id='word_1_171' title='bbox 1026 2087 1107 2160; x_wconf 84' lang='lat' dir='ltr'><strong>fixis,</strong></span> <span class='ocrx_word' id='word_1_172' title='bbox 1140 2106 1215 2170; x_wconf 89' lang='lat' dir='ltr'><strong>quac</strong></span> 
     </span>
     <span class='ocr_line' id='line_1_21' title="bbox 181 2175 1216 2256; baseline -0.002 -17"><span class='ocrx_word' id='word_1_173' title='bbox 181 2176 359 2239; x_wconf 88' lang='lat' dir='ltr'><strong>obtinebant</strong></span> <span class='ocrx_word' id='word_1_174' title='bbox 383 2176 431 2238; x_wconf 91' lang='lat' dir='ltr'><strong>die</strong></span> <span class='ocrx_word' id='word_1_175' title='bbox 455 2177 655 2252; x_wconf 87' lang='lat' dir='ltr'><strong>antecedenti,</strong></span> <span class='ocrx_word' id='word_1_176' title='bbox 679 2175 769 2256; x_wconf 90' lang='lat' dir='ltr'><strong>prius&#39;</strong></span> <span class='ocrx_word' id='word_1_177' title='bbox 779 2177 817 2238; x_wconf 90' lang='lat' dir='ltr'><strong>ad</strong></span> <span class='ocrx_word' id='word_1_178' title='bbox 841 2175 1037 2240; x_wconf 90' lang='lat' dir='ltr'><strong>meridianum</strong></span> <span class='ocrx_word' id='word_1_179' title='bbox 1058 2176 1109 2238; x_wconf 86' lang='lat' dir='ltr'><strong>vel</strong></span> <span class='ocrx_word' id='word_1_180' title='bbox 1132 2175 1216 2238; x_wconf 92' lang='lat' dir='ltr'><strong>hori-</strong></span> 
     </span>
     <span class='ocr_line' id='line_1_22' title="bbox 180 2261 1215 2346; baseline -0.001 -16"><span class='ocrx_word' id='word_1_181' title='bbox 180 2273 299 2330; x_wconf 87' lang='lat' dir='ltr'><strong>zontem</strong></span> <span class='ocrx_word' id='word_1_182' title='bbox 313 2265 454 2327; x_wconf 89' lang='lat' dir='ltr'><strong>veniunt:</strong></span> <span class='ocrx_word' id='word_1_183' title='bbox 473 2284 530 2346; x_wconf 92' lang='lat' dir='ltr'><strong>quc</strong></span> <span class='ocrx_word' id='word_1_184' title='bbox 543 2273 634 2346; x_wconf 89' lang='lat' dir='ltr'><strong>pacto</strong></span> <span class='ocrx_word' id='word_1_185' title='bbox 648 2261 862 2328; x_wconf 68' lang='lat' dir='ltr'><strong>incinerantur</strong></span> <span class='ocrx_word' id='word_1_186' title='bbox 875 2265 1092 2345; x_wconf 87' lang='lat' dir='ltr'><strong>intelliguntur,</strong></span> <span class='ocrx_word' id='word_1_187' title='bbox 1108 2285 1215 2346; x_wconf 91' lang='lat' dir='ltr'><strong>quem-</strong></span> 
     </span>
    </p>
   </div>
   <div class='ocr_carea' id='block_1_4' title="bbox 180 2353 1599 4044">
    <p class='ocr_par' dir='ltr' id='par_1_12' title="bbox 180 2353 1590 2901">
     <span class='ocr_line' id='line_1_23' title="bbox 181 2353 1216 2438; baseline 0.001 -20"><span class='ocrx_word' id='word_1_188' title='bbox 181 2357 341 2418; x_wconf 83' lang='lat' dir='ltr'><strong>admodum</strong></span> <span class='ocrx_word' id='word_1_189' title='bbox 364 2353 392 2416; x_wconf 90' lang='lat' dir='ltr'><strong>si</strong></span> <span class='ocrx_word' id='word_1_190' title='bbox 415 2355 478 2416; x_wconf 91' lang='lat' dir='ltr'><strong>duo&#39;</strong></span> <span class='ocrx_word' id='word_1_191' title='bbox 503 2373 641 2418; x_wconf 88' lang='lat' dir='ltr'><strong>cursores</strong></span> <span class='ocrx_word' id='word_1_192' title='bbox 673 2356 778 2420; x_wconf 88' lang='lat' dir='ltr'><strong>eodem</strong></span> <span class='ocrx_word' id='word_1_193' title='bbox 811 2355 931 2438; x_wconf 89' lang='lat' dir='ltr'><strong>quidem</strong></span> <span class='ocrx_word' id='word_1_194' title='bbox 962 2355 1103 2431; x_wconf 89' lang='lat' dir='ltr'><strong>tendant,</strong></span> <span class='ocrx_word' id='word_1_195' title='bbox 1138 2357 1216 2419; x_wconf 91' lang='lat' dir='ltr'><strong>alter</strong></span> 
     </span>
     <span class='ocr_line' id='line_1_24' title="bbox 181 2443 1539 2527; baseline 0.003 -20"><span class='ocrx_word' id='word_1_196' title='bbox 181 2464 253 2508; x_wconf 89' lang='lat' dir='ltr'><strong>vero</strong></span> <span class='ocrx_word' id='word_1_197' title='bbox 277 2446 374 2508; x_wconf 89' lang='lat' dir='ltr'><strong>altero</strong></span> <span class='ocrx_word' id='word_1_198' title='bbox 397 2443 514 2506; x_wconf 88' lang='lat' dir='ltr'><strong>tardior</strong></span> <span class='ocrx_word' id='word_1_199' title='bbox 536 2463 570 2506; x_wconf 91' lang='lat' dir='ltr'><strong>se</strong></span> <span class='ocrx_word' id='word_1_200' title='bbox 593 2444 722 2525; x_wconf 86' lang='lat' dir='ltr'><strong>relinqui</strong></span> <span class='ocrx_word' id='word_1_201' title='bbox 746 2452 895 2527; x_wconf 88' lang='lat' dir='ltr'><strong>queratur.</strong></span> <span class='ocrx_word' id='word_1_202' title='bbox 942 2445 1049 2525; x_wconf 90' lang='lat' dir='ltr'><strong>ltaque</strong></span> <span class='ocrx_word' id='word_1_203' title='bbox 1075 2463 1168 2508; x_wconf 90' lang='lat' dir='ltr'><strong>eausa</strong></span> <span class='ocrx_word' id='word_1_204' title='bbox 1190 2446 1291 2526; x_wconf 89' lang='lat' dir='ltr'><strong>cptica</strong></span> <span class='ocrx_word' id='word_1_205' title='bbox 1319 2449 1394 2510; x_wconf 89' lang='lat' dir='ltr'><strong>haec</strong></span> <span class='ocrx_word' id='word_1_206' title='bbox 1418 2449 1539 2511; x_wconf 90' lang='lat' dir='ltr'><strong>nomina</strong></span> 
     </span>
     <span class='ocr_line' id='line_1_25' title="bbox 180 2533 1538 2618; baseline 0.001 -22"><span class='ocrx_word' id='word_1_207' title='bbox 180 2533 308 2618; x_wconf 87' lang='lat' dir='ltr'><strong>peperit.</strong></span> <span class='ocrx_word' id='word_1_208' title='bbox 352 2533 433 2596; x_wconf 89' lang='lat' dir='ltr'><strong>Nam</strong></span> <span class='ocrx_word' id='word_1_209' title='bbox 466 2533 540 2610; x_wconf 90' lang='lat' dir='ltr'><strong>etsi,</strong></span> <span class='ocrx_word' id='word_1_210' title='bbox 574 2535 653 2614; x_wconf 93' lang='lat' dir='ltr'><strong>quod</strong></span> <span class='ocrx_word' id='word_1_211' title='bbox 681 2534 746 2613; x_wconf 90' lang='lat' dir='ltr'><strong>jam</strong></span> <span class='ocrx_word' id='word_1_212' title='bbox 779 2534 907 2609; x_wconf 87' lang='lat' dir='ltr'><strong>dictum,</strong></span> <span class='ocrx_word' id='word_1_213' title='bbox 940 2552 977 2594; x_wconf 90' lang='lat' dir='ltr'><strong>ue</strong></span> <span class='ocrx_word' id='word_1_214' title='bbox 1004 2533 1118 2613; x_wconf 91' lang='lat' dir='ltr'><strong>primus</strong></span> <span class='ocrx_word' id='word_1_215' title='bbox 1149 2535 1268 2616; x_wconf 88' lang='lat' dir='ltr'><strong>quidem</strong></span> <span class='ocrx_word' id='word_1_216' title='bbox 1293 2544 1324 2599; x_wconf 87' lang='lat' dir='ltr'><strong>et</strong></span> <span class='ocrx_word' id='word_1_217' title='bbox 1347 2537 1538 2618; x_wconf 91' lang='lat' dir='ltr'><strong>quotidianus</strong></span> 
     </span>
     <span class='ocr_line' id='line_1_26' title="bbox 181 2621 1537 2701; baseline 0.001 -14"><span class='ocrx_word' id='word_1_218' title='bbox 181 2625 313 2687; x_wconf 89' lang='lat' dir='ltr'><strong>siderum</strong></span> <span class='ocrx_word' id='word_1_219' title='bbox 336 2629 436 2685; x_wconf 91' lang='lat' dir='ltr'><strong>motus</strong></span> <span class='ocrx_word' id='word_1_220' title='bbox 459 2623 596 2685; x_wconf 88' lang='lat' dir='ltr'><strong>sensibus</strong></span> <span class='ocrx_word' id='word_1_221' title='bbox 617 2623 705 2684; x_wconf 88' lang='lat' dir='ltr'><strong>nudie</strong></span> <span class='ocrx_word' id='word_1_222' title='bbox 730 2622 879 2701; x_wconf 86' lang='lat' dir='ltr'><strong>subjacet,</strong></span> <span class='ocrx_word' id='word_1_223' title='bbox 903 2621 962 2684; x_wconf 90' lang='lat' dir='ltr'><strong>levi</strong></span> <span class='ocrx_word' id='word_1_224' title='bbox 982 2627 1083 2684; x_wconf 90' lang='lat' dir='ltr'><strong>tamen</strong></span> <span class='ocrx_word' id='word_1_225' title='bbox 1107 2623 1337 2688; x_wconf 86' lang='lat' dir='ltr'><strong>ratiocinatione</strong></span> <span class='ocrx_word' id='word_1_226' title='bbox 1362 2626 1438 2688; x_wconf 93' lang='lat' dir='ltr'><strong>oculi</strong></span> <span class='ocrx_word' id='word_1_227' title='bbox 1463 2625 1537 2687; x_wconf 89' lang='lat' dir='ltr'><strong>sub-</strong></span> 
     </span>
     <span class='ocr_line' id='line_1_27' title="bbox 181 2710 1538 2794; baseline -0.001 -18"><span class='ocrx_word' id='word_1_228' title='bbox 181 2715 277 2776; x_wconf 88' lang='lat' dir='ltr'><strong>levati</strong></span> <span class='ocrx_word' id='word_1_229' title='bbox 303 2715 368 2794; x_wconf 89' lang='lat' dir='ltr'><strong>jam</strong></span> <span class='ocrx_word' id='word_1_230' title='bbox 395 2710 522 2791; x_wconf 90' lang='lat' dir='ltr'><strong>primum</strong></span> <span class='ocrx_word' id='word_1_231' title='bbox 545 2713 622 2774; x_wconf 91' lang='lat' dir='ltr'><strong>hunc</strong></span> <span class='ocrx_word' id='word_1_232' title='bbox 646 2719 679 2774; x_wconf 88' lang='lat' dir='ltr'><strong>et</strong></span> <span class='ocrx_word' id='word_1_233' title='bbox 701 2711 905 2792; x_wconf 88' lang='lat' dir='ltr'><strong>quotidianum</strong></span> <span class='ocrx_word' id='word_1_234' title='bbox 933 2718 1046 2773; x_wconf 89' lang='lat' dir='ltr'><strong>motum</strong></span> <span class='ocrx_word' id='word_1_235' title='bbox 1070 2711 1108 2773; x_wconf 89' lang='lat' dir='ltr'><strong>ab</strong></span> <span class='ocrx_word' id='word_1_236' title='bbox 1137 2719 1204 2775; x_wconf 93' lang='lat' dir='ltr'><strong>ortu</strong></span> <span class='ocrx_word' id='word_1_237' title='bbox 1228 2713 1258 2777; x_wconf 93' lang='lat' dir='ltr'><strong>in</strong></span> <span class='ocrx_word' id='word_1_238' title='bbox 1287 2733 1426 2778; x_wconf 91' lang='lat' dir='ltr'><strong>occasum</strong></span> <span class='ocrx_word' id='word_1_239' title='bbox 1450 2715 1538 2777; x_wconf 82' lang='lat' dir='ltr'><strong>facile</strong></span> 
     </span>
     <span class='ocr_line' id='line_1_28' title="bbox 183 2799 1590 2901; baseline 0.002 -37"><span class='ocrx_word' id='word_1_240' title='bbox 183 2810 310 2865; x_wconf 74' lang='lat' dir='ltr'><strong>nomnt:</strong></span> <span class='ocrx_word' id='word_1_241' title='bbox 335 2800 482 2865; x_wconf 86' lang='lat' dir='ltr'><strong>secundos</strong></span> <span class='ocrx_word' id='word_1_242' title='bbox 505 2819 577 2865; x_wconf 89' lang='lat' dir='ltr'><strong>vero</strong></span> <span class='ocrx_word' id='word_1_243' title='bbox 600 2808 699 2863; x_wconf 90' lang='lat' dir='ltr'><strong>motus</strong></span> <span class='ocrx_word' id='word_1_244' title='bbox 722 2819 780 2862; x_wconf 92' lang='lat' dir='ltr'><strong>nou</strong></span> <span class='ocrx_word' id='word_1_245' title='bbox 806 2800 895 2862; x_wconf 89' lang='lat' dir='ltr'><strong>aliter</strong></span> <span class='ocrx_word' id='word_1_246' title='bbox 918 2800 975 2861; x_wconf 91' lang='lat' dir='ltr'><strong>nisi</strong></span> <span class='ocrx_word' id='word_1_247' title='bbox 997 2818 1052 2880; x_wconf 92' lang='lat' dir='ltr'><strong>per</strong></span> <span class='ocrx_word' id='word_1_248' title='bbox 1076 2799 1248 2864; x_wconf 89' lang='lat' dir='ltr'><strong>diurnorum</strong></span> <span class='ocrx_word' id='word_1_249' title='bbox 1271 2803 1480 2868; x_wconf 83' lang='lat' dir='ltr'><strong>differentiam.</strong></span> <span class='ocrx_word' id='word_1_250' title='bbox 1583 2832 1590 2901; x_wconf 66' lang='lat' dir='ltr'><strong>q</strong></span> 
     </span>
    </p>

    <p class='ocr_par' dir='ltr' id='par_1_13' title="bbox 182 2890 1599 3848">
     <span class='ocr_line' id='line_1_29' title="bbox 271 2890 1539 2976; baseline 0.002 -22"><span class='ocrx_word' id='word_1_251' title='bbox 271 2890 409 2954; x_wconf 84' lang='lat' dir='ltr'><strong>Fallacia</strong></span> <span class='ocrx_word' id='word_1_252' title='bbox 439 2891 545 2952; x_wconf 90' lang='lat' dir='ltr'><strong>horum</strong></span> <span class='ocrx_word' id='word_1_253' title='bbox 575 2908 685 2970; x_wconf 91' lang='lat' dir='ltr'><strong>parens</strong></span> <span class='ocrx_word' id='word_1_254' title='bbox 717 2891 868 2952; x_wconf 92' lang='lat' dir='ltr'><strong>nominum</strong></span> <span class='ocrx_word' id='word_1_255' title='bbox 895 2909 953 2951; x_wconf 93' lang='lat' dir='ltr'><strong>nou</strong></span> <span class='ocrx_word' id='word_1_256' title='bbox 984 2891 1131 2966; x_wconf 88' lang='lat' dir='ltr'><strong>aliaest,</strong></span> <span class='ocrx_word' id='word_1_257' title='bbox 1163 2893 1302 2972; x_wconf 87' lang='lat' dir='ltr'><strong>quamsi</strong></span> <span class='ocrx_word' id='word_1_258' title='bbox 1326 2893 1391 2974; x_wconf 93' lang='lat' dir='ltr'><strong>quis</strong></span> <span class='ocrx_word' id='word_1_259' title='bbox 1415 2902 1539 2976; x_wconf 91' lang='lat' dir='ltr'><strong>propter</strong></span> 
     </span>
     <span class='ocr_line' id='line_1_30' title="bbox 184 2904 1599 3105; baseline 0.002 -62"><span class='ocrx_word' id='word_1_260' title='bbox 184 2981 257 3044; x_wconf 87' lang='lat' dir='ltr'><strong>litus</strong></span> <span class='ocrx_word' id='word_1_261' title='bbox 289 2981 390 3042; x_wconf 90' lang='lat' dir='ltr'><strong>navim</strong></span> <span class='ocrx_word' id='word_1_262' title='bbox 419 2981 550 3042; x_wconf 89' lang='lat' dir='ltr'><strong>secundo</strong></span> <span class='ocrx_word' id='word_1_263' title='bbox 578 2980 698 3042; x_wconf 88' lang='lat' dir='ltr'><strong>flumine</strong></span> <span class='ocrx_word' id='word_1_264' title='bbox 727 2979 960 3041; x_wconf 88' lang='lat' dir='ltr'><strong>descendentem</strong></span> <span class='ocrx_word' id='word_1_265' title='bbox 993 2979 1081 3060; x_wconf 91' lang='lat' dir='ltr'><strong>inque</strong></span> <span class='ocrx_word' id='word_1_266' title='bbox 1106 2999 1143 3041; x_wconf 92' lang='lat' dir='ltr'><strong>ea</strong></span> <span class='ocrx_word' id='word_1_267' title='bbox 1167 2982 1242 3044; x_wconf 92' lang='lat' dir='ltr'><strong>duos</strong></span> <span class='ocrx_word' id='word_1_268' title='bbox 1265 2982 1401 3044; x_wconf 88' lang='lat' dir='ltr'><strong>homiues</strong></span> <span class='ocrx_word' id='word_1_269' title='bbox 1425 2985 1537 3060; x_wconf 89' lang='lat' dir='ltr'><strong>videat,</strong></span> <span class='ocrx_word' id='word_1_270' title='bbox 1587 2904 1599 3105; x_wconf 51' lang='lat' dir='ltr'><strong>b</strong></span> 
     </span>
     <span class='ocr_line' id='line_1_31' title="bbox 185 3069 1538 3153; baseline 0.005 -22"><span class='ocrx_word' id='word_1_271' title='bbox 185 3089 310 3152; x_wconf 83' lang='lat' dir='ltr'><strong>quorum</strong></span> <span class='ocrx_word' id='word_1_272' title='bbox 335 3069 413 3131; x_wconf 88' lang='lat' dir='ltr'><strong>alter</strong></span> <span class='ocrx_word' id='word_1_273' title='bbox 436 3069 467 3130; x_wconf 89' lang='lat' dir='ltr'><strong>in</strong></span> <span class='ocrx_word' id='word_1_274' title='bbox 489 3087 581 3148; x_wconf 92' lang='lat' dir='ltr'><strong>prora</strong></span> <span class='ocrx_word' id='word_1_275' title='bbox 604 3069 762 3153; x_wconf 88' lang='lat' dir='ltr'><strong>quiescens</strong></span> <span class='ocrx_word' id='word_1_276' title='bbox 786 3075 862 3144; x_wconf 86' lang='lat' dir='ltr'><strong>stet,</strong></span> <span class='ocrx_word' id='word_1_277' title='bbox 887 3069 966 3130; x_wconf 88' lang='lat' dir='ltr'><strong>alter</strong></span> <span class='ocrx_word' id='word_1_278' title='bbox 989 3091 1007 3130; x_wconf 92' lang='lat' dir='ltr'><strong>a</strong></span> <span class='ocrx_word' id='word_1_279' title='bbox 1029 3087 1120 3149; x_wconf 91' lang='lat' dir='ltr'><strong>prora</strong></span> <span class='ocrx_word' id='word_1_280' title='bbox 1143 3070 1182 3131; x_wconf 92' lang='lat' dir='ltr'><strong>ad</strong></span> <span class='ocrx_word' id='word_1_281' title='bbox 1205 3072 1327 3152; x_wconf 91' lang='lat' dir='ltr'><strong>puppim</strong></span> <span class='ocrx_word' id='word_1_282' title='bbox 1350 3081 1457 3137; x_wconf 91' lang='lat' dir='ltr'><strong>contra</strong></span> <span class='ocrx_word' id='word_1_283' title='bbox 1478 3075 1538 3138; x_wconf 87' lang='lat' dir='ltr'><strong>du-</strong></span> 
     </span>
     <span class='ocr_line' id='line_1_32' title="bbox 182 3157 1539 3244; baseline 0.004 -22"><span class='ocrx_word' id='word_1_284' title='bbox 182 3159 272 3222; x_wconf 90' lang='lat' dir='ltr'><strong>minis</strong></span> <span class='ocrx_word' id='word_1_285' title='bbox 297 3177 416 3222; x_wconf 88' lang='lat' dir='ltr'><strong>cursum</strong></span> <span class='ocrx_word' id='word_1_286' title='bbox 448 3159 614 3233; x_wconf 90' lang='lat' dir='ltr'><strong>ascendat;</strong></span> <span class='ocrx_word' id='word_1_287' title='bbox 647 3165 803 3240; x_wconf 88' lang='lat' dir='ltr'><strong>spectator</strong></span> <span class='ocrx_word' id='word_1_288' title='bbox 832 3176 904 3221; x_wconf 92' lang='lat' dir='ltr'><strong>vero</strong></span> <span class='ocrx_word' id='word_1_289' title='bbox 932 3157 1018 3220; x_wconf 91' lang='lat' dir='ltr'><strong>binos</strong></span> <span class='ocrx_word' id='word_1_290' title='bbox 1045 3159 1115 3219; x_wconf 92' lang='lat' dir='ltr'><strong>illos</strong></span> <span class='ocrx_word' id='word_1_291' title='bbox 1146 3159 1297 3237; x_wconf 89' lang='lat' dir='ltr'><strong>homines,</strong></span> <span class='ocrx_word' id='word_1_292' title='bbox 1330 3161 1374 3222; x_wconf 91' lang='lat' dir='ltr'><strong>rei</strong></span> <span class='ocrx_word' id='word_1_293' title='bbox 1406 3165 1539 3244; x_wconf 83' lang='lat' dir='ltr'><strong>ignarus,</strong></span> 
     </span>
     <span class='ocr_line' id='line_1_33' title="bbox 183 3246 1538 3328; baseline 0.004 -18"><span class='ocrx_word' id='word_1_294' title='bbox 183 3249 301 3311; x_wconf 88' lang='lat' dir='ltr'><strong>duabus</strong></span> <span class='ocrx_word' id='word_1_295' title='bbox 332 3247 483 3310; x_wconf 88' lang='lat' dir='ltr'><strong>distinctis</strong></span> <span class='ocrx_word' id='word_1_296' title='bbox 511 3248 638 3310; x_wconf 91' lang='lat' dir='ltr'><strong>navibus</strong></span> <span class='ocrx_word' id='word_1_297' title='bbox 668 3249 766 3310; x_wconf 91' lang='lat' dir='ltr'><strong>altera</strong></span> <span class='ocrx_word' id='word_1_298' title='bbox 796 3247 922 3310; x_wconf 86' lang='lat' dir='ltr'><strong>tardiori</strong></span> <span class='ocrx_word' id='word_1_299' title='bbox 949 3246 1019 3308; x_wconf 91' lang='lat' dir='ltr'><strong>vehi</strong></span> <span class='ocrx_word' id='word_1_300' title='bbox 1052 3247 1214 3310; x_wconf 80' lang='lat' dir='ltr'><strong>existimet.</strong></span> <span class='ocrx_word' id='word_1_301' title='bbox 1261 3250 1428 3315; x_wconf 88' lang='lat' dir='ltr'><strong>Aberrabit</strong></span> <span class='ocrx_word' id='word_1_302' title='bbox 1451 3253 1538 3328; x_wconf 90' lang='lat' dir='ltr'><strong>enirn,</strong></span> 
     </span>
     <span class='ocr_line' id='line_1_34' title="bbox 182 3335 1541 3423; baseline 0.001 -24"><span class='ocrx_word' id='word_1_303' title='bbox 182 3346 215 3400; x_wconf 87' lang='lat' dir='ltr'><strong>et</strong></span> <span class='ocrx_word' id='word_1_304' title='bbox 245 3337 297 3419; x_wconf 91' lang='lat' dir='ltr'><strong>qui</strong></span> <span class='ocrx_word' id='word_1_305' title='bbox 331 3345 430 3400; x_wconf 88' lang='lat' dir='ltr'><strong>motus</strong></span> <span class='ocrx_word' id='word_1_306' title='bbox 457 3337 539 3399; x_wconf 86' lang='lat' dir='ltr'><strong>inest</strong></span> <span class='ocrx_word' id='word_1_307' title='bbox 569 3335 679 3400; x_wconf 90' lang='lat' dir='ltr'><strong>homini</strong></span> <span class='ocrx_word' id='word_1_308' title='bbox 712 3355 802 3417; x_wconf 91' lang='lat' dir='ltr'><strong>super</strong></span> <span class='ocrx_word' id='word_1_309' title='bbox 833 3338 940 3398; x_wconf 92' lang='lat' dir='ltr'><strong>eadem</strong></span> <span class='ocrx_word' id='word_1_310' title='bbox 971 3336 1055 3407; x_wconf 90' lang='lat' dir='ltr'><strong>navi,</strong></span> <span class='ocrx_word' id='word_1_311' title='bbox 1090 3337 1168 3399; x_wconf 93' lang='lat' dir='ltr'><strong>huuc</strong></span> <span class='ocrx_word' id='word_1_312' title='bbox 1200 3357 1359 3420; x_wconf 86' lang='lat' dir='ltr'><strong>perperam</strong></span> <span class='ocrx_word' id='word_1_313' title='bbox 1388 3344 1458 3406; x_wconf 92' lang='lat' dir='ltr'><strong>navi</strong></span> <span class='ocrx_word' id='word_1_314' title='bbox 1481 3341 1541 3423; x_wconf 89' lang='lat' dir='ltr'><strong>ipsi</strong></span> 
     </span>
     <span class='ocr_line' id='line_1_35' title="bbox 183 3425 1541 3508; baseline 0.001 -18"><span class='ocrx_word' id='word_1_315' title='bbox 183 3427 368 3490; x_wconf 87' lang='lat' dir='ltr'><strong>transcribet</strong></span> <span class='ocrx_word' id='word_1_316' title='bbox 399 3427 429 3488; x_wconf 93' lang='lat' dir='ltr'><strong>in</strong></span> <span class='ocrx_word' id='word_1_317' title='bbox 460 3426 651 3489; x_wconf 89' lang='lat' dir='ltr'><strong>contrarium.</strong></span> <span class='ocrx_word' id='word_1_318' title='bbox 697 3425 740 3487; x_wconf 89' lang='lat' dir='ltr'><strong>Et</strong></span> <span class='ocrx_word' id='word_1_319' title='bbox 767 3426 817 3508; x_wconf 94' lang='lat' dir='ltr'><strong>qui</strong></span> <span class='ocrx_word' id='word_1_320' title='bbox 846 3426 923 3487; x_wconf 92' lang='lat' dir='ltr'><strong>haec</strong></span> <span class='ocrx_word' id='word_1_321' title='bbox 955 3426 1075 3488; x_wconf 89' lang='lat' dir='ltr'><strong>nomina</strong></span> <span class='ocrx_word' id='word_1_322' title='bbox 1106 3427 1234 3506; x_wconf 91' lang='lat' dir='ltr'><strong>primum</strong></span> <span class='ocrx_word' id='word_1_323' title='bbox 1261 3429 1292 3491; x_wconf 95' lang='lat' dir='ltr'><strong>in</strong></span> <span class='ocrx_word' id='word_1_324' title='bbox 1325 3432 1541 3495; x_wconf 86' lang='lat' dir='ltr'><strong>astronomiam</strong></span> 
     </span>
     <span class='ocr_line' id='line_1_36' title="bbox 182 3514 1542 3601; baseline 0.001 -21"><span class='ocrx_word' id='word_1_325' title='bbox 182 3517 427 3588; x_wconf 86' lang='lat' dir='ltr'><strong>introduxerunt,</strong></span> <span class='ocrx_word' id='word_1_326' title='bbox 451 3515 588 3578; x_wconf 89' lang='lat' dir='ltr'><strong>similiter</strong></span> <span class='ocrx_word' id='word_1_327' title='bbox 612 3516 805 3590; x_wconf 89' lang='lat' dir='ltr'><strong>aberrarunt,</strong></span> <span class='ocrx_word' id='word_1_328' title='bbox 831 3514 1041 3578; x_wconf 84' lang='lat' dir='ltr'><strong>existimantes</strong></span> <span class='ocrx_word' id='word_1_329' title='bbox 1070 3517 1195 3579; x_wconf 90' lang='lat' dir='ltr'><strong>eundem</strong></span> <span class='ocrx_word' id='word_1_330' title='bbox 1225 3526 1339 3580; x_wconf 89' lang='lat' dir='ltr'><strong>motum</strong></span> <span class='ocrx_word' id='word_1_331' title='bbox 1361 3522 1488 3601; x_wconf 92' lang='lat' dir='ltr'><strong>primum</strong></span> <span class='ocrx_word' id='word_1_332' title='bbox 1511 3521 1542 3583; x_wconf 91' lang='lat' dir='ltr'><strong>in</strong></span> 
     </span>
     <span class='ocr_line' id='line_1_37' title="bbox 188 3603 1541 3690; baseline 0.002 -23"><span class='ocrx_word' id='word_1_333' title='bbox 188 3607 283 3680; x_wconf 88' lang='lat' dir='ltr'><strong>Luna,</strong></span> <span class='ocrx_word' id='word_1_334' title='bbox 307 3604 393 3667; x_wconf 90' lang='lat' dir='ltr'><strong>verbi</strong></span> <span class='ocrx_word' id='word_1_335' title='bbox 416 3623 519 3681; x_wconf 90' lang='lat' dir='ltr'><strong>causa,</strong></span> <span class='ocrx_word' id='word_1_336' title='bbox 545 3605 747 3667; x_wconf 90' lang='lat' dir='ltr'><strong>remissiorem</strong></span> <span class='ocrx_word' id='word_1_337' title='bbox 770 3623 838 3666; x_wconf 89' lang='lat' dir='ltr'><strong>esse</strong></span> <span class='ocrx_word' id='word_1_338' title='bbox 862 3623 951 3687; x_wconf 91' lang='lat' dir='ltr'><strong>quam</strong></span> <span class='ocrx_word' id='word_1_339' title='bbox 969 3605 999 3667; x_wconf 91' lang='lat' dir='ltr'><strong>in</strong></span> <span class='ocrx_word' id='word_1_340' title='bbox 1024 3603 1111 3680; x_wconf 80' lang='lat' dir='ltr'><strong>Sole3</strong></span> <span class='ocrx_word' id='word_1_341' title='bbox 1135 3604 1233 3687; x_wconf 88' lang='lat' dir='ltr'><strong>ignari</strong></span> <span class='ocrx_word' id='word_1_342' title='bbox 1258 3607 1337 3688; x_wconf 89' lang='lat' dir='ltr'><strong>quod</strong></span> <span class='ocrx_word' id='word_1_343' title='bbox 1360 3611 1447 3673; x_wconf 91' lang='lat' dir='ltr'><strong>Luna</strong></span> <span class='ocrx_word' id='word_1_344' title='bbox 1468 3627 1541 3690; x_wconf 94' lang='lat' dir='ltr'><strong>prc-</strong></span> 
     </span>
     <span class='ocr_line' id='line_1_38' title="bbox 182 3693 1541 3780; baseline 0.001 -22"><span class='ocrx_word' id='word_1_345' title='bbox 182 3697 248 3776; x_wconf 93' lang='lat' dir='ltr'><strong>pric</strong></span> <span class='ocrx_word' id='word_1_346' title='bbox 271 3703 355 3758; x_wconf 90' lang='lat' dir='ltr'><strong>motu</strong></span> <span class='ocrx_word' id='word_1_347' title='bbox 378 3694 446 3774; x_wconf 87' lang='lat' dir='ltr'><strong>ipsa</strong></span> <span class='ocrx_word' id='word_1_348' title='bbox 468 3695 564 3776; x_wconf 89' lang='lat' dir='ltr'><strong>primo</strong></span> <span class='ocrx_word' id='word_1_349' title='bbox 588 3695 680 3758; x_wconf 90' lang='lat' dir='ltr'><strong>motui</strong></span> <span class='ocrx_word' id='word_1_350' title='bbox 705 3693 852 3757; x_wconf 90' lang='lat' dir='ltr'><strong>communi</strong></span> <span class='ocrx_word' id='word_1_351' title='bbox 876 3695 925 3768; x_wconf 87' lang='lat' dir='ltr'><strong>(nt</strong></span> <span class='ocrx_word' id='word_1_352' title='bbox 945 3695 1009 3775; x_wconf 90' lang='lat' dir='ltr'><strong>jam</strong></span> <span class='ocrx_word' id='word_1_353' title='bbox 1027 3695 1161 3758; x_wconf 87' lang='lat' dir='ltr'><strong>usitatas</strong></span> <span class='ocrx_word' id='word_1_354' title='bbox 1178 3697 1363 3778; x_wconf 82' lang='lat' dir='ltr'><strong>hypotheses</strong></span> <span class='ocrx_word' id='word_1_355' title='bbox 1383 3699 1541 3780; x_wconf 86' lang='lat' dir='ltr'><strong>profitear)</strong></span> 
     </span>
     <span class='ocr_line' id='line_1_39' title="bbox 182 3785 414 3848; baseline -0.013 0"><span class='ocrx_word' id='word_1_356' title='bbox 182 3785 414 3848; x_wconf 88' lang='lat' dir='ltr'><strong>contranitatur.</strong></span> 
     </span>
    </p>

    <p class='ocr_par' dir='ltr' id='par_1_14' title="bbox 187 3873 1542 4044">
     <span class='ocr_line' id='line_1_40' title="bbox 274 3873 1542 3956; baseline 0 -19"><span class='ocrx_word' id='word_1_357' title='bbox 274 3874 375 3956; x_wconf 85' lang='lat' dir='ltr'><strong>Atque</strong></span> <span class='ocrx_word' id='word_1_358' title='bbox 399 3873 475 3935; x_wconf 87' lang='lat' dir='ltr'><strong>haec</strong></span> <span class='ocrx_word' id='word_1_359' title='bbox 500 3873 563 3936; x_wconf 85' lang='lat' dir='ltr'><strong>lere</strong></span> <span class='ocrx_word' id='word_1_360' title='bbox 586 3880 671 3947; x_wconf 87' lang='lat' dir='ltr'><strong>sunt,</strong></span> <span class='ocrx_word' id='word_1_361' title='bbox 695 3889 771 3954; x_wconf 89' lang='lat' dir='ltr'><strong>quae</strong></span> <span class='ocrx_word' id='word_1_362' title='bbox 795 3873 878 3935; x_wconf 81' lang='lat' dir='ltr'><strong>visus</strong></span> <span class='ocrx_word' id='word_1_363' title='bbox 908 3891 1033 3956; x_wconf 88' lang='lat' dir='ltr'><strong>eumque</strong></span> <span class='ocrx_word' id='word_1_364' title='bbox 1064 3880 1168 3936; x_wconf 87' lang='lat' dir='ltr'><strong>secuta</strong></span> <span class='ocrx_word' id='word_1_365' title='bbox 1196 3873 1319 3936; x_wconf 90' lang='lat' dir='ltr'><strong>incauta</strong></span> <span class='ocrx_word' id='word_1_366' title='bbox 1349 3875 1542 3940; x_wconf 87' lang='lat' dir='ltr'><strong>ratiocinatio</strong></span> 
     </span>
     <span class='ocr_line' id='line_1_41' title="bbox 187 3962 1296 4044; baseline -0.001 -18"><span class='ocrx_word' id='word_1_367' title='bbox 187 3964 288 4030; x_wconf 85' lang='lat' dir='ltr'><strong>stellis</strong></span> <span class='ocrx_word' id='word_1_368' title='bbox 310 3969 433 4044; x_wconf 91' lang='lat' dir='ltr'><strong>praeter</strong></span> <span class='ocrx_word' id='word_1_369' title='bbox 455 3979 560 4024; x_wconf 90' lang='lat' dir='ltr'><strong>verum</strong></span> <span class='ocrx_word' id='word_1_370' title='bbox 583 3963 703 4042; x_wconf 85' lang='lat' dir='ltr'><strong>affingit-</strong></span> <span class='ocrx_word' id='word_1_371' title='bbox 725 3980 860 4044; x_wconf 89' lang='lat' dir='ltr'><strong>quaeque</strong></span> <span class='ocrx_word' id='word_1_372' title='bbox 884 3963 984 4042; x_wconf 91' lang='lat' dir='ltr'><strong>optice</strong></span> <span class='ocrx_word' id='word_1_373' title='bbox 1008 3969 1079 4025; x_wconf 90' lang='lat' dir='ltr'><strong>sunt</strong></span> <span class='ocrx_word' id='word_1_374' title='bbox 1102 3962 1296 4026; x_wconf 89' lang='lat' dir='ltr'><strong>enucleanda.</strong></span> 
     </span>
    </p>
   </div>
   <div class='ocr_carea' id='block_1_5' title="bbox 182 4061 1543 4937">
    <p class='ocr_par' dir='ltr' id='par_1_15' title="bbox 182 4061 1543 4937">
     <span class='ocr_line' id='line_1_42' title="bbox 271 4061 1541 4135; baseline 0 -17"><span class='ocrx_word' id='word_1_375' title='bbox 271 4062 455 4135; x_wconf 82' lang='lat' dir='ltr'><strong>Appendix</strong></span> <span class='ocrx_word' id='word_1_376' title='bbox 469 4065 508 4117; x_wconf 88' lang='lat' dir='ltr'><strong>de</strong></span> <span class='ocrx_word' id='word_1_377' title='bbox 521 4068 610 4117; x_wconf 87' lang='lat' dir='ltr'><strong>motu</strong></span> <span class='ocrx_word' id='word_1_378' title='bbox 632 4067 843 4117; x_wconf 89' lang='lat' dir='ltr'><strong>cometarum.</strong></span> <span class='ocrx_word' id='word_1_379' title='bbox 873 4061 925 4124; x_wconf 86' lang='lat' dir='ltr'><strong>Qui</strong></span> <span class='ocrx_word' id='word_1_380' title='bbox 940 4068 1030 4117; x_wconf 85' lang='lat' dir='ltr'><strong>motus</strong></span> <span class='ocrx_word' id='word_1_381' title='bbox 1051 4067 1175 4117; x_wconf 87' lang='lat' dir='ltr'><strong>cometae</strong></span> <span class='ocrx_word' id='word_1_382' title='bbox 1191 4063 1255 4116; x_wconf 90' lang='lat' dir='ltr'><strong>anni</strong></span> <span class='ocrx_word' id='word_1_383' title='bbox 1272 4061 1357 4119; x_wconf 78' lang='lat'><strong>1577.</strong></span> <span class='ocrx_word' id='word_1_384' title='bbox 1373 4064 1480 4120; x_wconf 86' lang='lat' dir='ltr'><strong>circulis</strong></span> <span class='ocrx_word' id='word_1_385' title='bbox 1495 4067 1541 4118; x_wconf 93' lang='lat' dir='ltr'><strong>de-</strong></span> 
     </span>
     <span class='ocr_line' id='line_1_43' title="bbox 182 4139 1542 4216; baseline -0.001 -16"><span class='ocrx_word' id='word_1_386' title='bbox 182 4149 380 4207; x_wconf 74' lang='lat' dir='ltr'><strong>monstrarunt,</strong></span> <span class='ocrx_word' id='word_1_387' title='bbox 395 4143 581 4198; x_wconf 82' lang='lat' dir='ltr'><strong>difficillimam</strong></span> <span class='ocrx_word' id='word_1_388' title='bbox 596 4159 708 4214; x_wconf 87' lang='lat' dir='ltr'><strong>operam</strong></span> <span class='ocrx_word' id='word_1_389' title='bbox 723 4147 895 4206; x_wconf 86' lang='lat' dir='ltr'><strong>sumseruut;</strong></span> <span class='ocrx_word' id='word_1_390' title='bbox 912 4139 1001 4214; x_wconf 84' lang='lat' dir='ltr'><strong>neque</strong></span> <span class='ocrx_word' id='word_1_391' title='bbox 1015 4150 1108 4198; x_wconf 89' lang='lat' dir='ltr'><strong>tamen</strong></span> <span class='ocrx_word' id='word_1_392' title='bbox 1123 4143 1230 4198; x_wconf 86' lang='lat' dir='ltr'><strong>omuino</strong></span> <span class='ocrx_word' id='word_1_393' title='bbox 1246 4143 1386 4208; x_wconf 87' lang='lat' dir='ltr'><strong>successit,</strong></span> <span class='ocrx_word' id='word_1_394' title='bbox 1402 4147 1473 4216; x_wconf 89' lang='lat' dir='ltr'><strong>quod</strong></span> <span class='ocrx_word' id='word_1_395' title='bbox 1487 4161 1542 4199; x_wconf 88' lang='lat' dir='ltr'><strong>non</strong></span> 
     </span>
     <span class='ocr_line' id='line_1_44' title="bbox 182 4219 1540 4296; baseline -0.001 -16"><span class='ocrx_word' id='word_1_396' title='bbox 182 4226 239 4281; x_wconf 87' lang='lat' dir='ltr'><strong>rati</strong></span> <span class='ocrx_word' id='word_1_397' title='bbox 260 4226 317 4280; x_wconf 87' lang='lat' dir='ltr'><strong>sint</strong></span> <span class='ocrx_word' id='word_1_398' title='bbox 336 4223 498 4294; x_wconf 71' lang='lat' dir='ltr'><strong>diligentius</strong></span> <span class='ocrx_word' id='word_1_399' title='bbox 520 4224 572 4278; x_wconf 89' lang='lat' dir='ltr'><strong>sibi</strong></span> <span class='ocrx_word' id='word_1_400' title='bbox 592 4219 789 4294; x_wconf 57' lang='lat' dir='ltr'><strong>inquirendum*</strong></span> <span class='ocrx_word' id='word_1_401' title='bbox 802 4239 872 4276; x_wconf 87' lang='lat' dir='ltr'><strong>csse.</strong></span> <span class='ocrx_word' id='word_1_402' title='bbox 902 4225 992 4277; x_wconf 81' lang='lat' dir='ltr'><strong>Multo</strong></span> <span class='ocrx_word' id='word_1_403' title='bbox 1013 4224 1132 4294; x_wconf 87' lang='lat' dir='ltr'><strong>majores</strong></span> <span class='ocrx_word' id='word_1_404' title='bbox 1153 4224 1330 4278; x_wconf 81' lang='lat' dir='ltr'><strong>difficultates</strong></span> <span class='ocrx_word' id='word_1_405' title='bbox 1351 4225 1540 4296; x_wconf 85' lang='lat' dir='ltr'><strong>experientur,</strong></span> 
     </span>
     <span class='ocr_line' id='line_1_45' title="bbox 183 4304 1541 4377; baseline 0 -17"><span class='ocrx_word' id='word_1_406' title='bbox 183 4307 207 4360; x_wconf 86' lang='lat' dir='ltr'><strong>si</strong></span> <span class='ocrx_word' id='word_1_407' title='bbox 236 4307 308 4362; x_wconf 89' lang='lat' dir='ltr'><strong>idem</strong></span> <span class='ocrx_word' id='word_1_408' title='bbox 335 4305 365 4358; x_wconf 92' lang='lat' dir='ltr'><strong>in</strong></span> <span class='ocrx_word' id='word_1_409' title='bbox 393 4305 506 4360; x_wconf 86' lang='lat' dir='ltr'><strong>cometis</strong></span> <span class='ocrx_word' id='word_1_410' title='bbox 535 4305 634 4360; x_wconf 87' lang='lat' dir='ltr'><strong>ceteris</strong></span> <span class='ocrx_word' id='word_1_411' title='bbox 664 4304 905 4358; x_wconf 84' lang='lat' dir='ltr'><strong>demonstrandum</strong></span> <span class='ocrx_word' id='word_1_412' title='bbox 935 4311 1053 4358; x_wconf 85' lang='lat' dir='ltr'><strong>sumant.</strong></span> <span class='ocrx_word' id='word_1_413' title='bbox 1094 4304 1164 4360; x_wconf 85' lang='lat' dir='ltr'><strong>Mihi</strong></span> <span class='ocrx_word' id='word_1_414' title='bbox 1193 4305 1221 4358; x_wconf 93' lang='lat' dir='ltr'><strong>in</strong></span> <span class='ocrx_word' id='word_1_415' title='bbox 1250 4305 1394 4374; x_wconf 89' lang='lat' dir='ltr'><strong>pluribus,</strong></span> <span class='ocrx_word' id='word_1_416' title='bbox 1426 4321 1541 4377; x_wconf 88' lang='lat' dir='ltr'><strong>quorum</strong></span> 
     </span>
     <span class='ocr_line' id='line_1_46' title="bbox 182 4383 1542 4458; baseline -0.001 -16"><span class='ocrx_word' id='word_1_417' title='bbox 182 4387 337 4458; x_wconf 85' lang='lat' dir='ltr'><strong>descriptas</strong></span> <span class='ocrx_word' id='word_1_418' title='bbox 367 4385 577 4440; x_wconf 84' lang='lat' dir='ltr'><strong>observationes</strong></span> <span class='ocrx_word' id='word_1_419' title='bbox 599 4401 659 4439; x_wconf 87' lang='lat' dir='ltr'><strong>sum</strong></span> <span class='ocrx_word' id='word_1_420' title='bbox 683 4391 797 4447; x_wconf 85' lang='lat' dir='ltr'><strong>nactus,</strong></span> <span class='ocrx_word' id='word_1_421' title='bbox 830 4383 963 4438; x_wconf 87' lang='lat' dir='ltr'><strong>successit</strong></span> <span class='ocrx_word' id='word_1_422' title='bbox 982 4383 1036 4438; x_wconf 88' lang='lat' dir='ltr'><strong>hac</strong></span> <span class='ocrx_word' id='word_1_423' title='bbox 1056 4384 1104 4440; x_wconf 87' lang='lat' dir='ltr'><strong>via</strong></span> <span class='ocrx_word' id='word_1_424' title='bbox 1129 4385 1236 4439; x_wconf 85' lang='lat' dir='ltr'><strong>larius:</strong></span> <span class='ocrx_word' id='word_1_425' title='bbox 1267 4385 1303 4448; x_wconf 89' lang='lat' dir='ltr'><strong>si,</strong></span> <span class='ocrx_word' id='word_1_426' title='bbox 1335 4387 1407 4455; x_wconf 90' lang='lat' dir='ltr'><strong>quod</strong></span> <span class='ocrx_word' id='word_1_427' title='bbox 1437 4391 1542 4442; x_wconf 76' lang='lat' dir='ltr'><strong>namra</strong></span> 
     </span>
     <span class='ocr_line' id='line_1_47' title="bbox 182 4463 1542 4536; baseline 0.001 -15"><span class='ocrx_word' id='word_1_428' title='bbox 182 4485 273 4524; x_wconf 87' lang='lat' dir='ltr'><strong>rerum</strong></span> <span class='ocrx_word' id='word_1_429' title='bbox 288 4467 394 4529; x_wconf 81' lang='lat' dir='ltr'><strong>suadet,</strong></span> <span class='ocrx_word' id='word_1_430' title='bbox 415 4473 508 4520; x_wconf 87' lang='lat' dir='ltr'><strong>rectas</strong></span> <span class='ocrx_word' id='word_1_431' title='bbox 523 4463 592 4536; x_wconf 89' lang='lat' dir='ltr'><strong>ipsis</strong></span> <span class='ocrx_word' id='word_1_432' title='bbox 606 4465 695 4519; x_wconf 90' lang='lat' dir='ltr'><strong>lineas</strong></span> <span class='ocrx_word' id='word_1_433' title='bbox 717 4463 874 4528; x_wconf 84' lang='lat' dir='ltr'><strong>tribuerem,</strong></span> <span class='ocrx_word' id='word_1_434' title='bbox 897 4480 966 4535; x_wconf 89' lang='lat' dir='ltr'><strong>quas</strong></span> <span class='ocrx_word' id='word_1_435' title='bbox 987 4464 1150 4535; x_wconf 85' lang='lat' dir='ltr'><strong>aequalibus</strong></span> <span class='ocrx_word' id='word_1_436' title='bbox 1172 4464 1341 4534; x_wconf 87' lang='lat' dir='ltr'><strong>temporibus</strong></span> <span class='ocrx_word' id='word_1_437' title='bbox 1362 4465 1542 4536; x_wconf 86' lang='lat' dir='ltr'><strong>utplurimum</strong></span> 
     </span>
     <span class='ocr_line' id='line_1_48' title="bbox 183 4543 1543 4620; baseline -0.001 -18"><span class='ocrx_word' id='word_1_438' title='bbox 183 4547 341 4620; x_wconf 85' lang='lat' dir='ltr'><strong>aequaliter</strong></span> <span class='ocrx_word' id='word_1_439' title='bbox 362 4543 534 4614; x_wconf 66' lang='lat' dir='ltr'><strong>traiicerent,</strong></span> <span class='ocrx_word' id='word_1_440' title='bbox 556 4545 646 4599; x_wconf 88' lang='lat' dir='ltr'><strong>solum</strong></span> <span class='ocrx_word' id='word_1_441' title='bbox 665 4543 743 4598; x_wconf 88' lang='lat' dir='ltr'><strong>initio</strong></span> <span class='ocrx_word' id='word_1_442' title='bbox 764 4550 794 4597; x_wconf 88' lang='lat' dir='ltr'><strong>et</strong></span> <span class='ocrx_word' id='word_1_443' title='bbox 813 4543 867 4597; x_wconf 86' lang='lat' dir='ltr'><strong>fine</strong></span> <span class='ocrx_word' id='word_1_444' title='bbox 887 4544 973 4614; x_wconf 90' lang='lat' dir='ltr'><strong>paulo</strong></span> <span class='ocrx_word' id='word_1_445' title='bbox 995 4545 1129 4599; x_wconf 86' lang='lat' dir='ltr'><strong>tardiores</strong></span> <span class='ocrx_word' id='word_1_446' title='bbox 1158 4552 1188 4599; x_wconf 87' lang='lat' dir='ltr'><strong>et</strong></span> <span class='ocrx_word' id='word_1_447' title='bbox 1215 4543 1301 4616; x_wconf 88' lang='lat' dir='ltr'><strong>quieti</strong></span> <span class='ocrx_word' id='word_1_448' title='bbox 1326 4544 1487 4612; x_wconf 78' lang='lat' dir='ltr'><strong>viciniores,</strong></span> <span class='ocrx_word' id='word_1_449' title='bbox 1509 4553 1543 4601; x_wconf 89' lang='lat' dir='ltr'><strong>ut</strong></span> 
     </span>
     <span class='ocr_line' id='line_1_49' title="bbox 184 4623 1541 4695; baseline 0.001 -15"><span class='ocrx_word' id='word_1_450' title='bbox 184 4633 214 4682; x_wconf 86' lang='lat' dir='ltr'><strong>et</strong></span> <span class='ocrx_word' id='word_1_451' title='bbox 237 4634 349 4682; x_wconf 86' lang='lat' dir='ltr'><strong>ceterae</strong></span> <span class='ocrx_word' id='word_1_452' title='bbox 378 4624 558 4695; x_wconf 87' lang='lat' dir='ltr'><strong>trajeeticues</strong></span> <span class='ocrx_word' id='word_1_453' title='bbox 585 4625 686 4679; x_wconf 90' lang='lat' dir='ltr'><strong>solent.</strong></span> <span class='ocrx_word' id='word_1_454' title='bbox 733 4624 803 4678; x_wconf 89' lang='lat' dir='ltr'><strong>Nam</strong></span> <span class='ocrx_word' id='word_1_455' title='bbox 828 4623 970 4678; x_wconf 86' lang='lat' dir='ltr'><strong>insinuans</strong></span> <span class='ocrx_word' id='word_1_456' title='bbox 998 4641 1028 4677; x_wconf 89' lang='lat' dir='ltr'><strong>se</strong></span> <span class='ocrx_word' id='word_1_457' title='bbox 1057 4631 1147 4679; x_wconf 87' lang='lat' dir='ltr'><strong>metus</strong></span> <span class='ocrx_word' id='word_1_458' title='bbox 1173 4623 1291 4678; x_wconf 87' lang='lat' dir='ltr'><strong>Telluris</strong></span> <span class='ocrx_word' id='word_1_459' title='bbox 1324 4623 1541 4681; x_wconf 85' lang='lat' dir='ltr'><strong>circularitatem</strong></span> 
     </span>
     <span class='ocr_line' id='line_1_50' title="bbox 183 4701 1542 4779; baseline -0.001 -17"><span class='ocrx_word' id='word_1_460' title='bbox 183 4707 239 4762; x_wconf 89' lang='lat' dir='ltr'><strong>illis</strong></span> <span class='ocrx_word' id='word_1_461' title='bbox 259 4708 343 4763; x_wconf 87' lang='lat' dir='ltr'><strong>facile</strong></span> <span class='ocrx_word' id='word_1_462' title='bbox 364 4706 502 4762; x_wconf 86' lang='lat' dir='ltr'><strong>conciliat.</strong></span> <span class='ocrx_word' id='word_1_463' title='bbox 544 4705 582 4760; x_wconf 89' lang='lat' dir='ltr'><strong>Ut</strong></span> <span class='ocrx_word' id='word_1_464' title='bbox 600 4705 650 4758; x_wconf 88' lang='lat' dir='ltr'><strong>ille</strong></span> <span class='ocrx_word' id='word_1_465' title='bbox 672 4702 738 4759; x_wconf 87' lang='lat' dir='ltr'><strong>anni</strong></span> <span class='ocrx_word' id='word_1_466' title='bbox 761 4701 847 4758; x_wconf 76' lang='lat'>1577.</span> <span class='ocrx_word' id='word_1_467' title='bbox 868 4703 892 4756; x_wconf 91' lang='lat' dir='ltr'><strong>si</strong></span> <span class='ocrx_word' id='word_1_468' title='bbox 912 4709 991 4757; x_wconf 88' lang='lat' dir='ltr'><strong>recta</strong></span> <span class='ocrx_word' id='word_1_469' title='bbox 1015 4703 1092 4758; x_wconf 87' lang='lat' dir='ltr'><strong>linea</strong></span> <span class='ocrx_word' id='word_1_470' title='bbox 1111 4723 1127 4756; x_wconf 90' lang='lat' dir='ltr'><strong>e</strong></span> <span class='ocrx_word' id='word_1_471' title='bbox 1147 4705 1232 4774; x_wconf 91' lang='lat' dir='ltr'><strong>plano</strong></span> <span class='ocrx_word' id='word_1_472' title='bbox 1259 4704 1359 4775; x_wconf 86' lang='lat' dir='ltr'><strong>tropici</strong></span> <span class='ocrx_word' id='word_1_473' title='bbox 1381 4705 1542 4779; x_wconf 82' lang='lat' dir='ltr'><strong>Capricorni</strong></span> 
     </span>
     <span class='ocr_line' id='line_1_51' title="bbox 184 4781 1540 4855; baseline -0.001 -12"><span class='ocrx_word' id='word_1_474' title='bbox 184 4795 302 4853; x_wconf 86' lang='lat' dir='ltr'><strong>coortus,</strong></span> <span class='ocrx_word' id='word_1_475' title='bbox 323 4801 422 4842; x_wconf 87' lang='lat' dir='ltr'><strong>versus</strong></span> <span class='ocrx_word' id='word_1_476' title='bbox 442 4787 537 4855; x_wconf 90' lang='lat' dir='ltr'><strong>polum</strong></span> <span class='ocrx_word' id='word_1_477' title='bbox 557 4785 712 4849; x_wconf 85' lang='lat' dir='ltr'><strong>borealem,</strong></span> <span class='ocrx_word' id='word_1_478' title='bbox 734 4783 780 4837; x_wconf 89' lang='lat' dir='ltr'><strong>vel</strong></span> <span class='ocrx_word' id='word_1_479' title='bbox 800 4783 886 4854; x_wconf 90' lang='lat' dir='ltr'><strong>paulo</strong></span> <span class='ocrx_word' id='word_1_480' title='bbox 907 4781 1089 4849; x_wconf 84' lang='lat' dir='ltr'><strong>iccrmccicri,</strong></span> <span class='ocrx_word' id='word_1_481' title='bbox 1111 4789 1190 4838; x_wconf 88' lang='lat' dir='ltr'><strong>recta</strong></span> <span class='ocrx_word' id='word_1_482' title='bbox 1210 4789 1303 4840; x_wconf 86' lang='lat' dir='ltr'><strong>tamen</strong></span> <span class='ocrx_word' id='word_1_483' title='bbox 1323 4785 1412 4855; x_wconf 87' lang='lat' dir='ltr'><strong>linea,</strong></span> <span class='ocrx_word' id='word_1_484' title='bbox 1443 4803 1540 4842; x_wconf 72' lang='lat' dir='ltr'><strong>ascen</strong></span> 
     </span>
     <span class='ocr_line' id='line_1_52' title="bbox 183 4861 1542 4937; baseline 0 -12"><span class='ocrx_word' id='word_1_485' title='bbox 183 4867 287 4935; x_wconf 60' lang='lat' dir='ltr'><strong>distem</strong></span> <span class='ocrx_word' id='word_1_486' title='bbox 307 4872 375 4923; x_wconf 85' lang='lat' dir='ltr'><strong>tuuc</strong></span> <span class='ocrx_word' id='word_1_487' title='bbox 389 4864 484 4934; x_wconf 82' lang='lat' dir='ltr'><strong>Terra,</strong></span> <span class='ocrx_word' id='word_1_488' title='bbox 505 4864 548 4921; x_wconf 85' lang='lat' dir='ltr'><strong>uti</strong></span> <span class='ocrx_word' id='word_1_489' title='bbox 561 4863 654 4921; x_wconf 77' lang='lat' dir='ltr'><strong>Solem</strong></span> <span class='ocrx_word' id='word_1_490' title='bbox 675 4863 863 4936; x_wconf 85' lang='lat' dir='ltr'><strong>quiescentem</strong></span> <span class='ocrx_word' id='word_1_491' title='bbox 884 4861 1053 4930; x_wconf 83' lang='lat' dir='ltr'><strong>circumiens,</strong></span> <span class='ocrx_word' id='word_1_492' title='bbox 1075 4863 1194 4935; x_wconf 87' lang='lat' dir='ltr'><strong>speciem</strong></span> <span class='ocrx_word' id='word_1_493' title='bbox 1214 4863 1268 4937; x_wconf 86' lang='lat' dir='ltr'><strong>ipsi</strong></span> <span class='ocrx_word' id='word_1_494' title='bbox 1289 4873 1379 4924; x_wconf 86' lang='lat' dir='ltr'><strong>motus</strong></span> <span class='ocrx_word' id='word_1_495' title='bbox 1401 4867 1542 4925; x_wconf 74' lang='lat' dir='ltr'><strong>circatam</strong></span> 
     </span>
    </p>
   </div>
   <div class='ocr_carea' id='block_1_6' title="bbox 1270 4957 1332 5012">
    <p class='ocr_par' dir='ltr' id='par_1_16' title="bbox 1270 4957 1332 5012">
     <span class='ocr_line' id='line_1_53' title="bbox 1270 4957 1332 5012; baseline 0.032 -2"><span class='ocrx_word' id='word_1_496' title='bbox 1270 4957 1332 5012; x_wconf 69' lang='lat'><strong>22*</strong></span> 
     </span>
    </p>
   </div>
   <div class='ocr_carea' id='block_1_7' title="bbox 0 0 1865 5530">
    <p class='ocr_par' dir='ltr' id='par_1_17' title="bbox 0 0 1865 5530">
     <span class='ocr_line' id='line_1_54' title="bbox 0 0 1865 5530; baseline 0 0"><span class='ocrx_word' id='word_1_497' title='bbox 0 0 1865 5530; x_wconf 95' lang='lat' dir='ltr'><strong> </strong></span> 
     </span>
    </p>
   </div>
  </div>
 </body>
</html>
