3694 5528
329 245 396 314 540
939 245 1067 310 properes

417 423 487 488 Nun
510 429 558 484 est
581 423 659 484 enlm
681 441 789 484 sensus
811 422 1001 485 instrumenti
1025 422 1054 484 in
1083 440 1174 482 seusu
1197 421 1363 496 cummuni,
1397 429 1546 500 quatenus
1569 419 1685 482 nudum

329 514 568 577 instrumentum.
615 513 679 572 Aut
701 510 726 572 si
750 517 806 586 est,
830 519 993 591 perpetuus
1017 517 1066 572 est
1089 507 1221 589 nihilque
1245 517 1335 589 aptus
1359 510 1399 572 ad
1421 529 1528 572 novam
1547 509 1685 590 aliquam

330 601 516 664 efficiendam
543 599 720 661 sensionem.
767 597 829 660 Sed
854 607 903 661 est
932 619 1039 661 sensus
1067 598 1274 674 instrumenti,
1307 606 1454 678 quatenus
1481 598 1512 660 id
1541 598 1686 660 affectum

329 708 385 770 per
408 688 546 856 IdIssergo
571 774 709 837 similiter
732 776 851 850 affecta,
877 774 982 837 similis
1006 775 1098 838 etiarn
1121 775 1160 836 ab
1184 782 1309 857 utroque
1324 775 1433 837 allecto
1448 773 1606 854 impressio
1628 792 1685 835 seu

330 867 432 946 passio
456 866 514 926 erit
536 864 565 924 in
589 884 680 926 sensu
704 863 866 938 communi,
900 881 959 924 uuo
991 872 1022 924 et
1050 865 1154 926 eodem
1186 865 1347 926 existente.
1395 863 1569 943 Vestigium
1593 863 1685 935 euius,

330 965 364 1016 ut
386 956 429 1016 sic
454 955 566 1026 dicam,
591 953 669 1032 quud
694 952 800 1014 denter
823 952 926 1014 oculus
950 973 1005 1013 sua
1034 953 1192 1014 affectione
1220 953 1364 1033 imprimit
1391 951 1492 1014 sensui
1520 951 1684 1024 communi,

329 1043 474 1124 imprimit
497 1050 529 1102 et
552 1041 674 1102 sinister
692 1061 763 1101 sua:
788 1048 931 1120 quantum
955 1040 993 1101 ad
1017 1041 1203 1102 efficiendam
1227 1043 1258 1103 in
1282 1041 1403 1104 cerebro
1427 1059 1538 1103 novam
1561 1039 1685 1102 sensio-

228 1133 237 1150 ⁰
331 1151 398 1193 nem
422 1131 542 1192 attinet.
588 1129 743 1191 Posterior
765 1148 836 1209 pars
859 1129 1073 1209 propositionis
1097 1131 1233 1210 sequitur
1260 1151 1299 1192 ex
1321 1130 1405 1192 LXI.
1451 1130 1530 1192 Nam
1555 1130 1582 1190 si
1606 1129 1685 1189 risio

332 1228 381 1282 est
411 1218 511 1280 sensio
543 1216 734 1280 instrumenti
766 1219 885 1292 affecti,
918 1225 952 1278 ut
982 1219 1139 1293 affectum
1178 1219 1235 1281 duo
1268 1239 1340 1280 vero
1373 1221 1574 1281 iustrumenta
1603 1223 1685 1289 sunt,

334 1308 489 1389 quodlibet
512 1307 653 1368 affectum
684 1307 893 1385 peculiariter,
928 1305 1004 1367 duae
1036 1307 1128 1409 igitur
1159 1307 1231 1369 fient
1260 1309 1473 1389 impressiones
1501 1307 1530 1368 iu
1561 1325 1685 1367 sensum

272 1429 276 1438 ·
332 1415 516 1460 communem
540 1402 572 1455 et
594 1395 638 1456 sic
662 1394 739 1456 duae
763 1394 899 1474 ejusdem
921 1395 965 1456 rei
988 1396 1154 1458 sessiones.

420 1485 489 1546 Non
512 1483 608 1545 seruit
629 1483 721 1561 igitur
745 1483 917 1544 decussatio
945 1501 1101 1546 nervomm
1130 1485 1294 1564 uptloorum
1328 1483 1408 1544 intus
1439 1482 1468 1544 iu
1497 1469 1622 1544 cerebro
1645 1481 1687 1542 sd

335 1573 558 1654 agnoscendam
582 1571 626 1634 rei
655 1571 768 1633 duobus
802 1572 896 1634 oculis
929 1571 1013 1634 visae
1046 1573 1203 1635 unitatem.
1250 1573 1412 1652 Repugnat
1443 1571 1522 1632 enim
1552 1578 1585 1632 et
1617 1570 1685 1644 boo,

333 1663 413 1744 quod
437 1677 560 1740 semper
578 1661 600 1722 ii
624 1660 776 1721 decussati
800 1669 886 1721 sunt:
920 1667 953 1722 at
980 1679 1038 1722 nou
1060 1680 1184 1743 „semper
1214 1662 1349 1724 videmur
1373 1679 1434 1722 rem
1457 1679 1548 1722 uuam
1571 1658 1687 1726 videre,

333 1753 392 1813 etsi
416 1769 504 1812 unam
528 1757 652 1828 utroque
676 1749 761 1810 oculu
788 1749 933 1832 videmus.

421 1838 538 1900 LXIII.
584 1836 816 1917 Propositio.
863 1837 931 1900 Nou
956 1846 1003 1900 est
1017 1838 1171 1918 possibile,
1197 1847 1230 1900 ιιι
1252 1837 1424 1912 retiformis,
1450 1837 1584 1900 retinens
1608 1853 1686 1896 eun-

336 1929 402 1990 dem
427 1926 517 1988 situm
542 1926 570 1986 in
595 1925 690 2000 oculo,
715 1932 777 1987 tam
801 1945 820 1986 a
842 1925 1016 2008 propinquis
1041 1946 1131 2006 quam
1154 1947 1173 1988 a
1196 1926 1320 1990 remotis
1343 1926 1485 1988 distIncte
1508 1925 1663 2004 pingatur.

422 2016 501 2078 Nam
523 2033 578 2096 per
599 2013 684 2074 XLI.
709 2014 815 2075 remoti
838 2015 941 2093 puncti
966 2015 1150 2077 radlatiunss
1174 2022 1353 2078 concurrunt
1375 2015 1496 2094 propius
1524 2020 1596 2093 post
1619 2013 1686 2074 len-

336 2116 409 2176 tem,
433 2122 522 2184 quam
545 2102 714 2183 propinqui.
750 2101 822 2165 Jarn
837 2120 908 2164 vero
926 2121 981 2183 per
994 2104 1146 2166 XLIII
1138 2124 1167 2166 ιιι
1190 2114 1301 2184 puncto
1325 2104 1462 2198 coithuis
1486 2103 1521 2164 ut
1543 2108 1713 2163 mauram·

336 2195 470 2274 pictura,
502 2210 572 2270 ergo
597 2197 685 2250 extra
707 2189 849 2268 punctum
874 2210 1035 2256 concursus
1058 2195 1093 2256 fit
1120 2195 1247 2256 confusa
1268 2177 1414 2273 pictura,
1431 2211 1522 2294 quare
1550 2209 1606 2269 per
1628 2188 1688 2250 LX

336 2282 430 2342 etiam
452 2279 528 2340 visio
553 2279 737 2340 iudistIncta.
782 2279 825 2340 Et
848 2280 910 2353 sic,
933 2281 983 2342 ubi
1006 2289 1146 2343 accurate
1169 2282 1330 2363 pinguntur
1357 2281 1534 2362 propinqua,
1562 2279 1604 2340 ibi
1628 2295 1687 2339 nou

336 2378 386 2444 est
408 2387 570 2430 concursus
594 2367 745 2429 radiorum
767 2368 870 2447 puncti
894 2369 1016 2442 remoti,
1041 2369 1151 2433 ibidem
1173 2371 1267 2449 igitur
1288 2379 1406 2433 remota
1427 2369 1589 2450 pinguntur
1612 2385 1687 2428 con-

339 2459 423 2532 fuse,
449 2464 481 2518 et
504 2454 652 2519 vicissima
685 2462 716 2516 et
738 2475 792 2536 per
815 2475 1018 2537 consequeus,
1050 2478 1108 2539 quo
1141 2460 1202 2522 situ
1224 2459 1387 2522 rstilormis
1409 2457 1530 2520 tunicae
1554 2456 1594 2519 ad
1617 2473 1687 2534 cry·

337 2545 493 2608 stallinum
515 2551 633 2607 remota
655 2544 790 2607 videmus
821 2545 982 2619 distIncte,
1013 2546 1066 2610 illo
1098 2547 1159 2610 situ
1189 2548 1325 2629 ejusdem
1355 2547 1523 2628 propinqua
1553 2543 1687 2607 videmus

335 2636 468 2698 confuse.

424 2723 541 2786 LXIV.
588 2721 822 2801 Propositio.
869 2719 948 2783 Sunt
971 2722 1022 2802 qui
1053 2731 1171 2786 remota
1195 2724 1336 2786 distincte
1367 2721 1488 2798 vident,
1521 2719 1688 2801 propinqua

336 2813 469 2889 confuse,
494 2831 569 2892 quos
592 2809 777 2874 Aristoteles
801 2810 936 2890 appellat
958 2813 1140 2892 πρισβυιαςε
1165 2821 1236 2875 suut
1264 2813 1313 2894 qui
1342 2813 1510 2894 propinqua
1532 2809 1687 2880 distincte,

306 2971 309 2978 ‚
336 2908 454 2964 remota
477 2901 609 2977 confuse,
634 2899 684 2979 qui
706 2899 868 2961 Aristoteli
891 2907 962 2960 suut
983 2922 1119 2975 paones:
1150 2910 1230 2976 suut,
1255 2902 1305 2982 qul
1327 2901 1494 2983 propinqus
1516 2905 1548 2961 et
1571 2904 1688 2961 remota

339 2988 472 3064 confuse,
498 2990 623 3068 denique
647 2987 698 3067 qui
719 2997 847 3067 utraque
872 2986 1023 3050 distincte.

424 3077 595 3157 Propositio
619 3083 666 3136 est
688 3076 897 3157 physiologica
921 3083 952 3137 et
975 3077 1038 3138 iero
1061 3077 1187 3140 medIca.
1224 3063 1429 3180 uulneraque
1452 3075 1540 3138 slmul
1563 3073 1687 3136 confuse

338 3166 451 3242 vident,
477 3167 551 3227 oculi
576 3163 709 3226 morbum
732 3163 854 3240 habent,
879 3165 1000 3227 lusciosi
1022 3167 1072 3228 vel
1095 3169 1184 3246 plane
1208 3167 1301 3229 caeci.
1340 3164 1587 3230 conformatione
1610 3162 1689 3224 enim

328 3255 416 3336 ¹ucrrli
438 3253 547 3315 vitiata
570 3253 704 3333 sequitur
727 3253 784 3315 hoc
806 3259 919 3324 παθος.

427 3339 486 3410 Qui
506 3347 629 3420 utraque
654 3340 742 3403 simul
766 3341 908 3404 distincte
933 3341 1054 3418 vident,
1081 3342 1197 3406 oculum
1220 3348 1252 3403 et
1275 3361 1381 3405 sanum
1405 3341 1518 3404 habent
1541 3347 1573 3401 et
1596 3339 1689 3419 dgura

338 3429 489 3492 mobilem.
535 3428 615 3491 Nam
639 3429 708 3508 quia
730 3447 785 3508 per
807 3429 924 3492 LXIII.
950 3430 1112 3493 rstiformls
1136 3431 1241 3512 nequit
1263 3431 1368 3494 eodem
1402 3431 1462 3494 situ
1493 3429 1532 3490 ab
1555 3428 1690 3506 utrisque

339 3518 506 3600 aequaliter
528 3516 627 3598 pingI‚
650 3517 680 3579 iu
704 3517 751 3578 bis
774 3537 859 3594 vero,
886 3518 935 3600 qui
958 3526 1085 3601 utraque
1108 3519 1249 3583 distincte
1274 3521 1395 3595 vident,
1430 3518 1598 3600 aequaliter
1619 3515 1689 3596 pin-

338 3607 419 3689 gitur
440 3625 496 3688 per
508 3605 577 3682 LX,
592 3605 688 3679 LXL,
713 3605 876 3669 retllormis
899 3606 992 3686 igitur
1014 3617 1154 3689 respectu
1168 3608 1298 3672 humoris
1321 3607 1489 3691 crystallini
1512 3614 1565 3668 aut
1587 3606 1691 3667 humor

339 3696 533 3779 crystallinus
557 3701 696 3774 respectu
719 3694 882 3757 retiformis
912 3697 1031 3758 tunicae
1065 3697 1130 3759 loco
1162 3706 1299 3759 movetur
1330 3698 1376 3759 iis.
1421 3697 1524 3777 Atque
1554 3693 1611 3756 hoc
1643 3699 1691 3754 est

338 3785 520 3857 verisImile,
554 3785 671 3846 oculum
695 3802 814 3859 sanum,
843 3792 983 3864 vegetum
1007 3791 1039 3846 et
1057 3786 1234 3865 juvenilem,
1269 3785 1349 3848 sicut
1375 3785 1568 3846 manifestum
1597 3781 1692 3843 babet

338 3881 452 3936 motum
474 3872 642 3935 naturalem
665 3872 798 3934 anterius
831 3873 859 3934 in
883 3873 1007 3954 pupilla,
1031 3874 1253 3938 cunstrlotiunis
1277 3875 1306 3935 in
1330 3893 1442 3954 magna
1465 3873 1531 3936 luce
1556 3878 1587 3933 et
1607 3869 1690 3932 dila-

340 3961 465 4025 tationis
488 3961 517 4024 in
541 3961 639 4023 tequ:
678 3961 721 4023 sic
754 3961 847 4022 etiarn
878 3962 907 4023 in
940 3962 1087 4024 retilonni
1121 3961 1232 4025 tunica
1252 3968 1324 4043 post
1347 3961 1555 4045 crystallinum
1577 3957 1689 4022 habere

340 4052 516 4113 facultatem
539 4049 684 4123 eandem,
709 4055 743 4110 ut
765 4057 899 4112 ventrem
923 4051 1047 4134 dilatet,
1082 4070 1138 4131 quu
1162 4051 1271 4114 fundus
1295 4051 1333 4112 ad
1357 4049 1567 4132 crystallinum
1589 4053 1690 4108 attra-

340 4140 447 4212 batur,
472 4139 500 4202 si
523 4146 641 4201 remota
664 4145 735 4200 sunt
756 4138 903 4200 videnda:
940 4138 1075 4201 vicissim
1108 4138 1297 4219 constringat
1327 4147 1484 4212 ventrem,
1518 4145 1553 4199 ut
1582 4135 1690 4198 fundus

340 4227 494 4304 discedat,
518 4229 545 4288 si
568 4226 755 4305 inspicienda
775 4229 950 4308 propinqua.
999 4228 1062 4290 Aut
1084 4228 1157 4290 insit
1188 4235 1286 4290 motus
1322 4229 1381 4290 iste
1413 4225 1559 4288 naturalis
1590 4223 1691 4304 potius

340 4316 421 4378 telae
455 4335 585 4377 araneae
623 4334 678 4377 seu
714 4315 889 4377 arachnoidi
925 4315 1064 4388 tunicae,
1101 4336 1177 4398 quae
1216 4316 1328 4378 lentem
1360 4314 1492 4377 bumurIs
1525 4310 1692 4396 crystalliui

340 4403 371 4466 in
396 4411 501 4466 centro
525 4403 571 4465 sni
594 4403 717 4465 affixum
739 4403 834 4465 habet
856 4421 981 4482 eumque
1004 4423 1060 4483 per
1081 4405 1183 4467 radios
1207 4404 1309 4483 ulgros
1342 4401 1536 4466 circumcirca
1565 4401 1691 4463 emissos

340 4511 407 4554 cum
430 4511 508 4553 uvea
530 4492 689 4553 connectit.
735 4492 814 4554 Nam
838 4491 915 4553 radii
939 4491 990 4552 isti
1013 4492 1101 4572 nigri,
1124 4501 1285 4573 processus
1309 4491 1430 4555 ciliares
1445 4490 1529 4564 dicti,
1555 4489 1693 4551 videntur

339 4579 407 4642 ideo
431 4579 475 4642 sic
498 4577 676 4660 pectinatim
700 4599 767 4641 esse
791 4578 944 4651 distincti,
969 4585 1002 4641 ut
1026 4579 1152 4660 quilibet
1174 4599 1228 4662 pro
1252 4601 1285 4642 se
1310 4587 1392 4644 esset
1414 4577 1508 4640 veluti
1531 4575 1692 4657 peculiaris

342 4668 463 4747 quidam
486 4669 652 4742 musculus;
686 4667 791 4748 quibus
816 4665 964 4729 universis
988 4666 1076 4730 simul
1099 4669 1322 4732 recurrentibus
1354 4668 1384 4730 in
1407 4687 1476 4729 sese
1499 4672 1531 4727 et
1555 4665 1599 4728 sio
1622 4665 1692 4726 bre-

312 4753 314 4757 ’
341 4755 429 4818 ribus
452 4755 587 4831 effectis,
610 4756 667 4818 hoc
690 4756 784 4818 veluti
808 4754 1007 4836 diaphragma
1029 4756 1108 4820 oouli
1135 4757 1292 4839 angustius
1326 4755 1495 4829 redditum,
1528 4752 1694 4818 contractis
