3566 5536
349 287 414 354 710
824 281 865 333 De
884 281 964 333 Stella
981 279 1053 332 Nora
1071 278 1221 344 Serpentarii

437 463 583 537 Primum,
615 459 704 523 facile
728 469 776 522 est
798 459 873 541 ipsis
905 459 1022 522 dicere:
1056 457 1223 538 conjunctio
1251 475 1362 539 magua
1388 457 1481 520 trium
1513 456 1685 535 planetamn

350 553 482 618 incendit
503 552 561 614 hoc
588 549 697 623 sidns;¹
723 559 758 611 at
785 567 933 629 nunquam
965 549 1095 610 fortasse
1127 549 1361 629 perpenderunt,
1397 566 1488 628 quam
1517 543 1634 606 difficile
1654 543 1686 604 sit

349 645 408 708 hoc
431 641 591 724 explicare.
638 637 672 702 Si
697 638 780 702 sidus
803 639 860 700 hoc
882 639 911 700 in
936 645 1038 700 nostro
1062 643 1131 700 aere
1155 655 1334 716 suspensum
1358 637 1479 709 fuisset,
1503 642 1639 715 poteram
1657 651 1687 692 ex
1735 660 1736 671 1

350 732 424 813 ἰριίι
447 748 603 812 quaerere,
629 727 698 808 qnid
721 747 875 790 commuue
899 727 941 788 sit
964 726 1025 789 illis
1048 725 1227 806 perennibus
1254 725 1403 790 sideribus
1426 743 1495 788 cum
1520 725 1577 786 hoc
1600 730 1686 784 nostro

351 828 422 884 atre
445 827 531 884 tanto
563 817 720 880 intervallo
745 817 867 879 abillis
898 816 1051 879 distincto.
1097 814 1187 878 Nunc
1209 816 1299 878 stella
1326 816 1401 878 haec
1431 814 1560 876 infinitis
1592 826 1686 893 prope-

350 911 469 974 modum
492 906 630 988 partibus
659 907 716 970 ruit
739 929 758 968 a
780 906 911 987 planetis
934 905 963 966 in
986 904 1143 985 superiora
1172 906 1326 980 remotior,
1356 923 1444 1008 qnam
1468 903 1577 966 Tellus
1599 909 1688 962 nostre

349 1011 454 1062 versus
478 997 622 1062 interiora
645 996 746 1058 mundi
765 995 802 1057 ab
821 995 927 1058 iisdem
951 996 1087 1058 recessit.
1124 995 1223 1056 Multo
1242 995 1343 1076 itaque
1362 994 1472 1078 potiori
1494 993 1563 1073 jure
1583 1007 1687 1090 quaero,
1740 993 1742 1000 ’

352 1089 423 1170 quid
446 1104 599 1152 commuue
623 1085 665 1149 sit
687 1085 818 1165 planetis
837 1103 903 1147 cum
924 1084 976 1146 illa
994 1101 1072 1145 nova
1090 1084 1190 1154 stella,
1215 1103 1290 1165 quae
1310 1084 1386 1146 inter
1409 1084 1539 1146 lixarum
1562 1078 1688 1142 terminos
1740 1095 1741 1102 ¹

350 1176 500 1242 constitit.
538 1176 581 1240 Ut
603 1183 723 1237 taceam
742 1174 861 1236 axioma
882 1173 1082 1254 physicorum,
1106 1172 1183 1253 quod
1204 1193 1261 1236 non
1281 1172 1493 1237 inferioribus'
1485 1191 1517 1233 m
1538 1168 1687 1250 superiora,
1740 1201 1741 1210 .

350 1269 405 1330 sed
433 1267 480 1329 his
509 1264 609 1347 potius
632 1264 662 1326 in
693 1263 746 1326 illa
777 1262 884 1326 tribuit
914 1262 1072 1326 actionem.
1121 1260 1200 1364 Quid
1233 1281 1303 1326 vero
1326 1262 1370 1335 de
1387 1261 1465 1324 mole
1502 1260 1602 1322 dinam
1632 1255 1688 1318 nesi
1740 1285 1742 1316 l

351 1356 480 1420 sideris?
503 1356 553 1417 An
577 1361 625 1416 est
648 1353 783 1433 ouiquam
806 1351 977 1428 verisimile,
1002 1370 1147 1414 amusca
1169 1351 1252 1432 gigni
1275 1369 1365 1432 posse
1389 1347 1608 1431 elephantum?
1633 1345 1686 1407 hisi

351 1447 428 1508 forte
461 1446 517 1508 hoo
550 1441 658 1506 dicturi
690 1451 775 1518 sunt,
809 1451 843 1505 ut
866 1462 885 1503 a
907 1441 1030 1506 minima
1062 1439 1193 1504 scintilla
1225 1441 1355 1504 maxima
1381 1441 1428 1504 vis
1460 1439 1542 1523 pyrii
1573 1433 1686 1534 pulveris

351 1534 449 1599 subito
479 1533 695 1607 inflammatur,
727 1532 770 1594 sic
793 1530 840 1594 hio
864 1549 979 1612 quoqne
1008 1531 1081 1592 nihil
1113 1530 1268 1593 obstitisse
1298 1531 1544 1612 corpusculorum
1569 1522 1685 1596 Saturni,

350 1623 446 1698 Jovie,
467 1622 577 1685 Martis
601 1621 776 1695 exilitatem,
801 1621 956 1704 quominus
980 1619 1117 1682 immanis
1137 1619 1190 1683 illa
1212 1621 1307 1684 moles
1331 1621 1462 1684 subitam
1483 1617 1584 1682 abire
1606 1616 1686 1676 lucen

350 1713 523 1816 conciperet
545 1718 611 1774 tota
634 1710 772 1790 undique.
818 1711 883 1772 Hoc
908 1728 977 1771 vero
1001 1729 1059 1771 non
1083 1719 1131 1772 est
1153 1710 1285 1790 gignere,
1310 1710 1365 1772 sed
1387 1709 1563 1772 incendere.
1597 1701 1684 1776 Quae-

350 1822 414 1866 ram
437 1801 545 1882 igitur,
576 1799 695 1902 etquis
720 1799 796 1862 alius
820 1806 938 1862 tantum
966 1797 1110 1861 materiae
1134 1799 1163 1860 in
1186 1799 1270 1862 illurn
1298 1800 1394 1862 locum
1423 1801 1504 1862 inter
1528 1797 1605 1858 lixas
1625 1809 1685 1853 cen-

353 1891 502 1971 gesserit,
536 1897 569 1952 et
598 1889 663 1970 quis
691 1888 814 1967 ignitam
847 1889 928 1968 prius
958 1896 1048 1990 atque
1080 1887 1323 1951 inflammabile'm
1354 1887 1542 1961 reddiderit,
1576 1882 1685 1960 deniqne

353 1980 460 2062 quibus
490 1977 642 2052 manibus,
676 1997 734 2058 quo
761 1977 887 2053 baculo,
921 1996 977 2057 quo
1000 1977 1064 2040 rivo
1087 1997 1140 2040 seu
1164 1979 1213 2051 (ut
1244 1978 1396 2048 idiotismo
1428 1988 1497 2041 utar
1522 1971 1684 2042 Teutonico)

352 2089 409 2152 qun
433 2077 570 2131 currente
593 2067 662 2171 igne
685 2067 853 2146 pervaserit
876 2026 995 2128 hamma
1014 2066 1175 2145 aplauetis
1194 2087 1247 2148 per
1270 2068 1416 2130 immensa
1438 2065 1544 2148 spatia
1563 2064 1602 2126 ad
1619 2061 1684 2122 illan
1736 2068 1740 2133 ξ

350 2158 463 2220 lixam?
495 2157 565 2237 quia
587 2157 654 2219 sine
686 2165 826 2219 contactu
850 2157 897 2218 vel
921 2156 1060 2218 flammas
1083 2156 1132 2218 vel
1155 2166 1259 2220 aestus
1288 2157 1360 2220 nihil
1384 2159 1422 2222 ab
1446 2158 1547 2218 altero
1580 2153 1682 2216 iollam-
1736 2186 1739 2203 ·

350 2254 458 2310 matur.
496 2245 563 2308 Nisi
587 2247 664 2308 forte
687 2263 763 2308 uuus
787 2265 802 2306 e
827 2244 921 2307 tribus
945 2245 1075 2324 planetis
1099 2248 1273 2327 crystallum
1296 2267 1397 2310 secum
1421 2244 1563 2310 attulerit
1575 2237 1683 2304 ΙῘοιιιιι

350 2337 442 2415 Bapt.
466 2335 586 2410 Portae,
611 2353 667 2416 qno
693 2335 718 2396 is
741 2335 773 2396 in
796 2333 940 2396 inlinitum
963 2335 1134 2424 comburere
1158 2336 1323 2416 pollicetur.
1344 2343 1444 2412 (Magia
1460 2343 1522 2394 Nae
1543 2338 1623 2396 ΠΗ,
1642 2331 1681 2392 re.)

351 2423 528 2505 Equidem
520 2443 550 2486 m
574 2430 663 2486 tanta
685 2423 822 2486 vanitate
848 2423 1021 2500 multorum,
1044 2419 1095 2506 qui
1118 2425 1286 2505 philosophi
1310 2445 1415 2488 nornen
1443 2423 1607 2504 arripiunt,
1638 2434 1681 2477 11111

351 2522 399 2576 ιιι
425 2513 597 2577 incredibile
622 2513 799 2584 exstituros,
829 2513 878 2594 qui
905 2513 962 2575 hoc
990 2513 1156 2575 incendium
1187 2515 1331 2577 incendiis
1363 2513 1572 2596 specularibus
1605 2522 1682 2570 rerun

351 2603 527 2666 distantium
550 2620 724 2682 comparare
747 2603 860 2665 velint:
894 2603 1030 2665 contenti
1059 2602 1171 2684 aliquid
1199 2603 1289 2684 vulgo
1317 2605 1510 2675 admirabile,
1543 2593 1682 2662 insolubile

351 2702 382 2756 et
405 2692 585 2756 verbotenus
608 2691 769 2754 verisimile
793 2691 917 2754 dixisse
964 2689 1009 2754 At
1031 2691 1147 2754 vide
1122 2713 1149 2754 si
1171 2702 1203 2756 et
1227 2693 1302 2756 arsit
1332 2712 1442 2758 novum
1464 2691 1551 2756 sidus
1575 2697 1605 2750 et
1626 2701 1682 2746 con·

351 2781 510 2863 flagravit,
544 2801 581 2844 ne
604 2789 635 2843 et
657 2782 798 2861 planetae
822 2781 959 2844 eodem
951 2781 1029 2861 rgni,
1064 2800 1150 2863 quem
1174 2781 1265 2846 sideri
1288 2785 1558 2856 communicarunt,
1587 2773 1682 2840 confle-

351 2879 440 2951 grent
462 2870 597 2951 denique.
1159 2896 1163 2912 ·
1732 2864 1736 2883 ’

439 2959 502 3023 Sed
534 2958 684 3040 excipient
717 2959 864 3033 fortasse,
896 2978 954 3020 non
973 2977 1016 3020 se
1049 2959 1239 3038 planetarum
1270 2979 1463 3040 congressum
1495 2977 1553 3040 per
1581 2951 1681 3018 modun

351 3049 530 3113 incensionis
554 3067 676 3110 causam
700 3055 833 3111 statuere
857 3047 974 3111 sideris.
1021 3048 1134 3110 Dicant
1156 3049 1256 3128 igitur,
1281 3068 1440 3130 perquem
1464 3050 1557 3112 alium
1581 3039 1680 3105 modun
1732 3038 1736 3117 ξ

351 3139 382 3200 id
406 3146 547 3200 statuant
574 3137 744 3200 accidisse?
780 3139 830 3200 An
858 3139 903 3200 ita
929 3137 1013 3200 Mars
1038 3157 1103 3200 oum
1127 3137 1257 3202 Saturno
1282 3147 1313 3200 et
1335 3140 1412 3202 Jove
1441 3153 1619 3218 congressus
1646 3133 1680 3187 etl
1732 3126 1736 3139 ¹

352 3228 421 3288 dum
444 3227 499 3289 hoc
523 3225 606 3288 sidus
629 3227 779 3307 gigneret,
810 3234 843 3290 ut
866 3227 910 3288 vir
933 3228 1013 3289 solet
1036 3246 1102 3289 enm
1126 3229 1238 3292 uxore?
1275 3230 1383 3308 ltaque
1406 3249 1463 3293 oon
1488 3236 1606 3290 tantum
1626 3218 1678 3302 plt-

351 3319 459 3389 netas,
475 3315 604 3377 desertis
628 3316 689 3377 suis
713 3315 857 3378 limitibus
881 3316 920 3376 ad
944 3317 1069 3378 eundem
1093 3317 1244 3380 diametri·
1260 3320 1427 3382 mundanae
1451 3319 1565 3391 locum,
1593 3321 1677 3385 nempe
1739 3359 1740 3368 ι

353 3405 393 3466 ad
417 3410 588 3466 caumatum
612 3421 767 3482 corporum
789 3405 897 3467 coiisse
926 3405 1073 3486 oportuit:
1104 3405 1157 3467 sed
1181 3417 1213 3469 et
1235 3407 1318 3470 sidus
1347 3410 1450 3472 eodem
1475 3427 1512 3468 ex
1537 3407 1602 3468 loco
1624 3407 1678 3460 tan·
1735 3379 1740 3485 9

353 3513 444 3598 quam
467 3511 505 3556 ex
528 3501 612 3555 utero
636 3501 771 3554 materno
794 3512 986 3574 progressum
1008 3495 1039 3556 in
1062 3514 1207 3560 summum
1235 3497 1388 3561 aetherem
1417 3493 1575 3560 ascendit?
1610 3486 1677 3558 991119
1734 3488 1740 3556 9

353 3582 455 3646 omnia
476 3582 592 3645 refutat
614 3581 816 3644 asuonomioa
838 3582 1006 3663 disciplina.

440 3673 492 3736 Ad
514 3670 617 3734 radios
639 3669 732 3752 igitur
754 3671 939 3752 confugient,
963 3673 1070 3776 quibus
1093 3672 1197 3734 dicant
1220 3673 1317 3737 simile
1342 3674 1491 3756 quippiam
1513 3671 1676 3748 cunengem

351 3764 431 3846 quod
454 3761 534 3825 solet
557 3759 749 3841 corporibus;
778 3769 812 3824 ut
834 3762 966 3840 copulati
989 3771 1021 3824 et
1044 3762 1072 3826 in
1097 3781 1183 3822 unum
1212 3763 1351 3844 permixti
1378 3765 1544 3827 efficaciam
1572 3753 1677 3824 nancit-

351 3859 459 3916 cantur
482 3853 521 3914 ad
541 3849 655 3933 aliquid
677 3850 922 3932 progignendum
960 3849 1029 3913 Jam
1049 3869 1138 3932 supra
1154 3853 1199 3931 (p.
1214 3848 1294 3927 642)
1310 3854 1385 3916 banc
1400 3856 1546 3918 rationem
1560 3847 1676 3945 Plotinae

335 3942 431 4047 ‘apud
445 3941 549 4004 Picum
573 3939 721 4021 explosit.
746 3959 800 4002 nos
824 3950 923 4004 tameo
948 3959 1071 4021 agamus
1095 3941 1206 4017 mitius,
1230 3944 1427 4006 concedamus
1450 3944 1510 4006 illis
1533 3962 1589 4006 ιιι
1609 3933 1675 4019 prin·

351 4031 440 4113 cipia.
487 4030 520 4093 Si
543 4048 597 4111 per
620 4029 842 4110 colligationem
866 4030 1015 4094 radiorum
1038 4031 1173 4092 nmoitur
1195 4049 1303 4094 novum
1326 4033 1453 4114 aliquid:
1478 4033 1518 4095 ibi
1541 4031 1598 4096 loci
1618 4041 1675 4087 11⁸⁵·

351 4129 437 4184 cetur
460 4120 510 4182 ubl
533 4119 714 4199 colligati.
711 4119 770 4181 At
799 4139 947 4200 nunquam
974 4139 1032 4182 non
1063 4120 1198 4199 colligati
1228 4120 1364 4184 binorum
1390 4123 1578 4203 planetarum
1606 4109 1674 4180 radii

329 4223 501 4291 'nunquam
523 4228 580 4270 non
610 4209 692 4270 locus
723 4209 843 4272 ostendi
875 4217 978 4289 potest
1004 4209 1082 4271 inter
1105 4209 1195 4286 lixas,
1230 4211 1257 4272 in
1281 4229 1368 4290 quem
1396 4213 1522 4274 influant
1553 4206 1623 4276 radii
1643 4199 1675 4262 sit

351 4300 493 4379 copulati.
540 4297 650 4360 Notum
675 4304 723 4360 est
745 4297 864 4362 axioma
887 4305 1121 4379 geometrarum,
1147 4317 1347 4404 quaecunque·
1362 4301 1419 4362 duo
1442 4312 1554 4383 puncta
1576 4301 1674 4374 (centea

352 4387 556 4470 planetarum)
581 4405 641 4449 una
663 4394 747 4450 recta
769 4395 955 4463 connectere,
982 4406 1184 4468 quamcunque
1208 4389 1347 4452 rectam
1339 4410 1368 4452 rn
1388 4391 1532 4454 infinitum
1552 4385 1674 4467 (adfixas

351 4478 460 4558 usque)
484 4477 619 4540 educere.
656 4475 741 4538 Et'
716 4496 743 4538 ιι
761 4476 798 4538 de
822 4477 909 4540 trium
933 4476 1122 4555 copulatione
1145 4479 1303 4558 satagitur,
1329 4479 1421 4542 toties
1440 4489 1489 4543 est
1511 4395 1592 4545 lochs
1610 4475 1672 4537 iuter
1735 4427 1737 4538 9

352 4565 469 4641 lixas,
461 4585 491 4627 m
515 4583 572 4647 quo
595 4565 683 4628 trium
706 4564 783 4627 radii
806 4567 868 4628 sint
894 4565 1044 4668 conjuncti
1067 4566 1171 4639 (etsi'
1164 4587 1193 4628 m
1217 4566 1317 4630 Terris
1347 4569 1506 4634 videantur
1532 4561 1669 4653 separati)

354 4654 469 4733 quoties
492 4653 648 4734 contingit,
673 4661 735 4716 tres
753 4654 917 4734 planetas
909 4675 939 4718 m
958 4654 1083 4717 eandem
1106 4664 1220 4719 rectam
1242 4660 1359 4736 cadere,
1383 4661 1462 4740 quod
1480 4662 1515 4724 fit
1532 4681 1587 4725 non
1608 4667 1668 4720 rar⁰
1735 4627 1737 4776 9

355 4737 416 4804 Gur
437 4761 508 4823 ergo
531 4741 655 4806 uulla''
636 4763 673 4807 ιιι
696 4743 770 4805 locis
794 4753 825 4806 et
848 4743 1032 4824 temporibus
1055 4743 1189 4808 oriuntur
1212 4765 1290 4810 nova
1313 4707 1437 4811 sidera?
1459 4749 1525 4814 Imo
1546 4767 1609 4814 vern
1624 4757 1669 4805 11⁰ss

355 4837 404 4892 eet
425 4839 523 4894 ortum
545 4832 603 4895 hoo
625 4850 734 4897 novum
756 4833 840 4896 sidus
863 4833 962 4914 aliquo
993 4832 1117 4896 lixarum
1144 4834 1227 4910 loco,
1259 4837 1308 4947 ubi
1331 4847 1434 4903 essent
1461 4841 1591 4924 copulati
1609 4825 1668 4900 radfl'

1733 4997 1736 5187 9
