3700 5530
307 281 371 348 354
799 283 972 332 marcomire
991 281 1052 334 Pars
1071 281 1169 348 Optloa.

308 469 436 538 mutata,
456 461 538 524 Solis
562 459 723 541 deliquium
748 458 967 538 contemplatus
988 479 1052 522 snm
1076 460 1105 521 in
1129 461 1206 523 hunc
1230 459 1296 539 jam
1318 459 1501 542 descriptum
1533 460 1663 523 modum.

307 552 504 624 Quantitates
529 550 705 614 circulomm
729 548 821 627 dupla
843 547 948 611 horum
972 553 1037 623 (rig.
1059 555 1118 616 tlt,
1146 554 1209 620 tlt)
1233 549 1325 624 ruere,
1350 551 1534 629 quosvides.
1569 549 1663 612 Sum-

309 661 406 706 seram
431 661 459 701 n.
483 657 537 719 pro
561 639 663 700 lunula
690 637 904 716 particularum
928 635 970 700 37
995 639 1266 713 semidiametrum‚
1296 658 1372 718 qnae
1401 659 1467 701 cnm
1489 633 1551 722 87,
1580 642 1664 700 lora-

307 731 395 793 minis
419 729 553 790 efficiunt
575 723 617 790 45
630 719 674 807 'iss
700 746 741 787 sc.
767 734 801 787 nt
825 726 958 788 efficeret
984 725 1035 790 15‘
1058 747 1111 789 sen
1133 747 1187 807 pro
1212 735 1279 790 tota
1302 728 1451 790 diametro
1476 724 1540 791 30¹.
1586 729 1666 792 Nam

309 829 341 882 et
364 819 417 880 Sol
441 819 470 880 in
495 833 630 898 apogaeo
655 815 747 876 habet
772 813 826 878 30¹
850 814 879 876 iu
904 815 1068 878 diametro:
1093 817 1180 879 Luna
1202 835 1273 879 vero
1298 817 1510 880 aPtolemaeo
1533 825 1564 878 et
1587 818 1667 896 Hip-

308 907 419 990 parcho
444 905 553 968 dicitnr
576 903 711 985 aequalis
726 902 807 965 Soli:
833 911 865 965 et
878 900 981 986 Tycho
1000 905 1064 985 ipse
1081 906 1185 968 Lunae
1204 906 1234 968 in
1254 907 1490 987 oppositionibus
1514 905 1667 968 minimam

310 998 487 1059 diametrum
512 992 565 1058 30¹
591 994 745 1072 assignat:
776 1013 851 1072 qnae
876 1013 947 1054 vero
971 994 1008 1054 de
1033 994 1228 1057 diminutione
1252 995 1338 1075 hujus
1370 995 1508 1057 diametri
1530 995 1560 1057 in
1584 993 1667 1058 Sulis

310 1083 472 1164 eclipsibus
497 1085 632 1152 dixerat,
661 1082 763 1143 multis
788 1083 824 1144 de
849 1083 950 1144 causis
975 1091 1117 1164 suspecta
1140 1083 1297 1146 habebam.
1345 1085 1446 1146 Tanta
1467 1085 1568 1163 itaque
1592 1103 1665 1146 con-

310 1175 419 1237 stituta
443 1173 552 1246 lunula,
579 1173 802 1252 spectatoribus
825 1171 1004 1244 Bralreanis‚
1030 1192 1096 1234 cum
1115 1173 1180 1253 jam
1203 1172 1393 1248 adlmedium
1417 1172 1538 1254 eclipsis
1561 1191 1667 1236 excre-

311 1265 415 1336 visset,
437 1259 578 1342 apparnit
598 1261 736 1324 omnibus
756 1259 1015 1334 manifestissime,
1038 1261 1170 1325 lunulam
1191 1280 1289 1324 meam
1309 1281 1366 1323 non
1388 1269 1505 1325 tantum
1523 1280 1581 1324 oon
1601 1279 1670 1324 esee

312 1353 455 1432 majorem
483 1351 603 1423 umbra,
637 1351 690 1410 sed
716 1349 813 1410 adhuc
846 1349 971 1411 deficere
996 1373 1014 1412 a
1038 1352 1183 1413 lateribus
1207 1351 1347 1424 umbrae,
1373 1352 1398 1413 si
1422 1370 1441 1412 a
1464 1351 1563 1413 fronte
1586 1351 1670 1412 illam

314 1448 465 1520 tangeret.
513 1441 620 1518 ltaque
655 1437 750 1517 major
783 1455 931 1518 apparens
956 1440 1060 1501 Lunae
1086 1441 1231 1502 diameter
1255 1459 1343 1521 quam
1367 1437 1430 1514 30‘,
1456 1438 1548 1501 multo
1577 1439 1670 1500 etiam

314 1530 410 1608 major
435 1530 545 1600 futura,
572 1527 598 1587 si
621 1527 678 1588 hoc
703 1529 768 1588 loco
792 1528 919 1608 epicycli
933 1527 961 1590 in
980 1543 1012 1593 a
1028 1537 1060 1590 et
1083 1531 1157 1591 coeli
1182 1529 1278 1591 medio
1303 1531 1506 1610 apparuisset,
1530 1528 1568 1590 ob
1586 1528 1671 1590 visus

314 1619 458 1698 majorem
483 1615 756 1696 propinquitatem:
783 1635 871 1696 qnam
887 1617 925 1678 ob
945 1637 1066 1680 causam
1091 1619 1214 1681 dimidio
1239 1619 1352 1680 minuto
1373 1619 1435 1681 iere
1450 1618 1549 1697 major
1572 1635 1670 1698 appa-

313 1727 377 1769 rere
402 1714 505 1787 potest
529 1706 559 1766 in
583 1705 707 1779 vertice,
733 1723 821 1783 quam
845 1705 875 1766 in
899 1707 1065 1770 horizonte.
1501 1761 1506 1772 .

402 1794 545 1858 Ceterum
567 1794 670 1856 lunula
694 1795 782 1854 unica
805 1794 877 1856 mihi
911 1802 993 1870 erat,
1028 1796 1130 1877 itaque
1154 1815 1211 1858 nou
1241 1794 1324 1876 potui
1356 1794 1493 1874 praecise
1517 1794 1556 1855 ad
1579 1813 1672 1874 prac-

312 1885 458 1964 scriptnm
482 1884 602 1944 modum
626 1883 798 1961 procedere.
844 1884 910 1945 Hoc
936 1893 1036 1946 autem
1062 1885 1132 1960 ieci,
1159 1885 1291 1947 lunulam
1315 1905 1334 1945 a
1357 1892 1496 1946 contactu
1521 1883 1674 1944 interioris

314 1975 417 2036 circuli
443 1973 479 2033 de
504 1973 588 2032 radic
613 1971 745 2033 nonnihil
780 1973 894 2045 avulsi,
928 1982 963 2035 nt
994 1975 1192 2054 aequabiliter
1222 1973 1479 2036 circumferentiae
1512 1973 1673 2035 distarent.

313 2065 396 2125 Tunc
421 2061 523 2142 itaque
546 2062 626 2121 inter
649 2061 906 2124 circumferentias
930 2063 1050 2125 lunulae
1075 2072 1106 2125 et
1120 2062 1195 2124 radii
1219 2064 1365 2124 interesse
1388 2062 1574 2140 putabantur
1596 2081 1671 2140 par-

313 2153 424 2214 ticulae
448 2151 661 2230 propemodum
676 2147 707 2211 2.
745 2151 838 2212 Esset
861 2151 962 2227 itaque
987 2153 1210 2214 semidiameter
1226 2152 1331 2214 Lunae
1345 2143 1444 2233 cii'in
1469 2151 1498 2211 in
1523 2151 1672 2229 scrupulis

314 2233 421 2322 ¹5'is‘·
460 2239 541 2316 Ergo
567 2238 713 2299 diameter
737 2258 887 2318 apparens
907 2235 1015 2324 31¹l,‘.
1055 2243 1148 2321 quue
1173 2241 1202 2302 in
1227 2257 1374 2319 apogaeo.
1422 2241 1467 2300 At
1489 2259 1525 2299 ne
1549 2239 1673 2300 nimium

311 2329 389 2391 visui
412 2328 541 2389 tribuam
567 2327 595 2387 in
620 2327 805 2406 marginibus
830 2329 951 2391 umbrae
976 2331 1146 2400 noscendis,
1170 2329 1341 2392 interfuerit
1365 2347 1437 2389 sane
1461 2329 1550 2390 unica
1572 2328 1673 2407 parti-

312 2419 381 2480 cula
404 2425 437 2478 et
459 2416 500 2478 sit
523 2415 669 2478 diameter
687 2418 718 2478 in
738 2435 874 2498 apogaec
890 2413 998 2501 30¹l2‘‚
1025 2428 1138 2499 quanta
1161 2426 1210 2480 est
1225 2417 1306 2480 Solis
1330 2417 1489 2479 mediocris
1513 2417 1670 2491 diameter,

312 2515 345 2568 nt
369 2508 414 2568 ita
437 2505 600 2567 secundnm
624 2505 780 2585 Sosigeuis
815 2506 983 2569 doctrinam
1007 2508 1095 2571 Luna
1123 2510 1151 2569 in
1181 2525 1317 2588 apogaeo
1341 2507 1444 2568 Solem
1467 2506 1496 2567 io
1529 2505 1673 2587 perigaeo

312 2615 370 2658 nou
395 2602 493 2656 totum
518 2602 620 2672 tegere
644 2596 752 2674 possit.
799 2596 866 2658 Hoc
891 2596 991 2676 itaque
1021 2597 1222 2660 certissimum
1256 2595 1375 2657 axioma
1398 2595 1459 2656 sit:
1494 2595 1673 2658 diametrum

314 2686 419 2748 Lunae
443 2683 664 2746 remotissimae
688 2685 717 2746 in
743 2684 847 2764 eclipsi
873 2685 942 2748 anni
969 2682 1061 2749 1601.
1095 2707 1153 2748 non
1183 2685 1328 2746 minorem
1362 2683 1538 2764 apparuisse
1563 2677 1671 2766 3⁰¹ir‘·

311 2775 381 2837 Jam
407 2774 544 2852 supplete
570 2774 648 2855 quod
672 2773 818 2853 reliquum
838 2783 894 2852 est,
916 2784 1065 2858 emystae
1085 2795 1182 2838 rerum
1206 2774 1392 2847 coelestium,
1415 2781 1448 2836 et
1470 2774 1669 2848 occasionem,

312 2883 399 2944 qnnm
425 2863 532 2924 offeret
556 2881 651 2924 anons
678 2858 773 2924 1605.
800 2865 886 2926 Luna
908 2865 937 2926 iu
962 2867 1114 2946 perigaec‚
1140 2883 1242 2926 omnes
1266 2864 1400 2942 arripite.

401 2951 596 3014 Problema
619 2951 708 3014 XIV.
756 2951 1030 3016 inclinationes
1055 2955 1241 3017 Solarium
1266 2952 1463 3032 eclipsium
1487 2950 1670 3030 excipere.

313 3039 447 3102 Modus
471 3039 687 3110 Maestliui,
717 3049 753 3102 et
775 3044 911 3105 cantic.
959 3044 1005 3106 De
1030 3062 1085 3106 cve
1108 3044 1223 3124 pecude
1247 3043 1277 3104 in
1301 3041 1459 3121 proverbio
1493 3049 1552 3113 est,
1587 3039 1670 3101 nulla

312 3136 399 3208 parte
431 3148 488 3190 non
521 3130 677 3208 prodesse.
734 3131 818 3192 idem
849 3133 885 3193 de
919 3133 1063 3212 phasibns
1096 3133 1251 3213 eclipsium
1286 3130 1434 3193 universis
1469 3145 1570 3192 verum
1601 3135 1668 3190 ert:

312 3217 472 3297 praecipue
498 3218 534 3278 de
564 3218 823 3296 inclinationibus,
857 3240 931 3303 qnas
961 3222 1154 3285 Ptolemaeus
1184 3222 1259 3284 libro
1284 3221 1341 3282 VI.
1375 3218 1525 3300 capitibus
1557 3217 1670 3280 ultimis

312 3327 514 3386 soccessores,
541 3308 627 3386 quasi
643 3315 772 3369 annutus
787 3318 896 3371 vocat:
923 3330 999 3390 qnae
1015 3312 1040 3373 si
1056 3313 1225 3374 certissime
1245 3310 1452 3385 observentur,
1477 3307 1672 3370 maximarum

312 3415 411 3457 rernm
435 3397 464 3456 in
488 3402 570 3456 motu
595 3396 699 3457 Lunae
723 3397 809 3458 nobis
834 3406 1013 3478 argumenta
1035 3401 1192 3479 praebent,
1217 3409 1249 3462 et
1259 3398 1445 3479 ‘compendio
1469 3395 1613 3469 serviunt,
1639 3404 1674 3458 nt

313 3485 343 3546 iu
368 3493 454 3565 parte
480 3484 578 3545 altera
602 3484 638 3543 de
661 3503 718 3546 usu
741 3485 866 3550 dicetur.
906 3487 969 3551 Sed
993 3489 1076 3552 etin
1102 3492 1157 3553 hcc
1181 3507 1290 3570 genere
1316 3488 1450 3550 existunt
1473 3485 1672 3549 admiratione

314 3583 344 3638 et
360 3572 616 3636 demonstratione
641 3573 732 3652 digna
755 3575 971 3654 phaenomena,
996 3597 1054 3642 non
1077 3581 1154 3643 satis
1170 3581 1207 3642 ab
1232 3577 1475 3640 antecessoribus
1500 3573 1671 3656 explicata:

315 3683 448 3744 quaeque
473 3683 520 3724 me
547 3663 596 3723 din
621 3671 783 3725 torserunt.

403 3753 583 3816 Maestlinus
617 3752 708 3832 igitur
745 3763 922 3834 praeceptor
954 3775 1038 3820 meus
1070 3775 1163 3837 parvo
1202 3755 1368 3837 quadrante
1405 3755 1499 3816 utitur
1531 3753 1560 3816 iu
1594 3753 1673 3816 hunc

301 3826 444 3905 modom.
492 3841 609 3903 Radius
633 3841 663 3902 in
687 3861 807 3904 camera
836 3844 976 3908 deficiens
1007 3847 1294 3927 perpendiculariter
1317 3844 1347 3907 in
1369 3861 1515 3927 papymm
1545 3840 1672 3916 incidat,

312 3931 449 3995 ministro
473 3949 616 4014 papyrum
642 3940 844 3995 sustentante.
877 3934 974 3995 Latus
992 3936 1082 4015 igitur
1098 3936 1183 4014 parvi
1208 3933 1385 4016 quadrantis
1407 3932 1567 4013 objiciatur
1585 3931 1672 3994 radic

847 4024 1150 4103 perpendiculariter,
1186 4025 1229 4087 sic
1261 4033 1295 4086 nt
1329 4029 1413 4084 secet
1451 4041 1563 4084 cornua
1595 4019 1673 4082 radii

846 4131 899 4191 por
922 4114 1060 4191 medinm,
1087 4115 1123 4176 de
1144 4133 1201 4195 quo
1221 4115 1371 4177 oculorum
1395 4108 1600 4174 aestimationi
1624 4117 1674 4171 est

847 4202 1036 4266 credendum.
1085 4204 1134 4266 Ab
1168 4205 1220 4266 illo
1252 4204 1347 4266 latere
1372 4201 1416 4263 sic
1446 4201 1561 4263 directo
1595 4217 1671 4279 qna-

847 4291 937 4354 drans
953 4293 1122 4373 dependeat
1137 4301 1168 4355 et
1182 4294 1210 4355 in
1227 4291 1392 4374 quadrante
1412 4289 1672 4370 perpendiculnro;

775 4442 780 4463 ‚
846 4390 878 4443 et
901 4383 1083 4445 monstrabit
1110 4381 1353 4463 perpendiculum
1377 4381 1407 4442 in
1438 4379 1528 4442 limbo
1560 4379 1672 4457 gradus

702 4457 718 4483 ⁴'
846 4489 900 4532 sen
932 4473 1092 4551 angulum,
1126 4491 1183 4554 qno
1216 4469 1369 4533 verticalis
1402 4469 1529 4532 circulus
1559 4469 1593 4540 (a
1622 4465 1671 4528 iilo

846 4565 1107 4637 repraesentatus)
1132 4571 1217 4624 secat
1231 4562 1371 4622 circulum
1386 4578 1440 4641 per
1454 4565 1559 4619 centra
1582 4555 1672 4616 lumi-

846 4649 981 4724 narium,
1021 4672 1039 4712 a
1077 4652 1172 4713 latere
1209 4649 1364 4713 bisecante
1400 4652 1671 4728 repraesentatum.

846 4737 959 4800 Statim
999 4759 1071 4802 vero
1113 4749 1145 4802 et
1185 4739 1271 4820 quasi
1307 4738 1336 4798 in
1375 4739 1480 4800 eodem
1521 4743 1672 4797 momento

846 4827 992 4910 capienda
1015 4838 1064 4892 est
1087 4830 1214 4894 altitudo
1231 4827 1321 4905 Solis,
1347 4827 1412 4891 sine
1437 4845 1495 4908 qua
1517 4823 1672 4887 inclinatio

507 4073 561 4140 rig.
587 4071 646 4124 iil.
