3672 5528
753 297 835 371 tque
851 307 883 358 V·
908 303 932 358 ³·
1455 295 1517 376 tlt

156 471 239 543 acies
262 479 294 542 in
328 497 445 554 unum,
479 495 583 560 nempe
607 469 636 541 in
669 488 739 542 ante
772 482 989 560 investigatum
1022 484 1118 546 locum
1150 485 1308 564 imaginis,
1343 486 1471 567 qualiter
1496 488 1520 548 is

158 587 243 648 prop.
270 566 299 630 1.
326 569 423 647 hujus
448 570 617 648 descriptus
641 577 702 643 est,
728 571 869 649 apposita
892 571 921 632 io
945 573 1109 652 propinquo
1133 591 1165 634 re
1189 574 1319 652 insigni:
1349 563 1520 637 tune'oculi

163 659 284 720 adrem
307 657 394 720 banc
417 668 561 719 coeuntes
589 656 733 718 videbunt
761 666 792 718 et
819 659 980 738 imaginem
1009 661 1187 740 imperatam
1219 662 1403 724 secundarie.
1450 662 1522 725 Alia

163 747 251 812 eoam
283 746 388 824 magis
428 747 556 808 subdola
592 743 693 806 cautio
725 763 779 824 per
808 742 839 808 4.
877 748 1074 825 praemissam
1107 749 1243 812 adhiberi
1281 757 1403 828 potest,
1438 751 1521 829 cujus

162 833 402 914 experimentum
431 834 491 895 vidi
515 832 653 895 Dresdae
682 832 710 892 in
740 835 861 896 theatro
890 834 1037 898 artificiali
1065 837 1226 899 Electoris.
1272 836 1334 899 Sed
1362 839 1441 918 quod
1465 857 1521 918 ego

162 921 472 984 demonstrationibus
496 921 628 983 imbutus
650 921 752 983 videre
776 941 823 984 me
847 922 1050 996 affirmabam,
1082 925 1176 987 ceteri
1204 925 1367 1005 negabant.
1414 927 1521 1006 Itaque

161 1029 217 1072 uon
241 1009 374 1076 consilio
398 1009 541 1084 custodis,
567 1009 622 1070 sed
645 1010 728 1070 casui
751 1009 860 1072 tribuo.
908 1011 1018 1074 Discus
1041 1012 1070 1073 in
1098 1013 1196 1076 medio
1227 1014 1357 1076 crassior
1380 1034 1434 1075 seu
1456 1015 1522 1075 lens

161 1099 342 1182 crystallina
364 1098 452 1178 pedis
476 1098 622 1160 dimnetro
646 1099 751 1160 stabat
772 1097 801 1159 in
821 1098 960 1178 ingressu
984 1119 1120 1162 camerae
1144 1101 1265 1164 clausae
1289 1109 1394 1165 contra
1418 1104 1521 1164 fenes-

162 1189 286 1258 tellam,
321 1204 399 1266 qnae
423 1185 511 1248 unica
536 1185 680 1265 patebat,
706 1185 908 1249 declinantem
938 1206 1042 1267 parum
1067 1190 1105 1251 ad
1132 1190 1280 1252 dextram.
1326 1191 1405 1252 Dum
1429 1191 1522 1268 igitur

162 1277 316 1339 oculorum
349 1275 432 1336 acics
464 1274 656 1336 tenebrosam
689 1275 892 1357 capacitatem
927 1285 1101 1357 pererrant,
1140 1278 1264 1340 fortuito
1298 1287 1329 1339 ot
1362 1278 1391 1339 iu
1425 1277 1522 1339 locum

160 1364 306 1443 imaginis
339 1361 493 1437 incidunt,
526 1360 697 1442 propiorem
731 1361 849 1442 quidem
883 1382 971 1443 quoru
1007 1373 1073 1426 erat
1100 1365 1175 1428 leus.
1223 1365 1299 1428 (ium
1332 1367 1433 1446 itaque
1457 1367 1522 1427 leus

166 1452 301 1531 maligne
324 1451 543 1524 illustraretur,
575 1450 678 1511 oculos
701 1468 759 1510 non
789 1451 948 1512 admodum
972 1453 1135 1516 alliciebat.
1182 1451 1245 1516 Sed
1268 1473 1362 1534 neque
1389 1454 1522 1534 parietes

169 1550 257 1604 mans
281 1540 393 1601 lentem
417 1539 576 1600 admodum
601 1546 689 1600 erant
711 1539 884 1618 conspicui;
909 1541 978 1620 quia
1001 1541 1029 1602 iu
1054 1541 1155 1604 multis
1178 1541 1320 1604 tenebris.
1360 1542 1406 1604 At
1419 1543 1521 1604 fenes-
1549 1567 1553 1574 ·

168 1629 244 1691 tella
262 1636 296 1690 et
319 1626 554 1690 circumstantes
576 1645 634 1700 res,
659 1645 735 1706 quae
755 1627 851 1689 multa
869 1630 934 1691 luce
960 1630 1144 1704 fruebantur,
1168 1639 1239 1709 post
1256 1631 1368 1693 lentem
1392 1631 1523 1692 latentes

164 1719 280 1779 claram
303 1715 463 1778 sistebant
485 1715 513 1775 in
538 1721 607 1776 abre
633 1716 694 1786 (me
719 1715 798 1776 inter
817 1723 848 1776 et
870 1717 997 1790 lentem)
1022 1720 1067 1778 sui
1091 1717 1259 1797 imaginem.
1286 1719 1398 1781 ‘Primo
1421 1719 1523 1798 itaqua

166 1805 247 1867 nictu
271 1805 433 1865 cernebam
452 1802 565 1864 ebriam
579 1802 657 1863 hauc
680 1801 850 1881 imaginem,
876 1814 909 1866 at
925 1806 1064 1885 repetitis
1084 1807 1238 1869 obtutibus
1256 1807 1404 1887 paulatim
1427 1807 1524 1869 minua

165 1903 258 1974 atque
282 1893 391 1953 minus.
438 1891 571 1952 Possunt
601 1890 777 1969 amplificari
800 1892 872 1954 ludi.
919 1894 984 1955 Nos
1008 1895 1055 1956 hie
1086 1895 1274 1958 evidentiora
1301 1903 1333 1957 et
1359 1895 1525 1976 promtiore

163 1998 379 2062 proponemus,
405 1978 446 2040 ad
467 1978 640 2040 institutum
664 1979 783 2040 scilicet
806 1983 1008 2044 accommoda.

255 2065 477 2147 Propositio
495 2067 550 2127 VI.
588 2067 785 2145 Imagines
806 2087 920 2132 rernm
940 2087 1005 2149 per
1022 2071 1171 2151 globum
1195 2089 1345 2150 aqueum
1362 2071 1522 2133 visarum

165 2176 234 2220 uuo
259 2157 382 2230 oculo,
407 2153 722 2234 haerentinipsa'
739 2157 946 2235 superficie
969 2160 1145 2239 propiore
1168 2159 1276 2237 aquei
1301 2157 1413 2238 globi.
1447 2156 1523 2220 Cum

165 2249 220 2309 hoc
245 2245 284 2305 ab
309 2242 496 2323 experientia
518 2241 724 2316 confirmetur,
748 2243 905 2321 plurimum
933 2247 1090 2308 confirmat
1111 2247 1200 2309 fidem
1222 2265 1306 2310 meae
1331 2248 1523 2309 demonstra-

164 2333 259 2398 tionis
282 2332 321 2393 ds
351 2333 418 2394 loco
451 2329 591 2410 imaginis
621 2348 713 2410 supra
736 2348 802 2412 cap.
827 2333 885 2394 111.
909 2336 1091 2414 propositae.
1138 2337 1216 2397 Nam
1250 2335 1425 2397 destituitur
1447 2333 1524 2396 visio

164 2421 316 2484 societate
345 2420 512 2494 oculorum,
547 2418 643 2480 altaro
672 2418 768 2480 solum
798 2420 942 2485 adhibito.
990 2420 1093 2494 Quare
1125 2424 1208 2484 locus
1230 2422 1262 2483 in
1284 2422 1524 2503 perpendiculari

165 2511 255 2590 plane
279 2507 339 2570 erit
362 2507 401 2568 ab
431 2507 488 2568 hac
519 2505 666 2568 societate
695 2507 857 2570 oculorum.
904 2509 969 2588 Hic„
991 2511 1176 2591 propositum
1203 2528 1241 2570 ex
1265 2509 1295 2574 5.
1321 2519 1353 2572 et
1375 2508 1406 2572 3.
1431 2529 1523 2589 prae-

166 2599 268 2661 missis
293 2597 410 2658 evinco.
458 2593 533 2657 Cum
564 2595 643 2656 anim
675 2594 792 2658 oculum
820 2596 900 2658 inter
927 2605 960 2658 et
989 2599 1110 2676 globum
1141 2597 1240 2660 nullus
1269 2606 1408 2660 occurrat
1440 2600 1523 2659 locus

168 2685 293 2766 imagini
317 2693 425 2763 aptus,
458 2683 572 2762 primus
595 2681 703 2762 globus
727 2692 793 2758 est,
825 2685 874 2765 qui
898 2685 963 2746 luce
987 2705 1041 2748 sua
1064 2686 1181 2748 oculum
1204 2685 1334 2758 retinet,
1362 2685 1429 2747 luce
1451 2703 1523 2746 uero

168 2776 276 2836 eadem
301 2791 358 2852 qua
379 2779 411 2834 et
430 2771 530 2850 imago
553 2776 684 2834 constat
722 2768 825 2842 Quare
849 2769 948 2853 perd.
972 2775 1170 2852 praemissam
1189 2780 1220 2835 et
1243 2773 1350 2853 globus
1369 2781 1401 2834 et
1422 2772 1524 2851 imago

169 2865 278 2926 eodem
301 2859 425 2922 ridendi
449 2867 518 2921 satu
541 2858 766 2939 spectabuntur.
1297 2863 1302 2872 “

258 2948 473 3028 Propositio
497 2947 568 3010 VII.
614 2947 799 3025 imagines
828 2967 949 3011 rerum
977 2969 1040 3030 per
1068 2949 1210 3029 globum
1242 2967 1395 3030 aqueum
1423 2947 1523 3008 visa-

169 3058 243 3103 rum
262 3045 420 3116 utroque
440 3035 543 3098 oculo
563 3035 740 3097 confusae
760 3049 795 3099 et
815 3037 1027 3115 geminatae
1047 3046 1244 3119 apparent,
1269 3036 1522 3117 utplurimum.

169 3131 235 3191 Hoc
259 3123 448 3206 experientia
475 3123 679 3186 confirmatum
712 3143 861 3206 nunquam
883 3126 985 3202 fieret,
1017 3126 1044 3188 si
1068 3126 1179 3188 Portae
1207 3126 1413 3206 experimenta
1436 3123 1524 3186 modo

170 3217 307 3296 allegata
330 3212 395 3274 eine
419 3209 551 3274 ulteriori
581 3210 703 3273 cantela
734 3215 959 3298 consisterent,
985 3223 1039 3278 aut
1061 3213 1138 3276 citra
1165 3233 1281 3276 omnem
1314 3213 1524 3276 limitationem

171 3323 243 3367 uera
267 3310 352 3364 esset
372 3301 413 3374 X,
438 3296 493 3363 47.
522 3298 706 3362 Vitellionis.
750 3302 851 3364 Probo
879 3303 923 3364 sic
952 3301 1148 3382 propositum.
1194 3303 1273 3365 Nam
1301 3322 1356 3383 per
1379 3298 1409 3365 5.
1441 3301 1524 3364 locus

171 3391 312 3470 imaginis
334 3388 467 3450 usitatus
490 3407 544 3467 pro
567 3397 695 3468 utroque
718 3391 803 3452 oculo
831 3390 999 3453 adhibendo
1028 3391 1219 3471 utplurimum
1241 3391 1362 3471 ineptus
1386 3389 1523 3452 efficitur.

169 3481 250 3561 Ergo
274 3497 329 3558 per
352 3473 383 3540 6.
409 3477 532 3538 cuilibet
554 3477 639 3538 oculo
663 3475 763 3559 imago
787 3479 911 3542 haerere
934 3478 1053 3541 videtur
1076 3481 1105 3541 in
1129 3479 1285 3559 superlicio
1307 3477 1398 3557 globi.
1435 3475 1525 3547 Quod

170 3567 396 3650 sieoperflcies
426 3565 507 3645 globi
531 3573 613 3626 esset
641 3564 725 3628 locus
756 3567 896 3648 imaginis
927 3569 1058 3630 usitatus
1080 3586 1135 3648 pro
1164 3576 1290 3647 utroque
1313 3567 1399 3629 oculo
1424 3567 1472 3638 (ut
1495 3566 1524 3625 in

170 3655 322 3720 noouullis
346 3653 454 3716 mediis
477 3653 540 3714 lieri
562 3653 706 3732 possibile
731 3658 808 3730 eat),
832 3665 905 3718 tunc
928 3665 1053 3736 utroque
1082 3655 1167 3718 oculo
1191 3674 1251 3720 uns
1274 3661 1306 3716 et
1328 3655 1434 3717 eadem
1456 3671 1524 3714 oer-

171 3755 292 3810 ueretur
315 3744 424 3822 imago.
469 3743 564 3822 Atqui
587 3739 635 3804 hic
662 3743 784 3824 ponitur
812 3745 894 3807 locus
917 3745 992 3820 iste,
1016 3745 1046 3805 iu
1071 3763 1128 3824 quo
1157 3752 1282 3823 utroque
1311 3742 1396 3804 oculo
1420 3740 1526 3802 eadem

171 3837 270 3915 imago
304 3831 455 3904 cernitur,
488 3831 610 3910 propior
641 3833 720 3894 visui
752 3851 841 3914 quarn
873 3833 999 3911 globus;
1037 3850 1162 3894 necesse
1195 3839 1243 3893 est
1275 3849 1345 3906 ergo
1381 3827 1527 3908 geminari

169 3923 332 4002 imaginem
356 3928 389 3982 et
416 3918 556 3982 confundi
587 3917 698 3995 visum,
732 3931 893 4002 propterea
920 3921 990 4002 quia
1022 3921 1126 3982 eodem
1158 3918 1266 3980 iutuitu
1296 3917 1375 3986 idem
1407 3915 1526 3996 quidem

173 4013 280 4074 ιὴιιιιιι
306 4009 420 4070 directe
444 4007 556 4082 cernit,
581 4014 615 4068 at
637 4008 725 4070 simul
755 4010 860 4072 eadem
884 4011 950 4072 luce
974 4029 1033 4091 qua
1061 4009 1172 4070 vitrum
1196 4007 1291 4068 ceruit
1313 4014 1345 4066 et
1367 4004 1526 4082 imaginem

171 4101 266 4163 altero
291 4097 379 4160 oculo
403 4095 528 4169 directe,
553 4095 650 4158 altero
674 4097 833 4170 indirecto.
880 4099 915 4160 In
940 4099 1093 4160 schemate
1118 4092 1173 4171 76,
1199 4113 1265 4156 curn
1287 4093 1317 4154 D
1340 4094 1423 4155 locus
1446 4092 1525 4152 ima·

171 4188 247 4268 ginis
270 4185 377 4267 puncti
399 4185 430 4245 A
452 4203 521 4245 esse
549 4183 700 4261 debuerit,
730 4194 856 4268 utroque
884 4186 970 4249 oculo
993 4187 1033 4261 B,
1059 4184 1084 4247 0
1108 4189 1280 4264 spectante,
1308 4199 1404 4261 neque
1428 4179 1528 4260 possit

170 4277 219 4357 ligi
241 4277 328 4340 uisus
352 4273 383 4336 in
397 4271 436 4346 D,
462 4271 532 4352 quia
551 4271 607 4333 ΡΗ
630 4291 679 4335 res
704 4283 752 4336 est
775 4276 962 4338 evidentior:
987 4273 1099 4336 accidit
1122 4273 1221 4351 igitur,
1246 4277 1280 4331 ut
1302 4268 1368 4330 visu
1391 4267 1422 4329 in
1446 4268 1526 4329 alte-

171 4385 233 4428 rruu
265 4359 462 4427 retractionis
491 4363 683 4440 punctumF
712 4364 875 4439 translato,
910 4363 996 4425 lineis
1021 4359 1086 4434 OF,
1109 4361 1163 4422 BF
1191 4358 1329 4420 videatur
1361 4355 1528 4436 quidemF

172 4461 313 4534 punctum
336 4449 482 4530 legitime,
507 4449 562 4510 sed
586 4449 701 4512 duabus
726 4452 856 4527 lucibus,
881 4452 979 4513 altera
1001 4469 1039 4512 ex
1060 4450 1106 4522 A,
1130 4447 1217 4510 lineis
1241 4444 1309 4520 ΑΕ,
1333 4445 1394 4519 EF,
1419 4442 1471 4506 FO
1497 4443 1527 4504 in
1601 4499 1603 4504 .

173 4541 355 4614 (loculum,
391 4538 490 4600 altera
521 4537 609 4599 lineis
637 4538 709 4615 LK,
734 4541 803 4616 ΚΕ,
827 4541 879 4603 FB
909 4539 989 4609 inB
1017 4537 1135 4598 oculum
1166 4533 1315 4597 veniente.
1361 4533 1528 4611 Propterea

173 4633 263 4708 runs,
297 4630 438 4693 insuetus
461 4626 538 4688 duas
562 4624 701 4689 diversas
723 4647 774 4689 rsa
797 4630 836 4704 A,
860 4629 887 4689 L
910 4627 1025 4688 directe
1053 4626 1122 4704 (per
1149 4620 1376 4695 refractionem)
1408 4619 1528 4694 intueri,

171 4720 283 4784 directo
311 4726 442 4796 utroque
466 4715 551 4776 oculo
575 4714 604 4774 in
634 4723 776 4794 puuctum
800 4718 838 4784 F,
862 4715 1044 4778 cemidoatur
1066 4711 1184 4792 quidem
1208 4711 1245 4772 de
1268 4711 1310 4784 F,
1340 4708 1530 4772 confunditur

169 4825 239 4872 vero
262 4809 347 4872 eirca
370 4803 411 4878 A,
437 4802 465 4864 L
492 4801 651 4882 imagines.
697 4803 776 4868 Nam
805 4810 944 4866 mouente
973 4803 1018 4863 sic
1046 4800 1112 4860 visu
1139 4807 1172 4860 st
1198 4799 1313 4862 directo
1341 4800 1426 4876 qeulo
1449 4798 1475 4859 B
1500 4797 1528 4858 in

245 4907 471 4964 ιηιπιορηιιι.
615 4879 638 4918 ⁰
1283 4900 1317 4954 tt
