3674 5538
299 223 361 298 86
766 231 956 299 Paralipomena
976 235 1002 285 iu
1023 231 1189 286 Vitelliouem.

386 413 477 496 Prop.
511 414 630 478 XVlll.
685 412 763 473 Lux
800 409 834 472 iu
873 411 1118 491 superficiem
1156 411 1296 490 illapsa
1332 411 1584 488 repercutitur
1616 413 1650 477 iu

296 502 440 582 plagam
465 503 673 588 oppositam
697 500 791 561 uude
816 500 974 563 advenit.
1013 501 1093 562 Nam
1116 501 1247 564 tributus
1271 509 1319 562 est
1342 499 1400 562 luci
1423 509 1523 564 motus
1546 521 1600 580 per
1622 503 1650 579 1,

299 601 447 671 quercet
478 592 596 672 species
626 596 738 662 motus,
772 587 876 668 pulsus
909 608 1026 668 nempe.
1073 587 1161 660 Quod
1192 589 1269 650 enim
1293 597 1342 651 est
1364 588 1393 650 in
1418 597 1500 652 motu
1523 591 1651 674 physico

297 679 422 742 durities
446 678 684 760 confligentium,
710 696 786 757 quae
810 677 951 740 consistit
974 679 1002 740 iu
1026 677 1234 758 permanentia
1257 676 1494 759 superficierum,
1523 680 1579 743 hoc
1603 690 1651 744 est

296 768 326 830 in
351 770 416 830 luce
449 771 529 831 nuda
559 765 731 847 superficies
764 786 817 828 seu
849 768 1019 830 terminatio
1047 769 1095 830 vel
1129 768 1268 847 figuratio
1300 785 1466 847 corporum.
1512 767 1558 830 Eo
1583 769 1650 850 ipso

298 857 391 930 enirn,
425 858 502 937 quod
535 875 661 937 corpora
692 854 819 938 physica
851 857 1013 920 terminata
1043 865 1074 918 et
1107 855 1175 936 ipsa
1208 865 1293 926 sunt.
1326 857 1401 918 dura
1433 856 1650 938 intelliguntur.

298 945 402 1008 Mollia
426 965 496 1008 vero
521 954 552 1007 et
576 944 699 1008 humida
722 945 881 1024 negatione
905 945 1024 1008 termini
1048 946 1159 1026 proprii
1183 945 1371 1008 deliniuntur.

388 1033 450 1096 Gur
473 1045 572 1098 autem
598 1044 630 1096 et
652 1033 680 1096 in
710 1044 793 1098 motu
820 1034 944 1118 physico
969 1044 1001 1097 et
1024 1035 1053 1096 in
1078 1035 1143 1097 lnce
1172 1035 1291 1098 accidat
1317 1052 1526 1113 repercussus,
1558 1054 1651 1098 causa

297 1131 345 1184 est
368 1122 397 1184 iu
422 1130 520 1186 motus
543 1123 699 1186 violentia.
738 1121 814 1186 Cum
833 1143 904 1204 ergo
923 1124 969 1185 vis
993 1142 1116 1186 movens
1135 1143 1193 1186 nou
1217 1124 1312 1186 omnis
1333 1143 1351 1184 a
1370 1123 1511 1186 conflictu
1535 1124 1649 1188 aboleri

297 1220 409 1292 potest,
434 1213 590 1293 superabit
620 1213 723 1292 itaque
739 1221 846 1274 motus
880 1213 1038 1274 terminum
1068 1233 1141 1274 suae
1158 1213 1279 1286 -lineae,
1311 1211 1497 1292 superficiem
1521 1213 1648 1277 scilicet.

298 1305 341 1364 At
366 1319 421 1363 nour
445 1311 549 1379 potest
573 1303 601 1362 iu
635 1300 799 1363 directum:
834 1302 957 1364 obsistit
980 1301 1057 1364 enim
1081 1301 1141 1364 illic
1174 1321 1282 1382 corpus
1306 1299 1436 1382 corpori,
1470 1301 1518 1364 hio
1541 1321 1649 1383 super·

297 1389 379 1451 ficies
403 1390 582 1470 superficiei,
612 1388 674 1452 illio
697 1389 725 1452 in
751 1389 892 1466 solidum,
917 1391 966 1454 hic
989 1408 1027 1451 ex
1051 1401 1153 1471 parte,
1185 1401 1218 1454 ut
1246 1391 1410 1454 audiemus.
1457 1390 1650 1473 Relinquitur

298 1477 391 1558 igitur
414 1487 447 1541 ut
470 1479 500 1540 in
526 1479 706 1560 oppositum.
755 1477 937 1542 Concinnius
962 1479 1023 1542 ista
1051 1481 1181 1544 fortasse
1209 1481 1271 1544 sic:
1305 1480 1409 1562 pulsus
1438 1487 1487 1542 est
1515 1482 1594 1544 actio
1619 1490 1651 1542 et

298 1568 375 1629 inter
400 1569 570 1644 contraria;
595 1569 649 1631 sed
673 1587 740 1630 cum
765 1570 882 1632 actione
907 1577 956 1643 εει
977 1577 1082 1632 mutua
1104 1569 1226 1652 passio:
1252 1587 1323 1648 ergo
1343 1577 1375 1630 et
1391 1569 1420 1630 iu
1435 1570 1530 1650 pulsu.
1571 1570 1650 1632 Per·

297 1656 395 1718 oossui
421 1675 505 1732 vero,
536 1678 595 1738 qua
619 1659 669 1738 lux
693 1657 763 1720 ferit
792 1658 979 1738 superficiem
1003 1677 1041 1720 err
1063 1678 1122 1720 uua
1145 1660 1249 1739 plaga,
1281 1658 1449 1734 contrarius
1473 1666 1521 1722 est
1543 1677 1649 1740 reper-

299 1764 404 1806 cussus
428 1746 458 1808 iu
482 1756 599 1825 partem
633 1746 770 1809 alteram.
818 1747 925 1810 Virtus
949 1747 1042 1823 euim,
1076 1757 1108 1810 et
1131 1768 1206 1829 quae
1239 1747 1347 1811 mobile
1379 1748 1497 1828 appulit
1520 1758 1552 1810 et
1574 1765 1651 1828 quae

298 1833 337 1894 ab
361 1835 499 1914 opposito
524 1836 650 1915 repellit
677 1836 782 1898 eadem
806 1845 863 1910 est,
889 1837 957 1916 qnia
980 1836 1009 1897 iu
1033 1843 1143 1916 puncto
1167 1837 1297 1900 inflictus
1320 1836 1537 1900 consideratur.

387 1923 477 2004 Prop.
502 1923 591 1988 XIX.
638 1924 897 2006 Reperoussus
930 1925 976 1987 fit
1009 1925 1051 1988 ad
1085 1927 1264 2006 aequales
1294 1926 1465 2004 angulos,
1493 1934 1530 1988 et
1562 1927 1650 2007 ejus,

298 2011 390 2092 quod
415 2012 560 2093 oblique
584 2012 734 2084 incidit,
760 2014 805 2076 ad
830 2014 1118 2078 latusalterum.
1149 2015 1209 2076 Est
1227 2015 1267 2090 V,
1286 2013 1336 2078 10.
1358 2014 1542 2078 Vitellionis.
1571 2016 1651 2079 Nasu

296 2100 393 2162 virtus
418 2101 553 2181 aequalis
577 2103 733 2183 aequalem
757 2103 848 2166 etiarn
872 2113 983 2166 motum
1007 2103 1230 2184 praesupponit.
1270 2103 1377 2165 Virtus
1397 2122 1467 2166 vero
1487 2104 1516 2165 in
1541 2113 1652 2185 puncto

297 2190 454 2252 conflictus
487 2209 545 2252 uua
577 2199 626 2252 est
653 2200 684 2253 et
716 2192 840 2266 eadem;
874 2201 974 2254 motus
1007 2211 1079 2272 ergo
1112 2183 1204 2254 etiam
1237 2191 1381 2272 aequalis.
1438 2191 1500 2264 Sed
1533 2192 1583 2272 qni
1612 2194 1651 2254 ad

298 2277 425 2356 angulos
448 2279 606 2361 aequales,
631 2289 679 2341 est
707 2281 851 2361 aequalis.
899 2281 949 2342 Ad
977 2282 1103 2361 angulos
1131 2281 1222 2362 igitur
1245 2281 1388 2362 aequales
1412 2281 1470 2344 erit
1497 2280 1652 2344 mobilium

296 2384 502 2446 repercussus.
550 2367 625 2430 Dico
650 2377 682 2431 et
704 2370 734 2430 iu
759 2370 839 2432 latus
863 2371 1000 2444 alterum,
1026 2371 1065 2432 ab
1089 2390 1123 2432 eo
1148 2369 1224 2432 unde
1248 2376 1315 2432 erat
1343 2370 1453 2432 mobile
1476 2370 1650 2451 impactum,

297 2454 322 2517 si
347 2455 404 2518 lroc
428 2475 482 2518 usu
506 2456 599 2518 venit.
648 2455 682 2520 Si
707 2458 785 2520 enim
818 2479 935 2540 semper
967 2466 1207 2539 repercuteretur
1231 2459 1310 2521 linea
1342 2460 1463 2534 eadem,
1498 2467 1652 2539 oporteret

297 2564 416 2625 semper
440 2545 553 2608 directe
578 2565 646 2608 esse
669 2546 817 2628 allapsum
839 2567 893 2628 per
916 2545 965 2612 18.
991 2548 1233 2628 praecedentem.
1263 2549 1308 2610 Αι
1330 2557 1364 2610 ut
1387 2547 1545 2627 plurimum
1570 2549 1651 2611 obli-

297 2653 354 2714 que
382 2632 531 2709 illabitur,
565 2653 656 2714 quare
687 2645 758 2698 tuuc
787 2636 878 2700 etiam
907 2639 1000 2718 plaga
1027 2637 1105 2700 unde
1136 2637 1260 2700 advenit
1292 2637 1459 2718 superficiei
1492 2637 1653 2717 opponitur

297 2722 417 2804 oblique
441 2731 473 2784 et
495 2742 553 2786 non
578 2724 712 2798 directe;
736 2741 931 2805 repercussus
956 2725 1047 2806 igitur
1071 2725 1162 2788 etiam
1180 2727 1208 2787 in
1233 2727 1353 2806 plagam
1377 2725 1549 2806 oppositam
1573 2725 1652 2788 obli-

297 2830 369 2891 que,
399 2831 458 2874 uon
482 2813 606 2876 directe.
655 2815 713 2876 Vel
738 2815 865 2878 clarius:
901 2834 969 2878 cum
993 2813 1062 2894 quid
1095 2814 1214 2895 oblique
1245 2825 1381 2879 movetur
1404 2833 1508 2878 versus
1542 2833 1651 2895 super·

297 2899 407 2974 ficiem,
433 2909 530 2963 motus
554 2900 580 2962 is
611 2903 799 2983 componitur
822 2924 859 2966 ex
882 2903 1121 2984 perpendiculari
1145 2912 1178 2965 et
1204 2904 1351 2984 parallelo
1382 2903 1558 2982 superficiei.
1606 2906 1653 2967 Ar

298 2989 470 3069 superficies
495 2997 611 3052 tantum
636 2991 665 3054 ei
686 2991 767 3071 parti
791 2993 931 3071 objicitur
955 3011 1031 3073 quae
1055 3002 1104 3054 εει
1127 2993 1156 3054 in
1181 3013 1214 3055 so
1242 2992 1516 3074 perpendicularis,
1540 3012 1599 3056 uon
1624 2993 1652 3055 oi

298 3097 375 3156 quae
399 3085 446 3140 est
469 3077 527 3140 sibi
552 3080 726 3159 parallelos.
774 3080 875 3153 Quare
900 3101 954 3144 uec
987 3081 1113 3161 impedit
1144 3091 1262 3163 partem
1290 3081 1347 3144 sibi
1379 3082 1563 3163 parallelon,
1597 3081 1651 3144 sed

541 3185 594 3250 mg.
618 3183 661 3235 ³9.
911 3169 1025 3250 patitur
1048 3172 1157 3234 mobile
1181 3171 1342 3234 resiliendo
1365 3189 1489 3251 pergere
1514 3171 1553 3232 ad
1576 3189 1650 3250 par-

914 3268 975 3320 tem
999 3258 1141 3334 alteram,
1167 3259 1246 3323 sicut
1268 3261 1443 3322 advenerat.
1490 3257 1540 3323 sit
1569 3257 1654 3322 CDF

837 3372 841 3397 ι
914 3338 1104 3428 superficies,
1129 3348 1184 3411 BD
1214 3356 1314 3412 motus
1337 3348 1432 3422 lucis;
1463 3348 1654 3412 continuetur

881 3436 1072 3520 1131)qu
1097 3457 1203 3500 secans
1229 3437 1311 3502 CDF
1339 3438 1369 3498 in
1392 3438 1421 3499 D
1446 3446 1478 3500 et
1505 3437 1547 3500 sit
1569 3435 1652 3499 CDE

914 3527 1049 3606 aequalis
1074 3525 1177 3600 ODA;
1202 3546 1268 3590 eum
1292 3545 1363 3606 ergo
1391 3535 1521 3608 ponatur
1544 3543 1651 3606 super-

912 3615 994 3678 ficies
1010 3614 1065 3679 cl)
1081 3635 1139 3678 non
1159 3615 1302 3696 impedire
1326 3615 1478 3678 mourulB
1499 3615 1527 3676 in
1549 3623 1653 3694 partes

913 3723 931 3763 a
954 3705 979 3766 B
1004 3724 1108 3768 versus
1132 3705 1204 3778 ΑΕ,
1232 3724 1290 3767 non
1315 3723 1386 3784 ergo
1415 3704 1546 3768 variabit
1569 3703 1652 3766 CDE

912 3795 1063 3872 angulum.
1111 3795 1190 3857 Nem
1219 3794 1278 3856 nisi
1308 3794 1334 3856 B
1364 3793 1394 3856 iu
1418 3793 1447 3856 D
1477 3801 1652 3873 repercute-

910 3891 1008 3956 retur,
1046 3883 1162 3946 faceret
1198 3880 1281 3946 CDE
1319 3882 1461 3962 angulum
1497 3881 1652 3962 aequalem

910 3971 967 4052 ipsi
999 3972 1082 4033 BDF
1113 3972 1183 4052 quia
1216 3979 1301 4033 recta
1334 3979 1417 4034 esset
1448 3971 1530 4034 linea
1559 3969 1652 4032 BDE.

910 4062 956 4124 At
979 4079 1036 4122 nou
1062 4060 1227 4142 impediens
1252 4058 1335 4123 GDE
1367 4061 1521 4140 angulum,
1547 4078 1652 4139 reper-

300 4149 378 4212 cutit
401 4157 501 4210 tamen
526 4145 551 4206 Β
576 4145 604 4206 in
629 4155 732 4227 partes
756 4151 825 4212 BA.
871 4140 958 4230 Ergo
989 4149 1181 4232 quantumB
1212 4169 1270 4211 non
1304 4167 1511 4230 repercussum
1544 4148 1654 4210 fuisset

298 4255 508 4302 concessurum
534 4234 561 4294 in
587 4242 692 4314 partes
716 4258 735 4299 a
758 4237 783 4300 B
807 4258 912 4300 versus
936 4238 1002 4312 ΑΕ,
1028 4245 1145 4300 tautum
1169 4238 1273 4300 eodem
1303 4238 1442 4300 coneedit
1465 4238 1522 4299 etsi
1547 4255 1653 4317 reper-

298 4329 451 4401 cutiatur3
475 4343 533 4386 uon
559 4332 659 4386 autem
682 4325 711 4386 in
735 4327 762 4388 Ε
785 4327 856 4408 quia
879 4327 1097 4405 repercutitur;
1127 4347 1198 4406 ergo
1223 4327 1251 4388 in
1276 4327 1321 4401 A,
1346 4335 1380 4389 ut
1403 4325 1487 4388 ODE
1510 4336 1542 4388 et
1566 4324 1652 4389 CDA

299 4415 361 4477 sint
383 4415 543 4496 aequales,
577 4414 631 4474 sed
655 4421 687 4474 ει
710 4416 811 4492 BDF,
847 4414 929 4478 CDE
961 4417 1059 4479 forent
1092 4415 1234 4498 aequales
1259 4416 1323 4478 sine
1352 4433 1550 4496 repercussu;
1582 4433 1652 4496 ergo

298 4503 381 4566 Bne
404 4501 585 4565 incidentiae
609 4509 641 4563 et
663 4501 750 4566 ADO
776 4505 947 4567 reflexiouis
972 4505 1073 4585 anguli
1097 4517 1169 4567 snut
1192 4504 1344 4586 aequales.

389 4592 478 4672 Prop.
516 4591 586 4654 XX.
646 4592 727 4654 Lux
764 4593 799 4656 iu
840 4595 1080 4674 superficiem
1118 4593 1230 4656 medii
1268 4592 1454 4656 densioris
1498 4593 1653 4674 obliqua

299 4677 438 4757 illapsa
459 4679 687 4758 refringitur
710 4682 752 4743 ad
777 4683 1126 4765 perpendicularem
1151 4683 1390 4762 superficiei.
1428 4681 1508 4744 Nam
1526 4701 1579 4762 per
1603 4677 1652 4744 14.

300 4775 332 4830 ot
350 4765 399 4829 16.
424 4768 474 4830 lux
497 4766 545 4830 hic
568 4770 661 4831 motui
684 4791 738 4832 suo
762 4770 923 4841 contraria,
947 4772 1044 4870 medio
1068 4772 1179 4834 similia
1201 4772 1327 4851 patitur.
1364 4773 1409 4834 At
1431 4780 1531 4834 notus
1556 4773 1651 4838 lucem
