3566 5536
307 281 375 350 636
790 283 829 334 Da
848 281 928 334 Stella
943 279 1016 334 Nora
1033 281 1185 348 Sarpentartt

306 463 417 528 marino
441 468 512 524 ante
527 461 623 524 lucem
647 467 830 541 susceptam,
853 461 883 524 id
897 459 1037 524 Fabricio
1060 459 1202 539 theologo
1226 457 1394 538 ceterisque
1411 457 1551 540 phynicia
1571 457 1668 521 reflu-

252 597 253 602 .
306 560 404 635 qnuot
425 551 660 634 expendendum.
707 549 773 630 Ego
801 551 916 630 pridem
944 552 1023 613 hanc
1053 548 1209 630 physicam
1232 567 1271 609 ex
1294 547 1480 609 asuouomia
1509 545 1669 626 ingressus

305 639 555 721 disquisitionem,
581 648 708 718 quatuor
730 639 861 702 Fabricii
885 641 1026 714 rationes,
1052 638 1158 720 quibus
1181 655 1291 716 eorpus
1313 635 1420 697 sideris
1444 637 1573 714 probare
1596 637 1667 698 vult

306 747 424 809 semper
448 727 821 806 exstitisse,'expendam.
874 729 974 790 Primo
1004 729 1120 789 Lunam
1158 725 1203 788 ait
1229 745 1321 804 saepe
1346 724 1510 804 exstingui,
1543 733 1668 786 retento

306 835 454 897 corpore;
488 817 544 879 hoc
568 815 648 878 idem
671 833 744 895 ergo
767 824 799 879 et
822 817 859 877 de
883 817 1014 878 insolitis
1037 815 1134 878 stellis
1159 814 1310 877 credibile.
1348 814 1437 892 Nego
1459 814 1514 876 tibi
1533 813 1669 888 Fabrici,

305 904 596 969 verisimilitudinem
616 905 730 968 abhoc
754 907 890 986 exemplo
914 905 1017 986 seqni3
1041 904 1229 986 possibilitas
1243 903 1287 964 rei
1307 903 1492 964 solummodo
1515 903 1666 983 sequitur,

305 996 333 1058 si
355 995 474 1056 aliunde
508 994 699 1072 conjecturae
732 1000 909 1075 suppetant,
944 1013 1020 1074 qnae
1044 1013 1106 1057 rem
1133 993 1229 1072 ipsam
1262 992 1420 1053 suadeant.
1468 991 1537 1052 Non
1570 991 1668 1071 igitur

306 1091 513 1164 argumentum
536 1083 637 1157 affers,
661 1083 716 1144 sed
734 1083 904 1162 scrupulum
927 1083 1020 1159 tollis,
1043 1083 1070 1144 si
1090 1099 1165 1162 qnae
1187 1082 1264 1142 torte
1283 1087 1461 1160 argumenta
1479 1091 1668 1160 sequantur:

212 1193 218 1210 ·
306 1173 352 1234 sin
376 1171 489 1244 minus,
519 1191 557 1233 na
580 1171 737 1252 scrupulus
762 1173 880 1252 quidem
904 1172 977 1246 erit;
1010 1171 1158 1233 neminem
1183 1170 1261 1230 enim
1290 1169 1447 1248 scrupulus
1470 1177 1573 1248 urget,
1606 1167 1670 1230 nisi

304 1261 483 1324 calceatum.
531 1260 670 1322 Alterum
694 1268 900 1339 argumentum
924 1259 1007 1323 ducit
1030 1281 1049 1321 a
1071 1266 1153 1321 ructu
1182 1267 1384 1320 cometarum:
1413 1257 1444 1320 in
1469 1275 1528 1338 quo
1551 1257 1669 1318 nobili-

305 1351 381 1412 tatis
405 1347 517 1430 aliquid
540 1348 656 1410 invenit
679 1349 777 1410 simile
806 1349 953 1429 planetis
968 1347 1166 1430 perennibus,
1194 1356 1230 1409 ut
1252 1355 1300 1408 est
1322 1347 1436 1419 statio,
1464 1355 1669 1419 retrocesans,

305 1440 432 1502 intentio
457 1447 489 1500 et
516 1437 651 1500 remissio
684 1445 794 1499 motus.
841 1439 948 1518 Itaque
980 1445 1070 1518 putat
1099 1444 1131 1497 et
1162 1455 1289 1517 corpora
1320 1442 1505 1497 cometarum
1536 1443 1667 1516 propter

304 1528 382 1589 hanc
406 1526 595 1589 divinitatem
619 1544 686 1586 esse
709 1527 862 1608 perennia,
888 1546 943 1588 nec
967 1545 1032 1588 cum
1057 1527 1171 1606 fulgore
1191 1545 1244 1586 suo
1269 1523 1419 1588 exstincto
1442 1524 1547 1585 atatim
1571 1523 1667 1584 anni·

303 1615 403 1678 hilari.
451 1612 567 1684 Quodsi
590 1622 726 1678 cometae
750 1615 843 1686 tales,
875 1634 1000 1696 pronum
1023 1615 1117 1694 igitur
1139 1614 1277 1685 credere,
1311 1619 1342 1673 et
1365 1630 1445 1674 nova
1466 1611 1569 1674 sidera
1592 1629 1666 1672 esse

305 1705 390 1767 talia.
428 1704 622 1767 Umbrenus
646 1704 718 1766 feris
742 1724 759 1766 o
779 1703 907 1779 Fabrici,
933 1712 967 1765 ut
989 1704 1026 1765 in.
1042 1703 1223 1764 sententiam
1248 1709 1331 1763 tuam
1356 1701 1399 1762 ire
1421 1719 1525 1780 cogas,
1548 1699 1668 1780 pavida

305 1811 425 1874 pecora.
473 1793 553 1855 Nam
577 1792 647 1872 quid
670 1793 763 1854 motui
787 1800 971 1855 cometamm
994 1811 1060 1855 cnm
1084 1791 1294 1853 immobilitate
1318 1790 1406 1870 hujus
1430 1791 1536 1851 Novae
1559 1789 1667 1852 lixae?

305 1881 340 1944 Si
364 1901 403 1943 ex
424 1889 508 1943 motu
541 1887 724 1945 cometarum
755 1882 964 1951 divinitatem,
996 1901 1034 1943 ex
1057 1882 1114 1942 hac
1136 1879 1357 1961 perennitatem
1390 1879 1523 1941 astruis:
1558 1887 1668 1940 uestro

304 1969 399 2050 igitur
421 1971 512 2032 sideri
536 1977 648 2032 motum
672 1970 816 2045 adimens,
843 1971 1032 2033 divinitatem
1056 1971 1147 2032 etiam
1171 1977 1202 2030 et
1225 1988 1285 2030 una
1307 1969 1550 2049 perpetuitatem,
1574 1985 1669 2047 mam

305 2067 441 2122 astruere
464 2059 614 2131 volueras,
638 2059 782 2138 eripuisti.
829 2059 961 2135 Deinde,
986 2077 1061 2142 quos
1084 2066 1117 2120 tu
1140 2063 1328 2120 retrocessus
1357 2056 1516 2118 admiraris
1538 2057 1570 2117 iu
1593 2057 1667 2136 pla-

304 2147 384 2210 netis
410 2165 543 2228 quasque
567 2145 716 2209 stationes
740 2154 772 2209 et
795 2166 870 2227 quas
898 2156 1031 2210 motuum
1059 2146 1314 2228 inaequalitates:
1347 2164 1401 2207 eae
1424 2146 1574 2206 hactenus
1597 2153 1668 2206 tor-

305 2243 410 2298 serant
431 2235 573 2317 physicos
593 2236 661 2314 jure
685 2237 801 2308 merito,
825 2244 927 2299 utres
950 2235 1180 2317 trajectionibus
1199 2235 1312 2296 nostris
1335 2234 1547 2296 sublunaribna
1572 2233 1667 2295 fami-

304 2325 406 2400 liares,
431 2324 540 2386 diuinis
560 2323 619 2386 illis
638 2331 671 2386 et
683 2325 864 2405 perennibus
888 2327 1061 2405 corporibus
1083 2325 1274 2404 planetarum
1297 2341 1402 2403 parum
1417 2332 1519 2402 aptae.
1552 2323 1667 2403 Itaque

304 2413 419 2476 inventi
441 2419 513 2476 sunt
536 2410 720 2494 Gopernicus
743 2431 782 2475 ex
804 2414 1010 2477 vetustissimo
1034 2413 1213 2476 Aristarcho
1238 2431 1341 2488 novus,
1367 2420 1399 2473 et
1422 2412 1525 2494 Tyoho
1549 2411 1667 2480 Brahe,

305 2501 354 2582 qni
377 2502 551 2565 turbulenta
576 2502 637 2565 ista
659 2521 675 2563 e
699 2503 782 2563 coelo
806 2511 963 2566 tentarent
985 2503 1112 2566 tollere:
1142 2501 1220 2582 quod
1245 2499 1417 2564 felicissime
1446 2500 1567 2581 quidem
1590 2519 1667 2562 suc-

305 2591 407 2654 cessit.
454 2592 562 2671 Itaque
584 2608 639 2672 per
661 2590 802 2672 planetas
830 2593 949 2674 quidem
976 2591 1062 2654 nobis
1085 2599 1134 2653 est
1163 2591 1325 2670 integrum,
1356 2596 1492 2652 cometae
1512 2597 1584 2651 tuoe
1607 2588 1668 2650 sub

303 2679 422 2742 Lunam
445 2680 604 2743 detmdere
629 2687 661 2741 ot
684 2679 845 2742 mutationi
873 2679 1020 2762 subjicere
1054 2681 1159 2742 eodem
1191 2685 1381 2758 argumento,
1416 2697 1473 2759 qno
1497 2684 1531 2739 tu
1555 2678 1668 2740 eadem

304 2767 412 2831 niteris
434 2769 610 2831 aeternitati
633 2786 830 2831 consecrare:
859 2769 917 2831 nisi
940 2770 1032 2832 etiam
1055 2770 1092 2830 ab
1116 2767 1163 2830 his
1186 2767 1293 2829 eadem
1321 2767 1504 2830 dexteritate
1527 2767 1667 2848 phanta-

304 2857 368 2919 siae
396 2857 472 2920 istae
505 2857 669 2920 stationum
692 2867 725 2920 et
751 2858 1044 2936 retrogradationum
1076 2857 1257 2932 abstuleris,
1288 2875 1413 2938 eumque
1445 2864 1580 2930 motum,
1616 2854 1669 2936 qni

304 2945 487 3024 superfuerit
519 2945 592 3027 ipsis
625 2946 751 3008 cometis
780 2965 834 3026 per
861 2965 928 3008 sese
962 2947 1136 3009 enucleatus
1160 2946 1198 3008 ah
1227 2945 1284 3007 hac
1309 2945 1506 3028 apparentia,
1541 2945 1669 3025 penitus

308 3033 484 3097 circularem
508 3035 749 3116 deprehenderis.

393 3124 439 3184 et
471 3124 605 3185 liberabo
638 3130 668 3185 te
700 3123 812 3187 labore.
859 3123 989 3184 Tentavi
1021 3141 1084 3186 rem
1116 3121 1182 3202 ipse
1215 3138 1347 3202 quoque,
1383 3130 1416 3183 nt
1447 3119 1534 3182 vides
1563 3139 1612 3182 me
1638 3120 1669 3182 in

305 3208 425 3290 Optiois
447 3213 627 3293 professum.
674 3213 779 3293 Itaque
803 3220 917 3274 remoto
940 3212 992 3274 illo
1016 3219 1112 3285 motu,
1139 3210 1188 3291 qui
1211 3210 1338 3272 cometis
1369 3208 1603 3286 conciliabatur,
1627 3210 1668 3270 oh

305 3297 456 3380 Tychonie
487 3309 519 3362 et
547 3298 706 3380 Copernici
738 3301 842 3364 orbem
871 3319 1018 3377 annuum,
1051 3299 1277 3381 relinquebatur
1308 3317 1367 3360 non
1400 3299 1572 3373 circularis,
1609 3298 1666 3359 sed

305 3385 424 3448 omnino
453 3397 554 3452 rectus
583 3397 617 3451 ut
644 3390 805 3470 plurimum
829 3398 860 3453 et
887 3390 1100 3470 trajectionum
1124 3389 1291 3450 simillimus
1324 3395 1434 3449 motus.
1481 3387 1550 3450 Nisi
1582 3387 1666 3468 quod

306 3475 386 3538 idem
409 3493 464 3556 per
487 3478 575 3557 plura
600 3478 701 3540 media
728 3478 790 3558 lieri
818 3485 941 3558 potest:
970 3479 1048 3540 nude
1071 3477 1208 3540 Brahens
1231 3484 1264 3538 et
1285 3476 1470 3539 Maestlinus
1491 3476 1522 3538 in
1546 3483 1670 3538 cometa

304 3565 376 3630 anni
405 3563 501 3630 1577.
526 3567 618 3628 etiam
642 3565 771 3628 circulos
794 3567 1002 3630 diversissima
1026 3567 1144 3648 quidem
1167 3566 1284 3628 ratione
1307 3565 1527 3645 excogitarunt
1563 3563 1669 3644 Atque

305 3672 372 3735 eqo,
398 3655 456 3718 uisi
480 3655 542 3717 alia
565 3654 706 3717 haberem
731 3664 924 3736 argumenta,
947 3656 1053 3736 quibua
1077 3655 1203 3718 cometis
1226 3655 1341 3717 coelum
1365 3654 1502 3734 assigno,
1531 3673 1589 3736 per
1609 3654 1670 3716 hoc

305 3751 389 3806 tuum
420 3751 628 3825 argumentum
657 3744 727 3806 illos
758 3745 847 3806 facile
880 3744 936 3806 sub
965 3745 1053 3806 Luna
1084 3744 1231 3807 diversari
1262 3751 1393 3824 paterer.
1449 3743 1534 3806 Haec
1564 3744 1669 3824 itaquo

304 3832 441 3919 secunda
460 3831 690 3895 verisimilitudo
714 3832 768 3895 tibi
793 3833 900 3897 recidit
922 3831 952 3894 in
977 3833 1170 3897 contrarium.

394 3921 530 3983 Tertiam
544 3921 701 3984 Fabricius
725 3922 839 3984 indicat
861 3923 1073 4003 conjecturam,
1099 3923 1177 4003 qnod
1192 3920 1293 3984 hiatus
1317 3919 1499 3982 successerit
1520 3918 1669 3982 inlocum

303 4008 373 4072 novi
406 4009 535 4084 sideris,
566 4011 645 4090 quod
675 4011 833 4074 effulserat
860 4030 938 4074 anno
974 4009 1066 4076 1572.
1100 4010 1341 4090 exstinctumque
1372 4017 1421 4071 est
1456 4026 1534 4070 anno
1570 4005 1668 4072 1574.

304 4097 425 4160 Braheo
444 4105 525 4162 testo
545 4099 596 4160 iol.
614 4095 677 4163 795
702 4107 1007 4183 progymnasmatum.
1044 4101 1131 4162 Hunc
1150 4101 1265 4161 hiatum
1280 4095 1436 4160 Fabricius
1460 4102 1551 4177 putat
1569 4097 1670 4176 ipsum

305 4186 415 4249 stellas
439 4204 562 4267 corpus,
594 4188 756 4268 spoliatum
781 4189 901 4250 lumine.
948 4186 984 4250 Si
1006 4189 1064 4250 hoc
1087 4187 1215 4251 credidit
1237 4186 1411 4261 Fabricius,
1443 4185 1559 4248 hiatum
1581 4184 1670 4247 iilum

304 4291 372 4336 esse
398 4293 505 4354 corpus
528 4276 658 4337 stellas:
678 4277 794 4356 justam
820 4279 918 4339 fateor
940 4276 1227 4339 habuisseoausam
1251 4274 1398 4338 condendi
1419 4274 1489 4336 novi
1513 4273 1669 4354 dogmatis

303 4379 358 4442 per
380 4381 413 4424 se
438 4363 556 4443 quidem
579 4363 723 4426 informis.
769 4363 845 4436 Quis
870 4364 948 4426 enim
972 4365 1066 4426 oculis
1095 4365 1298 4446 obloquatur?
1331 4363 1375 4425 At
1398 4381 1502 4444 spero,
1532 4381 1579 4424 me
1602 4365 1668 4426 Fa-

189 4533 191 4540 ,
304 4449 398 4513 bricio
421 4451 577 4530 ingenioso
601 4452 714 4515 homini
738 4461 909 4535 erepturum
937 4453 1027 4515 istam
1054 4454 1290 4534 persuasionem.
1335 4452 1471 4515 Primum
1493 4451 1578 4514 addit
1601 4452 1668 4532 ipse
1781 4503 1782 4544 p

305 4539 504 4616 quantitatem
529 4539 597 4614 loci,
631 4542 787 4621 aequalem
810 4543 915 4604 Lunae
939 4541 1134 4622 semiplenae.
1181 4541 1280 4605 Stella
1307 4560 1378 4604 vero
1410 4542 1477 4621 ejus
1505 4541 1576 4604 anni
1598 4559 1668 4604 cum
1781 4547 1782 4570 ¹

305 4625 384 4685 omni
408 4626 559 4689 radiorum
583 4629 785 4710 explicatione
805 4633 897 4712 (quae
921 4629 1000 4692 solet
1022 4649 1196 4711 procurrere
1216 4631 1395 4693 adsensum
1418 4632 1500 4692 ultra
1523 4631 1670 4694 terminos

306 4713 479 4789 corporum)
503 4715 560 4777 fuit
583 4717 681 4781 minor
704 4719 833 4782 Venere.
879 4719 924 4782 Ut
946 4719 1019 4780 nihil
1040 4719 1102 4800 jam
1131 4721 1246 4795 dicam,
1270 4719 1400 4802 quodsi
1424 4720 1533 4782 stellae
1558 4731 1670 4798 corpus

305 4796 433 4874 videtur,
457 4819 511 4880 per
524 4803 622 4866 lumen
647 4806 738 4886 igitur
761 4802 918 4884 videatur5
941 4809 1034 4871 stella
1050 4807 1142 4888 igitur
1158 4809 1289 4871 nondum
1313 4808 1468 4872 exstincta
1487 4808 1548 4872 sit:
1571 4827 1669 4889 neque
