3672 5528
318 309 386 382 244
790 310 980 380 Paralipomona
996 316 1022 364 in
1041 310 1207 365 Vitellionem.

321 502 354 556 ut
378 513 480 556 omues
511 492 695 556 radiatioues
718 499 789 569 post
821 490 980 567 sphaeram
1013 491 1130 552 demum
1158 508 1224 552 cum
1252 508 1309 550 axe
1339 496 1465 551 cudant:
1498 499 1570 552 tuuc
1599 491 1672 552 baec

321 583 398 643 ratio
422 581 600 660 duplicatur,
625 579 695 660 quia
712 595 766 656 per
780 579 819 651 X,
837 575 868 640 9.
892 578 1065 640 Vitellianis
1088 578 1279 640 retractionis
1301 578 1403 656 auguli
1427 579 1570 659 aequales
1590 589 1671 654 suut,

320 671 385 731 sive
408 669 447 730 ab
470 687 550 748 aqua
572 669 601 729 in
626 674 739 739 a'erem,
765 667 829 728 sive
853 665 891 726 ab
915 666 971 726 lroc
994 666 1024 728 in
1048 685 1157 746 aquam
1182 667 1233 728 lux
1260 666 1366 728 eadem
1394 665 1475 728 linea
1500 667 1672 746 perveniat.

407 757 542 837 Denique
566 756 636 835 quia
662 754 861 816 retractiones
884 772 942 814 nou
968 763 1038 816 sunt
1065 755 1306 834 proportionales
1333 754 1451 832 angulis
1477 754 1670 830 incidentiae,

320 846 373 906 sed
397 845 491 906 multo
514 844 643 924 majores
667 843 769 922 anguli
797 842 1008 904 refractionem
1032 844 1062 905 in
1087 844 1154 921 plus
1178 843 1345 917 inclinatis,
1370 862 1459 922 quam
1482 844 1541 905 lert
1564 844 1671 905 modus

318 932 521 995 incidentiae:
546 951 617 1012 ergo
641 951 757 994 rursum
782 949 860 992 nova
883 949 976 992 causa
1000 932 1131 1006 accedit,
1156 950 1233 1011 quae
1256 931 1440 993 radiationes
1463 933 1532 1011 plus
1556 951 1575 992 a
1597 951 1667 1011 per-

316 1021 501 1100 pendiculari
526 1020 674 1081 distantes
696 1019 819 1099 propius
844 1037 932 1098 quam
955 1028 1048 1080 autea
1066 1039 1131 1082 cum
1148 1039 1206 1080 axe
1230 1019 1366 1098 colligat,
1389 1019 1575 1081 indictiones
1598 1038 1671 1082 vero

314 1110 469 1188 propiores
493 1109 541 1170 axi
565 1109 682 1187 longius
707 1127 726 1168 a
748 1107 877 1186 sphaere
900 1125 989 1187 quam
1012 1115 1103 1170 antea
1127 1127 1192 1170 cum
1216 1127 1272 1169 axe
1295 1108 1453 1170 convenire
1477 1109 1581 1171 faciat.

404 1196 619 1278 Propositio
642 1195 683 1257 X.
730 1195 899 1258 Problema.
946 1197 1000 1257 Ad
1033 1205 1249 1277 susceptum
1281 1195 1466 1275 sphaerae
1498 1203 1670 1276 puuctum

316 1285 556 1366 quodcunque
584 1285 722 1346 radium
755 1283 914 1361 alicujus
946 1285 1074 1362 puncti
1106 1284 1272 1346 lucentis
1300 1284 1354 1346 sic
1382 1286 1668 1360 accommodare,

314 1381 353 1434 ut
388 1373 579 1435 refractus
611 1391 678 1433 nou
717 1379 913 1432 concurrat
943 1391 1020 1433 cum
1051 1391 1118 1434 axe
1149 1392 1191 1435 ax
1227 1373 1399 1433 radiante
1436 1381 1569 1452 puncto
1602 1391 1669 1453 per

317 1460 520 1539 sphaeram
544 1462 667 1522 ducto.
715 1459 905 1539 Suscipiatur
926 1469 1067 1539 punctum
1082 1461 1112 1521 H
1135 1467 1200 1535 (rig.
1221 1465 1266 1529 79)
1291 1469 1324 1521 et
1344 1479 1382 1521 ex
1400 1462 1428 1522 H
1452 1469 1562 1540 agatur
1585 1469 1669 1522 recta

316 1567 507 1630 quaecunque
530 1568 587 1611 non
612 1567 665 1627 per
697 1555 831 1608 centrum
855 1549 903 1621 A,
936 1567 1042 1610 secans
1075 1549 1252 1627 sphaeram,
1278 1550 1377 1628 sitque
1400 1547 1479 1622 HG,
1510 1550 1549 1610 ad
1579 1568 1668 1628 quam

314 1637 475 1699 inclinetur
488 1637 534 1698 HI
553 1636 663 1715 angulo
682 1637 775 1715 justo,
800 1643 942 1715 quantum
965 1637 1089 1716 requirit
1108 1637 1271 1699 incidentia
1290 1637 1413 1698 refracti
1429 1635 1489 1698 GH
1508 1637 1536 1698 io
1559 1655 1669 1716 super·

312 1724 410 1786 ficiem
434 1726 582 1806 sphaerae
606 1722 698 1802 (Gap.
715 1725 770 1792 IV,
786 1724 826 1786 N.
842 1719 872 1786 6.
889 1742 934 1802 ρι.
951 1721 996 1797 9).
1044 1724 1093 1786 Sit
1115 1724 1201 1800 IHG,
1225 1727 1279 1786 liat
1302 1725 1329 1785 ei
1353 1727 1487 1804 aequalis
1511 1723 1610 1800 HGL,
1636 1734 1669 1788 et

312 1814 370 1892 ipsi
394 1811 452 1874 GL
475 1813 621 1895 parallela
645 1821 753 1890 agatur
774 1830 829 1890 per
847 1813 877 1873 A
901 1820 1035 1874 centrum
1060 1820 1144 1874 recta
1164 1814 1232 1886 DA,
1257 1831 1364 1874 secans
1384 1813 1428 1874 HI
1447 1813 1475 1874 iu
1491 1813 1513 1874 l.
1553 1813 1630 1876 Dico
1651 1815 1667 1875 1

312 1910 453 1981 punctum
477 1901 624 1981 projicere
647 1900 762 1962 radium
781 1901 809 1961 iu
830 1899 857 1959 H
882 1910 1053 1980 susceptum
1076 1909 1227 1980 puuctum,
1252 1921 1295 1962 sc.
1314 1902 1369 1974 ΙΗ,
1394 1902 1443 1981 qui
1467 1903 1618 1962 refractus
1637 1903 1665 1963 iu

313 1989 352 2056 Η,
377 1987 415 2064 G,
441 2008 499 2051 nou
532 1995 691 2050 concurrat
714 2007 780 2048 eum
801 1987 871 2049 AD.
918 1988 1145 2052 Demonstratio
1168 1997 1255 2069 patet
1282 2007 1318 2050 ex
1342 1988 1553 2065 antecedente,
1581 1990 1666 2070 cujus

313 2077 388 2138 haec
412 2085 460 2138 est
482 2095 637 2139 conversa.
650 2074 684 2148 *)

402 2163 615 2244 Propositlo
633 2164 690 2225 Xl.
728 2163 965 2242 Impossibile
989 2172 1060 2238 est,
1085 2165 1236 2226 eundem
1258 2165 1463 2228 retractum
1488 2165 1522 2226 iu
1546 2163 1664 2226 medio

313 2269 384 2314 non
425 2250 727 2324 densissimo**)
766 2273 784 2312 a
819 2252 985 2330 pluribus
1034 2272 1103 2314 una
1146 2253 1422 2314 radiationibus
1461 2272 1504 2314 ex
1539 2253 1665 2314 medio

313 2339 459 2402 rariore
496 2339 531 2401 iu
569 2340 663 2400 idem
702 2349 873 2418 punctum
909 2339 1126 2419 superficiei
1160 2340 1344 2402 densioris
1380 2341 1664 2403 concidentibus

313 2425 545 2491 descendere.
591 2429 670 2491 Nam
695 2426 786 2508 (Gap.
799 2427 856 2502 IV,
876 2427 916 2490 N.
932 2421 963 2490 6.
983 2446 1027 2509 pr.
1043 2423 1079 2502 8)
1103 2428 1148 2489 sic
1170 2427 1392 2490 constituuntur
1414 2428 1517 2508 anguli
1540 2429 1664 2490 refracti

313 2517 352 2576 ad
396 2535 499 2578 omnes
541 2516 771 2578 inclinationes:
812 2515 938 2596 primum
974 2516 1084 2577 crescit
1122 2517 1223 2597 aliqua
1263 2517 1361 2596 portio
1405 2516 1507 2596 anguli
1548 2516 1665 2578 refrac-

312 2603 405 2665 tiouis
429 2623 495 2665 cum
519 2603 780 2678 inclinationibus,
811 2603 936 2678 deinde,
970 2605 1027 2664 hec
1049 2604 1186 2684 portione
1210 2605 1248 2665 ab
1271 2604 1465 2667 inclinatione
1497 2604 1663 2678 subtracta

313 2691 426 2754 residui
449 2711 558 2754 secans
586 2692 750 2753 identidem
778 2691 959 2771 multiplicat
980 2693 1157 2772 portionem.
1200 2689 1276 2754 Cum
1298 2711 1369 2771 ergo
1394 2695 1544 2755 elementa
1567 2711 1664 2772 quan-

311 2778 450 2858 titatibus
476 2780 616 2842 differant
638 2797 693 2858 per
716 2779 853 2842 diversas
876 2780 1099 2853 inclinationes,
1127 2780 1295 2859 composita
1323 2798 1437 2860 quoque
1461 2800 1514 2842 seu
1538 2781 1665 2859 angulos

311 2868 524 2930 refractiouum
548 2869 666 2930 differre
695 2885 819 2929 necesse
843 2875 909 2929 est:
940 2887 1030 2948 qnare
1059 2868 1246 2930 diversamm
1273 2868 1513 2942 inclinationum,
1535 2869 1594 2930 lroc
1618 2875 1666 2930 est

298 2957 497 3018 'diversarum
512 2957 712 3018 radiationum
728 2957 765 3018 ad
782 2955 862 3017 idem
881 2957 1028 3019 densioris
1047 2957 1212 3036 superficiei
1226 2965 1377 3036 puuctum,
1402 2957 1522 3032 diversi,
1548 2975 1663 3037 nequa-

313 3063 399 3124 quam
423 3064 494 3106 vero
517 3045 606 3106 iidem
631 3052 701 3106 sunt
723 3044 857 3107 refracti.
984 3101 987 3107 ,
1619 3091 1627 3103 .

400 3133 619 3212 Propositio
642 3133 716 3194 XII.
764 3132 878 3194 Radii
902 3152 921 3192 a
944 3131 1106 3194 diversis
1130 3133 1173 3193 ad
1198 3132 1292 3193 idem
1316 3131 1507 3194 densioris
1531 3152 1663 3213 super-

310 3217 415 3280 ficiei
432 3230 606 3299 punctum
625 3221 822 3282 venientes
841 3227 972 3281 secant
992 3239 1075 3282 sese
1094 3222 1128 3282 iu
1148 3221 1229 3294 illo,
1256 3228 1291 3281 et
1311 3221 1516 3300 superioris
1540 3221 1663 3284 radia-

309 3307 427 3368 tionis
461 3309 651 3371 relractus
684 3309 729 3370 fit
760 3308 928 3370 inferior.
981 3307 1069 3379 Quod
1102 3310 1127 3370 si
1158 3328 1237 3371 non:
1271 3327 1342 3387 ergo
1373 3310 1414 3370 sit
1442 3307 1500 3370 ΟΗ
1532 3313 1597 3384 (rig.
1618 3313 1663 3378 79)
1710 3311 1712 3318 ’

312 3395 442 3457 radiatio
475 3397 610 3476 superior
642 3415 729 3476 quam
753 3398 816 3468 IH,
847 3397 970 3477 ejusque
999 3398 1148 3459 refractus
1172 3396 1246 3468 ΗΡ,
1277 3397 1326 3476 qui
1356 3397 1385 3459 iu
1408 3397 1470 3459 HG
1493 3407 1663 3478 competere

310 3503 368 3545 non
392 3491 495 3564 potest
518 3503 572 3564 per
594 3486 801 3565 praemissam.
849 3484 896 3546 Sit
925 3495 996 3563 ergo
1029 3487 1163 3566 superior
1195 3486 1286 3546 etiam
1310 3485 1364 3546 ΗΡ
1392 3505 1480 3567 quarn
1508 3485 1588 3557 HG,
1620 3487 1663 3548 sio

310 3580 344 3634 ut
366 3573 411 3634 IH
435 3575 465 3635 in
488 3572 549 3635 HG
573 3574 754 3652 refringatur
777 3583 808 3635 et
832 3571 889 3634 OH
913 3572 942 3634 iu
966 3574 1031 3635 ΗΡ.
1071 3573 1269 3636 Continuetur
1293 3574 1383 3635 etiam
1406 3575 1664 3654 perpendicularis

310 3661 505 3742 aliquousque
529 3662 557 3722 in
583 3660 621 3732 Q.
671 3661 794 3724 Certum
818 3662 896 3725 enim
921 3668 969 3724 est
992 3659 1060 3737 QH,
1090 3663 1159 3724 dum
1187 3663 1270 3724 subit
1298 3681 1414 3742 aquam,
1439 3681 1498 3726 nou
1528 3664 1663 3744 refringi,

310 3752 365 3811 sed
389 3752 552 3813 concedere
576 3753 605 3812 in
631 3752 701 3813 HA.
747 3750 828 3830 Ergo
858 3751 926 3811 dum
951 3749 1009 3821 QH
1041 3750 1231 3813 inclinatione
1262 3751 1345 3812 lacta
1376 3751 1513 3830 pervenit
1540 3753 1569 3813 iu
1595 3751 1661 3828 OH,

309 3840 358 3919 qui
383 3841 437 3901 sub
462 3859 541 3920 aqua
562 3841 622 3902 HA
646 3839 784 3920 pervenit
807 3840 836 3899 in
860 3838 924 3900 ΗΡ.
971 3837 1053 3918 Ergo
1076 3839 1131 3900 illa
1158 3839 1267 3901 alicubi
1295 3841 1372 3901 inter
1395 3837 1434 3911 Q,
1458 3837 1486 3901 Ο
1510 3848 1663 3914 versante,

307 3927 384 3989 haec
407 3929 486 3990 inter
510 3929 549 4000 A,
575 3930 600 3989 P
624 3927 802 4000 versabitur,
827 3935 858 3988 et
876 3927 905 3988 in
921 3925 982 3987 HG
1005 3936 1166 4008 competet.
1203 3929 1291 3990 Prius
1315 3935 1415 3990 autem
1430 3926 1492 3992 HG
1514 3929 1663 3992 refractus

308 4024 375 4078 erat
397 4017 492 4097 ipsius
517 4017 562 4079 ΙΗ
585 4017 733 4079 inferioris
757 4035 845 4096 quem
865 4013 933 4089 OH,
954 4015 1018 4095 jam
1043 4018 1168 4098 alicujus
1192 4017 1353 4097 superioris
1377 4035 1465 4096 quarn
1490 4015 1558 4094 OH,
1585 4019 1663 4102 quod

396 4254 421 4320 *)
444 4257 652 4318 Demonstratio
682 4255 764 4326 hujus
788 4256 920 4312 facillima
941 4264 992 4310 est.
1034 4256 1104 4312 Nam
1126 4258 1187 4322 GL,
1213 4259 1266 4312 AD
1296 4265 1362 4313 suut
1385 4259 1515 4330 paralleli
1536 4277 1574 4315 ex
1600 4278 1662 4316 con·

308 4334 466 4392 structione.
508 4337 569 4390 Nun
590 4336 677 4407 igitur
702 4345 868 4390 concurrunt
887 4353 938 4407 per
965 4337 1149 4392 definitionem
1177 4339 1385 4408 parallelorum.
1427 4340 1540 4394 Nullum
1567 4341 1662 4412 itaque

307 4418 352 4464 cst
371 4413 399 4466 in
421 4422 480 4468 toto
502 4415 554 4468 NH
576 4433 641 4470 arcu
662 4423 803 4486 puuctum,
826 4416 869 4469 cui
889 4434 944 4470 uon
965 4417 1003 4470 sit
1023 4433 1074 4471 sua
1094 4414 1286 4492 rioopnroror.

397 4489 436 4558 **)
457 4493 527 4547 Nam
542 4495 570 4548 iu
584 4496 743 4550 densissimo
758 4513 850 4550 omnes
871 4495 1040 4551 modiationes
1056 4516 1092 4552 ex
1108 4505 1166 4553 tcto
1185 4493 1388 4569 hemisphaerio
1403 4499 1430 4552 iu
1444 4499 1514 4553 idem
1529 4508 1660 4570 puuctum
1688 4531 1692 4538 ·

308 4566 451 4638 ingressae
477 4573 666 4645 refringuntur
687 4577 721 4628 ad
751 4583 874 4630 centrum
898 4592 949 4645 per
969 4567 1071 4631 lin‘eam
1097 4594 1191 4643 unam,
1213 4585 1246 4632 ut
1267 4595 1352 4649 supra
1372 4575 1448 4649 (cap.
1468 4579 1516 4643 lv,
1540 4577 1570 4644 3)
1593 4579 1659 4634 indl-

308 4655 406 4710 catum,
429 4649 497 4719 Cap.
520 4653 566 4717 lv,
587 4655 620 4707 N.
643 4656 670 4710 6.
693 4671 772 4726 ριορ.
797 4655 822 4709 7.
854 4657 1085 4722 demonstratum,
1119 4665 1149 4712 et
1169 4657 1242 4712 intre
1264 4657 1342 4729 (Cap.
1364 4660 1411 4715 Vl.
1438 4659 1503 4714 Nro.
1529 4654 1560 4728 1)
1582 4675 1673 4715 usur·-

307 4730 403 4792 patum
423 4726 552 4785 invenies.
