3674 5538
282 245 346 316 118
572 245 673 302 Literae
690 249 794 315 Rsplerl
808 229 963 314 'diemque
981 253 1083 300 mutuas
1103 249 1134 301 de
1152 249 1224 300 rebus
1244 249 1346 315 Opu'cls.

280 451 328 495 ms
351 430 480 511 impulit.
526 429 647 492 Etenim
670 447 729 492 non
756 427 878 506 ignorat
901 426 935 489 S.
961 425 997 490 C.
1022 429 1057 490 Τ.
1082 427 1113 491 ἰιι
1141 427 1351 492 astronomicis
1379 427 1488 492 studiis
1518 428 1636 491 elucere

281 520 461 601 stupendam
477 517 632 582 creatoris
656 516 857 596 sapientiam3
881 516 983 596 itaque
1002 525 1036 579 ut
1059 517 1178 580 debitas
1191 517 1235 579 illi
1256 519 1360 580 laudes
1384 517 1504 580 accinat
1526 516 1636 578 huma·

281 628 350 672 num
377 627 473 689 genus
505 607 623 669 omnino
656 605 803 667 interesse
826 604 1023 685 Reipublicae
1056 607 1222 686 spiritualis
1250 615 1282 669 et
1308 607 1465 687 politicae,
1500 614 1533 667 nt
1562 606 1638 667 haec

281 697 383 762 studia
405 696 538 777 quotidie
561 694 658 775 magis
683 699 773 774 atque
797 694 894 773 magis
918 694 1145 774 amplificentur,
1171 703 1283 776 etque
1306 696 1443 775 pluribus
1466 693 1636 757 communi-

279 787 343 850 cari
365 786 493 866 possint,
519 783 655 845 faciliora
678 791 769 863 atque
794 782 971 845 dilucidiora
993 783 1167 845 reddantur.
1211 785 1357 846 Vicissim
1380 803 1452 846 vero
1475 790 1565 845 tanta
1589 790 1638 845 est

279 875 309 938 in
326 873 466 937 eruendis
480 872 567 952 hujus
582 872 658 934 artis
677 870 831 954 mysteriis
850 871 1022 946 difficultas,
1038 879 1143 934 tantus
1161 872 1192 934 in
1211 871 1420 952 percipiendis,
1435 870 1638 954 proponendis

280 971 369 1044 atque
393 961 577 1024 instillandis
610 960 722 1040 ingenii
746 959 846 1035 labor,
881 968 944 1022 tam
969 961 1078 1040 exigua
1109 961 1263 1041 praesidia
1286 963 1531 1024 adtulerandas
1555 959 1638 1022 vitae

281 1068 451 1114 communes
474 1048 689 1124 necessitates,
713 1057 829 1110 utnon
853 1049 894 1110 sit
916 1051 1106 1111 metuendum
1134 1049 1334 1129 reipublicae,
1367 1071 1403 1112 ne
1428 1049 1515 1112 nimis
1540 1049 1636 1121 multi,

279 1139 427 1219 neglectis
460 1138 527 1200 aliis
561 1136 680 1200 humani
712 1137 831 1218 generis
856 1138 1117 1214 necessitatibus,
1148 1138 1187 1201 ad
1218 1139 1275 1202 has
1303 1139 1347 1201 uti
1380 1139 1501 1222 quidam
1529 1145 1639 1218 putant

280 1229 397 1291 otiosas
421 1233 453 1290 et
476 1245 680 1308 supervacuas
715 1225 938 1307 speculationes
972 1245 1040 1288 sese
1073 1228 1251 1290 conferant:
1286 1228 1355 1308 quin
1378 1228 1495 1308 potius,
1531 1227 1557 1288 si
1581 1243 1638 1305 quo

283 1325 419 1397 tempore
450 1335 526 1378 unus
559 1315 668 1397 aliquis
700 1315 779 1377 inter
811 1315 923 1377 multos
957 1314 1076 1395 iugenio
1109 1316 1238 1378 donatus
1274 1325 1322 1378 est
1350 1317 1467 1391 aDeo,
1492 1316 1569 1396 qued
1592 1313 1640 1374 his

284 1404 394 1468 studiis
408 1413 523 1486 aptum.
549 1405 626 1466 bunc
640 1403 776 1466 videmus
801 1404 960 1466 confestim
976 1404 1013 1466 ab
1028 1405 1179 1468 universis
1203 1407 1365 1484 prudenter
1379 1405 1497 1485 quidem
1521 1401 1639 1466 incitari

283 1494 322 1556 ad
346 1497 443 1556 totum
467 1512 500 1554 se
524 1493 572 1555 his
600 1491 709 1556 studiis
738 1493 884 1567 dandum,
919 1493 980 1554 alia
1009 1494 1110 1558 omnia
1132 1493 1163 1555 in
1190 1495 1328 1574 parergis
1356 1492 1505 1555 habenda.
1551 1490 1641 1563 Quod

281 1582 361 1644 idem
385 1581 442 1644 nisi
467 1581 560 1643 etiam
583 1581 655 1643 mihi
679 1583 813 1643 eveniret
836 1589 869 1643 et
891 1581 949 1644 nisi
973 1581 1030 1643 viri
1054 1582 1212 1645 clarissimi
1237 1602 1283 1644 me
1308 1582 1493 1654 cohiberent,
1517 1599 1643 1662 quorum

279 1670 396 1752 judicia
419 1671 456 1734 de
479 1689 547 1732 mea
569 1671 599 1732 io
623 1670 680 1732 his·
695 1669 809 1732 artibus
834 1669 1017 1732 dexteritate
1041 1689 1098 1732 non
1123 1673 1315 1751 aspernanda
1337 1677 1417 1746 sunt,
1437 1668 1643 1751 jampridem

285 1759 369 1822 hisce
393 1759 514 1822 omissis
538 1759 577 1822 ad
607 1760 668 1822 alia
691 1758 871 1838 reipublicae
896 1759 1023 1822 etmihi
1055 1759 1152 1839 magis
1176 1759 1350 1822 necessaria
1372 1778 1420 1820 me
1450 1759 1641 1840 recepissem.

284 1847 355 1912 Etsi
378 1848 455 1910 enim
478 1849 508 1910 in
531 1867 679 1928 praesens
703 1848 757 1909 sub
782 1846 816 1910 S.
842 1843 931 1910 Caes.
956 1848 1132 1928 Maiestatis
1155 1849 1254 1911 tutele
1282 1847 1443 1928 tranquille
1467 1849 1586 1928 quiesco
1611 1851 1645 1907 et

283 1935 436 2018 stipendio
470 1937 553 2000 fruor
583 1937 726 2012 honesto,
762 1945 825 1998 tam
858 1937 999 2016 expedito
1033 1956 1122 2016 quam
1150 1937 1180 1999 id
1211 1938 1367 2017 patiuntur
1399 1955 1491 1999 onera
1523 1934 1641 2009 bellica,

281 2034 383 2088 tamen
406 2033 571 2106 perpetuus
595 2026 666 2088 milri
690 2025 821 2087 monitor
845 2026 882 2087 ad
906 2027 989 2089 latus
1014 2034 1061 2087 est
1076 2026 1275 2088 Prometheus
1299 2034 1331 2091 et
1354 2025 1503 2088 interdum
1527 2025 1641 2104 impor-

281 2113 383 2176 tunius
407 2132 496 2175 aures
519 2114 606 2176 vellit
629 2115 701 2176 illud
725 2114 903 2177 succinens:
931 2143 1013 2189 ,nam
1039 2127 1136 2180 messis
1167 2143 1222 2181 non
1253 2141 1362 2196 semper
1391 2125 1457 2191 erit,
1487 2123 1644 2195 componite

281 2202 388 2258 nidos.“
930 2231 933 2240 =

368 2282 478 2362 Itaque
501 2285 544 2345 ne'
563 2280 597 2346 S.
623 2280 660 2346 O.
685 2282 720 2346 T.
745 2283 864 2361 indigne
889 2283 978 2358 ferat,
1003 2283 1030 2346 si
1054 2284 1148 2348 veluti
1171 2283 1246 2348 vitis
1270 2283 1458 2348 debilissima
1482 2281 1644 2346 arbuscula

282 2385 353 2432 suos
367 2370 525 2450 capreolos
542 2372 581 2433 ad
602 2389 744 2450 proceras
762 2371 868 2444 ulmos,
884 2371 929 2433 sic
944 2391 999 2452 ego
1019 2372 1201 2435 humillimas
1216 2393 1299 2436 meas
1319 2391 1425 2453 preces
1442 2373 1480 2434 ad
1501 2371 1534 2434 S.
1552 2368 1588 2434 G.
1605 2369 1640 2432 T.

282 2457 407 2538 dirigam
431 2478 555 2540 eamque
579 2459 801 2539 subjectissime
822 2479 913 2535 orem,
939 2468 1017 2523 utet
1035 2461 1104 2542 ipsa
1127 2481 1195 2524 mea
1218 2463 1320 2525 studia
1342 2462 1373 2523 in
1398 2460 1641 2541 potentissimam

282 2565 367 2610 suam
391 2549 517 2610 tutelam
545 2548 672 2628 recipiat
701 2548 796 2630 iisque
829 2549 969 2610 blandum
995 2558 1026 2612 et
1049 2551 1207 2612 amicabile
1231 2552 1329 2613 lumen
1362 2551 1541 2612 clementiae
1566 2569 1640 2610 snae

283 2637 322 2698 ad
346 2643 527 2700 momentum
550 2638 671 2718 aliquod
690 2639 773 2700 velut
792 2636 907 2700 eminus
931 2637 1095 2719 indulgeat,
1121 2657 1179 2720 quo
1199 2646 1231 2702 et
1244 2641 1274 2702 in
1297 2657 1444 2721 praeseus
1468 2646 1643 2702 recreentur

286 2734 318 2786 et
339 2723 368 2785 si
391 2743 450 2806 qua
473 2726 544 2789 olim
573 2726 708 2808 procella
737 2726 879 2790 immitior
912 2726 1098 2802 imminebit,
1132 2746 1186 2808 spe
1209 2749 1268 2792 uon
1292 2747 1372 2791 vana
1404 2727 1499 2790 veluti
1529 2726 1644 2808 optime

287 2813 366 2875 duca
388 2815 426 2876 ad
449 2815 630 2896 tranquillos
644 2822 759 2896 ¹portus
783 2815 929 2896 aspirent.
