<?xml version="1.0" encoding="UTF-8"?>
<!DOCTYPE html PUBLIC "-//W3C//DTD XHTML 1.0 Transitional//EN"
    "http://www.w3.org/TR/xhtml1/DTD/xhtml1-transitional.dtd">
<html xmlns="http://www.w3.org/1999/xhtml" xml:lang="en" lang="en">
 <head>
  <title>
</title>
<meta http-equiv="Content-Type" content="text/html;charset=utf-8" />
  <meta name='ocr-system' content='tesseract 3.04.00' />
  <meta name='ocr-capabilities' content='ocr_page ocr_carea ocr_par ocr_line ocrx_word'/>
</head>
<body>
  <div class='ocr_page' id='page_1' title='image "./joanniskepleria02unkngoog/joanniskepleria02unkngoog_0191.png"; bbox 0 0 3674 5538; ppageno 0'>
   <div class='ocr_carea' id='block_1_1' title="bbox 316 281 1196 350">
    <p class='ocr_par' dir='ltr' id='par_1_1' title="bbox 316 281 1196 350">
     <span class='ocr_line' id='line_1_1' title="bbox 316 281 1196 350; baseline -0.011 -6"><span class='ocrx_word' id='word_1_1' title='bbox 316 281 374 350; x_wconf 82' lang='grc'><strong>166</strong></span> <span class='ocrx_word' id='word_1_2' title='bbox 778 283 968 350; x_wconf 81' lang='lat' dir='ltr'><strong>Paralipomcna</strong></span> <span class='ocrx_word' id='word_1_3' title='bbox 985 286 1011 334; x_wconf 89' lang='lat' dir='ltr'><strong>iu</strong></span> <span class='ocrx_word' id='word_1_4' title='bbox 1030 283 1196 336; x_wconf 83' lang='lat' dir='ltr'><strong>Vitellioncnr.</strong></span> 
     </span>
    </p>
   </div>
   <div class='ocr_carea' id='block_1_2' title="bbox 308 441 1658 543">
    <p class='ocr_par' dir='ltr' id='par_1_2' title="bbox 308 441 1658 543">
     <span class='ocr_line' id='line_1_2' title="bbox 308 441 1658 543; baseline 0 -19"><span class='ocrx_word' id='word_1_5' title='bbox 308 441 460 524; x_wconf 80' lang='lat' dir='ltr'><strong>stlocum</strong></span> <span class='ocrx_word' id='word_1_6' title='bbox 493 460 641 541; x_wconf 80' lang='lat' dir='ltr'><strong>imaginis.</strong></span> <span class='ocrx_word' id='word_1_7' title='bbox 687 462 841 524; x_wconf 85' lang='lat' dir='ltr'><strong>Instantis</strong></span> <span class='ocrx_word' id='word_1_8' title='bbox 869 480 940 542; x_wconf 86' lang='lat' dir='ltr'><strong>ergo</strong></span> <span class='ocrx_word' id='word_1_9' title='bbox 974 479 1084 542; x_wconf 87' lang='lat' dir='ltr'><strong>magna</strong></span> <span class='ocrx_word' id='word_1_10' title='bbox 1106 463 1139 524; x_wconf 88' lang='lat' dir='ltr'><strong>fit</strong></span> <span class='ocrx_word' id='word_1_11' title='bbox 1166 481 1221 542; x_wconf 87' lang='lat' dir='ltr'><strong>per</strong></span> <span class='ocrx_word' id='word_1_12' title='bbox 1250 463 1462 526; x_wconf 70' lang='lat' dir='ltr'><strong>redactionem</strong></span> <span class='ocrx_word' id='word_1_13' title='bbox 1494 462 1658 543; x_wconf 83' lang='lat' dir='ltr'><strong>negotium.</strong></span> 
     </span>
    </p>
   </div>
   <div class='ocr_carea' id='block_1_3' title="bbox 306 549 1661 1074">
    <p class='ocr_par' dir='ltr' id='par_1_3' title="bbox 306 549 1661 1074">
     <span class='ocr_line' id='line_1_3' title="bbox 307 549 1661 632; baseline 0 -20"><span class='ocrx_word' id='word_1_14' title='bbox 307 551 342 612; x_wconf 97' lang='lat' dir='ltr'><strong>In</strong></span> <span class='ocrx_word' id='word_1_15' title='bbox 366 549 497 628; x_wconf 76' lang='lat' dir='ltr'><strong>speculis</strong></span> <span class='ocrx_word' id='word_1_16' title='bbox 521 549 639 630; x_wconf 92' lang='lat' dir='ltr'><strong>quidem</strong></span> <span class='ocrx_word' id='word_1_17' title='bbox 667 551 808 610; x_wconf 82' lang='lat' dir='ltr'><strong>convexis</strong></span> <span class='ocrx_word' id='word_1_18' title='bbox 836 550 936 630; x_wconf 81' lang='lat' dir='ltr'><strong>imago</strong></span> <span class='ocrx_word' id='word_1_19' title='bbox 960 559 992 611; x_wconf 89' lang='lat' dir='ltr'><strong>et</strong></span> <span class='ocrx_word' id='word_1_20' title='bbox 1015 551 1112 612; x_wconf 89' lang='lat' dir='ltr'><strong>minor</strong></span> <span class='ocrx_word' id='word_1_21' title='bbox 1140 558 1268 631; x_wconf 87' lang='lat' dir='ltr'><strong>apparet</strong></span> <span class='ocrx_word' id='word_1_22' title='bbox 1290 561 1322 614; x_wconf 88' lang='lat' dir='ltr'><strong>et</strong></span> <span class='ocrx_word' id='word_1_23' title='bbox 1347 551 1483 632; x_wconf 86' lang='lat' dir='ltr'><strong>propior,</strong></span> <span class='ocrx_word' id='word_1_24' title='bbox 1506 552 1537 612; x_wconf 93' lang='lat' dir='ltr'><strong>in</strong></span> <span class='ocrx_word' id='word_1_25' title='bbox 1560 551 1661 630; x_wconf 83' lang='lat' dir='ltr'><strong>planis</strong></span> 
     </span>
     <span class='ocr_line' id='line_1_4' title="bbox 307 636 1661 720; baseline 0.001 -21"><span class='ocrx_word' id='word_1_26' title='bbox 307 637 444 718; x_wconf 86' lang='lat' dir='ltr'><strong>aequalis</strong></span> <span class='ocrx_word' id='word_1_27' title='bbox 467 646 499 699; x_wconf 92' lang='lat' dir='ltr'><strong>et</strong></span> <span class='ocrx_word' id='word_1_28' title='bbox 522 636 701 718; x_wconf 75' lang='lat' dir='ltr'><strong>quantitatis</strong></span> <span class='ocrx_word' id='word_1_29' title='bbox 725 646 758 702; x_wconf 88' lang='lat' dir='ltr'><strong>ot</strong></span> <span class='ocrx_word' id='word_1_30' title='bbox 784 639 958 702; x_wconf 78' lang='lat' dir='ltr'><strong>remotionis</strong></span> <span class='ocrx_word' id='word_1_31' title='bbox 983 657 1049 700; x_wconf 90' lang='lat' dir='ltr'><strong>cum</strong></span> <span class='ocrx_word' id='word_1_32' title='bbox 1072 657 1104 700; x_wconf 91' lang='lat' dir='ltr'><strong>re</strong></span> <span class='ocrx_word' id='word_1_33' title='bbox 1128 639 1211 720; x_wconf 87' lang='lat' dir='ltr'><strong>ipsa,</strong></span> <span class='ocrx_word' id='word_1_34' title='bbox 1236 640 1264 700; x_wconf 92' lang='lat' dir='ltr'><strong>in</strong></span> <span class='ocrx_word' id='word_1_35' title='bbox 1289 641 1431 703; x_wconf 82' lang='lat' dir='ltr'><strong>concavis</strong></span> <span class='ocrx_word' id='word_1_36' title='bbox 1454 649 1486 702; x_wconf 90' lang='lat' dir='ltr'><strong>et</strong></span> <span class='ocrx_word' id='word_1_37' title='bbox 1509 640 1605 719; x_wconf 88' lang='lat' dir='ltr'><strong>major</strong></span> <span class='ocrx_word' id='word_1_38' title='bbox 1628 648 1661 700; x_wconf 91' lang='lat' dir='ltr'><strong>et</strong></span> 
     </span>
     <span class='ocr_line' id='line_1_5' title="bbox 306 725 1661 808; baseline 0.002 -21"><span class='ocrx_word' id='word_1_39' title='bbox 306 725 457 788; x_wconf 81' lang='lat' dir='ltr'><strong>remotior.</strong></span> <span class='ocrx_word' id='word_1_40' title='bbox 505 725 554 786; x_wconf 93' lang='lat' dir='ltr'><strong>Ita</strong></span> <span class='ocrx_word' id='word_1_41' title='bbox 577 725 625 786; x_wconf 93' lang='lat' dir='ltr'><strong>bic</strong></span> <span class='ocrx_word' id='word_1_42' title='bbox 649 725 710 788; x_wconf 89' lang='lat' dir='ltr'><strong>fere</strong></span> <span class='ocrx_word' id='word_1_43' title='bbox 735 728 938 806; x_wconf 82' lang='lat' dir='ltr'><strong>quantitatem</strong></span> <span class='ocrx_word' id='word_1_44' title='bbox 961 728 1097 808; x_wconf 87' lang='lat' dir='ltr'><strong>sequitur</strong></span> <span class='ocrx_word' id='word_1_45' title='bbox 1125 729 1261 790; x_wconf 88' lang='lat' dir='ltr'><strong>remotio.</strong></span> <span class='ocrx_word' id='word_1_46' title='bbox 1307 729 1353 791; x_wconf 88' lang='lat' dir='ltr'><strong>At</strong></span> <span class='ocrx_word' id='word_1_47' title='bbox 1375 729 1404 790; x_wconf 92' lang='lat' dir='ltr'><strong>in</strong></span> <span class='ocrx_word' id='word_1_48' title='bbox 1430 728 1661 790; x_wconf 70' lang='lat' dir='ltr'><strong>retractionibus</strong></span> 
     </span>
     <span class='ocr_line' id='line_1_6' title="bbox 306 813 1661 899; baseline 0.001 -23"><span class='ocrx_word' id='word_1_49' title='bbox 306 815 422 893; x_wconf 80' lang='lat' dir='ltr'><strong>imago,</strong></span> <span class='ocrx_word' id='word_1_50' title='bbox 445 813 495 874; x_wconf 94' lang='lat' dir='ltr'><strong>ubi</strong></span> <span class='ocrx_word' id='word_1_51' title='bbox 521 813 657 894; x_wconf 86' lang='lat' dir='ltr'><strong>aequalis</strong></span> <span class='ocrx_word' id='word_1_52' title='bbox 681 820 735 876; x_wconf 88' lang='lat' dir='ltr'><strong>aut</strong></span> <span class='ocrx_word' id='word_1_53' title='bbox 757 815 907 895; x_wconf 75' lang='lat' dir='ltr'><strong>majorca</strong></span> <span class='ocrx_word' id='word_1_54' title='bbox 930 835 987 878; x_wconf 88' lang='lat' dir='ltr'><strong>sua</strong></span> <span class='ocrx_word' id='word_1_55' title='bbox 1009 823 1067 890; x_wconf 87' lang='lat' dir='ltr'><strong>est,</strong></span> <span class='ocrx_word' id='word_1_56' title='bbox 1092 816 1133 877; x_wconf 93' lang='lat' dir='ltr'><strong>ibi</strong></span> <span class='ocrx_word' id='word_1_57' title='bbox 1164 817 1404 899; x_wconf 88' lang='lat' dir='ltr'><strong>appropinquat:</strong></span> <span class='ocrx_word' id='word_1_58' title='bbox 1429 835 1496 878; x_wconf 87' lang='lat' dir='ltr'><strong>curn</strong></span> <span class='ocrx_word' id='word_1_59' title='bbox 1518 816 1661 878; x_wconf 88' lang='lat' dir='ltr'><strong>minuitur</strong></span> 
     </span>
     <span class='ocr_line' id='line_1_7' title="bbox 307 900 1658 984; baseline 0.001 -20"><span class='ocrx_word' id='word_1_60' title='bbox 307 903 463 984; x_wconf 84' lang='lat' dir='ltr'><strong>quantitas</strong></span> <span class='ocrx_word' id='word_1_61' title='bbox 496 900 655 982; x_wconf 87' lang='lat' dir='ltr'><strong>imaginis,</strong></span> <span class='ocrx_word' id='word_1_62' title='bbox 688 901 819 966; x_wconf 88' lang='lat' dir='ltr'><strong>discedit</strong></span> <span class='ocrx_word' id='word_1_63' title='bbox 842 912 874 965; x_wconf 87' lang='lat' dir='ltr'><strong>ct</strong></span> <span class='ocrx_word' id='word_1_64' title='bbox 896 904 964 982; x_wconf 88' lang='lat' dir='ltr'><strong>ipsu</strong></span> <span class='ocrx_word' id='word_1_65' title='bbox 986 904 1086 983; x_wconf 87' lang='lat' dir='ltr'><strong>imago</strong></span> <span class='ocrx_word' id='word_1_66' title='bbox 1119 905 1255 984; x_wconf 89' lang='lat' dir='ltr'><strong>longius,</strong></span> <span class='ocrx_word' id='word_1_67' title='bbox 1280 914 1315 967; x_wconf 92' lang='lat' dir='ltr'><strong>ut</strong></span> <span class='ocrx_word' id='word_1_68' title='bbox 1336 906 1438 969; x_wconf 87' lang='lat' dir='ltr'><strong>videre</strong></span> <span class='ocrx_word' id='word_1_69' title='bbox 1462 913 1511 967; x_wconf 87' lang='lat' dir='ltr'><strong>est</strong></span> <span class='ocrx_word' id='word_1_70' title='bbox 1532 906 1562 966; x_wconf 91' lang='lat' dir='ltr'><strong>in</strong></span> <span class='ocrx_word' id='word_1_71' title='bbox 1587 923 1658 984; x_wconf 89' lang='lat' dir='ltr'><strong>per-</strong></span> 
     </span>
     <span class='ocr_line' id='line_1_8' title="bbox 308 989 1475 1074; baseline 0 -22"><span class='ocrx_word' id='word_1_72' title='bbox 308 989 435 1070; x_wconf 91' lang='lat' dir='ltr'><strong>spicillis</strong></span> <span class='ocrx_word' id='word_1_73' title='bbox 458 1009 556 1052; x_wconf 88' lang='lat' dir='ltr'><strong>rerum</strong></span> <span class='ocrx_word' id='word_1_74' title='bbox 581 991 697 1071; x_wconf 88' lang='lat' dir='ltr'><strong>species</strong></span> <span class='ocrx_word' id='word_1_75' title='bbox 722 991 934 1066; x_wconf 90' lang='lat' dir='ltr'><strong>minuentibus,</strong></span> <span class='ocrx_word' id='word_1_76' title='bbox 959 992 985 1054; x_wconf 88' lang='lat' dir='ltr'><strong>si</strong></span> <span class='ocrx_word' id='word_1_77' title='bbox 1009 1011 1062 1072; x_wconf 88' lang='lat' dir='ltr'><strong>per</strong></span> <span class='ocrx_word' id='word_1_78' title='bbox 1085 991 1138 1054; x_wconf 89' lang='lat' dir='ltr'><strong>illa</strong></span> <span class='ocrx_word' id='word_1_79' title='bbox 1161 993 1275 1056; x_wconf 87' lang='lat' dir='ltr'><strong>eminus</strong></span> <span class='ocrx_word' id='word_1_80' title='bbox 1298 995 1475 1074; x_wconf 85' lang='lat' dir='ltr'><strong>perspicias.</strong></span> 
     </span>
    </p>
   </div>
   <div class='ocr_carea' id='block_1_4' title="bbox 780 1130 1185 1194">
    <p class='ocr_par' dir='ltr' id='par_1_4' title="bbox 780 1130 1185 1194">
     <span class='ocr_line' id='line_1_9' title="bbox 780 1130 1185 1194; baseline 0.002 -2"><span class='ocrx_word' id='word_1_81' title='bbox 780 1130 809 1194; x_wconf 83' lang='lat'><strong>2.</strong></span> <span class='ocrx_word' id='word_1_82' title='bbox 841 1131 924 1193; x_wconf 87' lang='lat' dir='ltr'><strong>Vera</strong></span> <span class='ocrx_word' id='word_1_83' title='bbox 947 1132 1185 1194; x_wconf 89' lang='lat' dir='ltr'><strong>Demonstratio.</strong></span> 
     </span>
    </p>
   </div>
   <div class='ocr_carea' id='block_1_5' title="bbox 305 1254 1663 4162">
    <p class='ocr_par' dir='ltr' id='par_1_5' title="bbox 305 1254 1662 2220">
     <span class='ocr_line' id='line_1_10' title="bbox 394 1254 1659 1335; baseline -0.001 -18"><span class='ocrx_word' id='word_1_84' title='bbox 394 1255 437 1318; x_wconf 87' lang='lat' dir='ltr'><strong>Ut</strong></span> <span class='ocrx_word' id='word_1_85' title='bbox 455 1254 547 1334; x_wconf 86' lang='lat' dir='ltr'><strong>igitur</strong></span> <span class='ocrx_word' id='word_1_86' title='bbox 570 1272 691 1316; x_wconf 88' lang='lat' dir='ltr'><strong>veram</strong></span> <span class='ocrx_word' id='word_1_87' title='bbox 711 1274 857 1317; x_wconf 84' lang='lat' dir='ltr'><strong>causam</strong></span> <span class='ocrx_word' id='word_1_88' title='bbox 882 1257 951 1318; x_wconf 90' lang='lat' dir='ltr'><strong>loci</strong></span> <span class='ocrx_word' id='word_1_89' title='bbox 975 1255 1168 1335; x_wconf 86' lang='lat' dir='ltr'><strong>imaginum</strong></span> <span class='ocrx_word' id='word_1_90' title='bbox 1190 1255 1384 1334; x_wconf 81' lang='lat' dir='ltr'><strong>patefaciam,</strong></span> <span class='ocrx_word' id='word_1_91' title='bbox 1410 1257 1492 1335; x_wconf 88' lang='lat' dir='ltr'><strong>cujus</strong></span> <span class='ocrx_word' id='word_1_92' title='bbox 1509 1254 1659 1334; x_wconf 86' lang='lat' dir='ltr'><strong>ignoratio</strong></span> 
     </span>
     <span class='ocr_line' id='line_1_11' title="bbox 305 1341 1661 1424; baseline -0.001 -18"><span class='ocrx_word' id='word_1_93' title='bbox 305 1344 423 1406; x_wconf 87' lang='lat' dir='ltr'><strong>macula</strong></span> <span class='ocrx_word' id='word_1_94' title='bbox 438 1343 528 1406; x_wconf 86' lang='lat' dir='ltr'><strong>foeda</strong></span> <span class='ocrx_word' id='word_1_95' title='bbox 542 1341 633 1402; x_wconf 90' lang='lat' dir='ltr'><strong>estin</strong></span> <span class='ocrx_word' id='word_1_96' title='bbox 648 1343 848 1422; x_wconf 88' lang='lat' dir='ltr'><strong>pulcherrima</strong></span> <span class='ocrx_word' id='word_1_97' title='bbox 862 1345 999 1420; x_wconf 69' lang='lat' dir='ltr'><strong>scientia</strong></span> <span class='ocrx_word' id='word_1_98' title='bbox 1014 1345 1206 1424; x_wconf 87' lang='lat' dir='ltr'><strong>praecipuum</strong></span> <span class='ocrx_word' id='word_1_99' title='bbox 1222 1343 1487 1406; x_wconf 87' lang='lat' dir='ltr'><strong>demonstrationis</strong></span> <span class='ocrx_word' id='word_1_100' title='bbox 1502 1361 1625 1404; x_wconf 89' lang='lat' dir='ltr'><strong>nervum</strong></span> <span class='ocrx_word' id='word_1_101' title='bbox 1641 1363 1661 1404; x_wconf 90' lang='lat' dir='ltr'><strong>a</strong></span> 
     </span>
     <span class='ocr_line' id='line_1_12' title="bbox 305 1431 1659 1513; baseline -0.002 -18"><span class='ocrx_word' id='word_1_102' title='bbox 305 1431 450 1511; x_wconf 89' lang='lat' dir='ltr'><strong>principio</strong></span> <span class='ocrx_word' id='word_1_103' title='bbox 475 1431 513 1493; x_wconf 95' lang='lat' dir='ltr'><strong>ob</strong></span> <span class='ocrx_word' id='word_1_104' title='bbox 537 1431 639 1492; x_wconf 87' lang='lat' dir='ltr'><strong>oculos</strong></span> <span class='ocrx_word' id='word_1_105' title='bbox 663 1431 733 1511; x_wconf 93' lang='lat' dir='ltr'><strong>poni</strong></span> <span class='ocrx_word' id='word_1_106' title='bbox 756 1433 864 1507; x_wconf 88' lang='lat' dir='ltr'><strong>velim,</strong></span> <span class='ocrx_word' id='word_1_107' title='bbox 896 1433 974 1513; x_wconf 90' lang='lat' dir='ltr'><strong>quod</strong></span> <span class='ocrx_word' id='word_1_108' title='bbox 997 1433 1027 1495; x_wconf 92' lang='lat' dir='ltr'><strong>in</strong></span> <span class='ocrx_word' id='word_1_109' title='bbox 1050 1433 1149 1512; x_wconf 89' lang='lat' dir='ltr'><strong>planis</strong></span> <span class='ocrx_word' id='word_1_110' title='bbox 1180 1431 1310 1511; x_wconf 87' lang='lat' dir='ltr'><strong>speculis</strong></span> <span class='ocrx_word' id='word_1_111' title='bbox 1333 1431 1450 1511; x_wconf 88' lang='lat' dir='ltr'><strong>anguli,</strong></span> <span class='ocrx_word' id='word_1_112' title='bbox 1479 1431 1587 1512; x_wconf 89' lang='lat' dir='ltr'><strong>quibus</strong></span> <span class='ocrx_word' id='word_1_113' title='bbox 1609 1449 1659 1492; x_wconf 88' lang='lat' dir='ltr'><strong>res</strong></span> 
     </span>
     <span class='ocr_line' id='line_1_13' title="bbox 306 1518 1659 1598; baseline 0.001 -20"><span class='ocrx_word' id='word_1_114' title='bbox 306 1519 465 1588; x_wconf 86' lang='lat' dir='ltr'><strong>videnlur,</strong></span> <span class='ocrx_word' id='word_1_115' title='bbox 491 1538 527 1580; x_wconf 85' lang='lat' dir='ltr'><strong>ex</strong></span> <span class='ocrx_word' id='word_1_116' title='bbox 552 1537 729 1598; x_wconf 90' lang='lat' dir='ltr'><strong>repercussu</strong></span> <span class='ocrx_word' id='word_1_117' title='bbox 753 1539 811 1581; x_wconf 94' lang='lat' dir='ltr'><strong>non</strong></span> <span class='ocrx_word' id='word_1_118' title='bbox 845 1528 1015 1594; x_wconf 89' lang='lat' dir='ltr'><strong>mutantur,</strong></span> <span class='ocrx_word' id='word_1_119' title='bbox 1046 1521 1074 1582; x_wconf 91' lang='lat' dir='ltr'><strong>in</strong></span> <span class='ocrx_word' id='word_1_120' title='bbox 1104 1521 1246 1583; x_wconf 87' lang='lat' dir='ltr'><strong>convexis</strong></span> <span class='ocrx_word' id='word_1_121' title='bbox 1269 1529 1301 1582; x_wconf 90' lang='lat' dir='ltr'><strong>et</strong></span> <span class='ocrx_word' id='word_1_122' title='bbox 1334 1520 1474 1581; x_wconf 86' lang='lat' dir='ltr'><strong>concavis</strong></span> <span class='ocrx_word' id='word_1_123' title='bbox 1498 1527 1529 1582; x_wconf 89' lang='lat' dir='ltr'><strong>et</strong></span> <span class='ocrx_word' id='word_1_124' title='bbox 1552 1518 1659 1580; x_wconf 89' lang='lat' dir='ltr'><strong>mediis</strong></span> 
     </span>
     <span class='ocr_line' id='line_1_14' title="bbox 308 1603 1661 1689; baseline -0.001 -19"><span class='ocrx_word' id='word_1_125' title='bbox 308 1607 498 1670; x_wconf 87' lang='lat' dir='ltr'><strong>densioribus</strong></span> <span class='ocrx_word' id='word_1_126' title='bbox 521 1608 640 1672; x_wconf 89' lang='lat' dir='ltr'><strong>omniuo</strong></span> <span class='ocrx_word' id='word_1_127' title='bbox 664 1615 827 1670; x_wconf 89' lang='lat' dir='ltr'><strong>mutantur.</strong></span> <span class='ocrx_word' id='word_1_128' title='bbox 874 1611 953 1671; x_wconf 89' lang='lat' dir='ltr'><strong>Nam</strong></span> <span class='ocrx_word' id='word_1_129' title='bbox 977 1610 1149 1689; x_wconf 88' lang='lat' dir='ltr'><strong>superficies</strong></span> <span class='ocrx_word' id='word_1_130' title='bbox 1178 1627 1313 1686; x_wconf 80' lang='lat' dir='ltr'><strong>convexa</strong></span> <span class='ocrx_word' id='word_1_131' title='bbox 1339 1603 1440 1671; x_wconf 86' lang='lat' dir='ltr'><strong>radios</strong></span> <span class='ocrx_word' id='word_1_132' title='bbox 1464 1609 1527 1670; x_wconf 90' lang='lat' dir='ltr'><strong>lato</strong></span> <span class='ocrx_word' id='word_1_133' title='bbox 1551 1608 1661 1688; x_wconf 86' lang='lat' dir='ltr'><strong>angulo</strong></span> 
     </span>
     <span class='ocr_line' id='line_1_15' title="bbox 308 1695 1661 1778; baseline 0 -20"><span class='ocrx_word' id='word_1_134' title='bbox 308 1703 451 1759; x_wconf 89' lang='lat' dir='ltr'><strong>coeuntes</strong></span> <span class='ocrx_word' id='word_1_135' title='bbox 475 1701 617 1774; x_wconf 86' lang='lat' dir='ltr'><strong>acceptos</strong></span> <span class='ocrx_word' id='word_1_136' title='bbox 640 1695 671 1758; x_wconf 91' lang='lat' dir='ltr'><strong>in</strong></span> <span class='ocrx_word' id='word_1_137' title='bbox 695 1697 900 1775; x_wconf 86' lang='lat' dir='ltr'><strong>angustiorem</strong></span> <span class='ocrx_word' id='word_1_138' title='bbox 914 1698 1055 1777; x_wconf 87' lang='lat' dir='ltr'><strong>angulum</strong></span> <span class='ocrx_word' id='word_1_139' title='bbox 1078 1697 1251 1778; x_wconf 87' lang='lat' dir='ltr'><strong>repercutit,</strong></span> <span class='ocrx_word' id='word_1_140' title='bbox 1276 1715 1409 1759; x_wconf 86' lang='lat' dir='ltr'><strong>concava</strong></span> <span class='ocrx_word' id='word_1_141' title='bbox 1431 1695 1549 1760; x_wconf 86' lang='lat' dir='ltr'><strong>modica</strong></span> <span class='ocrx_word' id='word_1_142' title='bbox 1570 1695 1661 1758; x_wconf 89' lang='lat' dir='ltr'><strong>incli-</strong></span> 
     </span>
     <span class='ocr_line' id='line_1_16' title="bbox 308 1783 1662 1866; baseline -0.001 -19"><span class='ocrx_word' id='word_1_143' title='bbox 308 1785 431 1847; x_wconf 89' lang='lat' dir='ltr'><strong>natione</strong></span> <span class='ocrx_word' id='word_1_144' title='bbox 446 1783 485 1846; x_wconf 90' lang='lat' dir='ltr'><strong>ad</strong></span> <span class='ocrx_word' id='word_1_145' title='bbox 508 1783 669 1846; x_wconf 88' lang='lat' dir='ltr'><strong>coitionem</strong></span> <span class='ocrx_word' id='word_1_146' title='bbox 686 1793 884 1865; x_wconf 85' lang='lat' dir='ltr'><strong>properantes</strong></span> <span class='ocrx_word' id='word_1_147' title='bbox 908 1787 1072 1866; x_wconf 89' lang='lat' dir='ltr'><strong>repercutit</strong></span> <span class='ocrx_word' id='word_1_148' title='bbox 1086 1789 1114 1849; x_wconf 94' lang='lat' dir='ltr'><strong>in</strong></span> <span class='ocrx_word' id='word_1_149' title='bbox 1138 1785 1307 1848; x_wconf 89' lang='lat' dir='ltr'><strong>breviorem</strong></span> <span class='ocrx_word' id='word_1_150' title='bbox 1330 1785 1506 1866; x_wconf 78' lang='lat' dir='ltr'><strong>pyramide:</strong></span> <span class='ocrx_word' id='word_1_151' title='bbox 1532 1783 1662 1846; x_wconf 87' lang='lat' dir='ltr'><strong>medium</strong></span> 
     </span>
     <span class='ocr_line' id='line_1_17' title="bbox 309 1872 1662 1956; baseline 0 -22"><span class='ocrx_word' id='word_1_152' title='bbox 309 1873 432 1936; x_wconf 87' lang='lat' dir='ltr'><strong>densius</strong></span> <span class='ocrx_word' id='word_1_153' title='bbox 456 1872 597 1946; x_wconf 91' lang='lat' dir='ltr'><strong>coituros,</strong></span> <span class='ocrx_word' id='word_1_154' title='bbox 623 1873 802 1935; x_wconf 86' lang='lat' dir='ltr'><strong>refractione</strong></span> <span class='ocrx_word' id='word_1_155' title='bbox 819 1875 910 1950; x_wconf 84' lang='lat' dir='ltr'><strong>facta,</strong></span> <span class='ocrx_word' id='word_1_156' title='bbox 935 1875 1074 1936; x_wconf 90' lang='lat' dir='ltr'><strong>inlatum</strong></span> <span class='ocrx_word' id='word_1_157' title='bbox 1098 1875 1217 1956; x_wconf 89' lang='lat' dir='ltr'><strong>quidem</strong></span> <span class='ocrx_word' id='word_1_158' title='bbox 1230 1892 1306 1953; x_wconf 87' lang='lat' dir='ltr'><strong>pene</strong></span> <span class='ocrx_word' id='word_1_159' title='bbox 1326 1874 1399 1937; x_wconf 91' lang='lat' dir='ltr'><strong>nihil</strong></span> <span class='ocrx_word' id='word_1_160' title='bbox 1423 1881 1529 1947; x_wconf 88' lang='lat' dir='ltr'><strong>mutat,</strong></span> <span class='ocrx_word' id='word_1_161' title='bbox 1553 1873 1662 1952; x_wconf 85' lang='lat' dir='ltr'><strong>exiguo</strong></span> 
     </span>
     <span class='ocr_line' id='line_1_18' title="bbox 307 1961 1661 2044; baseline -0.001 -20"><span class='ocrx_word' id='word_1_162' title='bbox 307 1973 408 2024; x_wconf 71' lang='lat' dir='ltr'><strong>mmen</strong></span> <span class='ocrx_word' id='word_1_163' title='bbox 443 1961 560 2023; x_wconf 88' lang='lat' dir='ltr'><strong>acutius</strong></span> <span class='ocrx_word' id='word_1_164' title='bbox 594 1961 673 2022; x_wconf 89' lang='lat' dir='ltr'><strong>coire</strong></span> <span class='ocrx_word' id='word_1_165' title='bbox 702 1962 793 2036; x_wconf 87' lang='lat' dir='ltr'><strong>facit,</strong></span> <span class='ocrx_word' id='word_1_166' title='bbox 828 1963 857 2023; x_wconf 94' lang='lat' dir='ltr'><strong>in</strong></span> <span class='ocrx_word' id='word_1_167' title='bbox 890 1963 982 2025; x_wconf 87' lang='lat' dir='ltr'><strong>altum</strong></span> <span class='ocrx_word' id='word_1_168' title='bbox 1015 1981 1086 2026; x_wconf 90' lang='lat' dir='ltr'><strong>vero</strong></span> <span class='ocrx_word' id='word_1_169' title='bbox 1118 1964 1207 2044; x_wconf 89' lang='lat' dir='ltr'><strong>plane</strong></span> <span class='ocrx_word' id='word_1_170' title='bbox 1238 1962 1388 2024; x_wconf 89' lang='lat' dir='ltr'><strong>contrario</strong></span> <span class='ocrx_word' id='word_1_171' title='bbox 1416 1963 1504 2024; x_wconf 91' lang='lat' dir='ltr'><strong>modo</strong></span> <span class='ocrx_word' id='word_1_172' title='bbox 1527 1961 1610 2040; x_wconf 90' lang='lat' dir='ltr'><strong>cogit</strong></span> <span class='ocrx_word' id='word_1_173' title='bbox 1632 1961 1661 2022; x_wconf 89' lang='lat' dir='ltr'><strong>in</strong></span> 
     </span>
     <span class='ocr_line' id='line_1_19' title="bbox 307 2049 1661 2130; baseline -0.002 -18"><span class='ocrx_word' id='word_1_174' title='bbox 307 2067 449 2128; x_wconf 87' lang='lat' dir='ltr'><strong>magnum</strong></span> <span class='ocrx_word' id='word_1_175' title='bbox 474 2049 625 2126; x_wconf 80' lang='lat' dir='ltr'><strong>angulum</strong></span> <span class='ocrx_word' id='word_1_176' title='bbox 672 2050 757 2112; x_wconf 86' lang='lat' dir='ltr'><strong>Haec</strong></span> <span class='ocrx_word' id='word_1_177' title='bbox 780 2050 901 2130; x_wconf 91' lang='lat' dir='ltr'><strong>inquam</strong></span> <span class='ocrx_word' id='word_1_178' title='bbox 933 2051 1115 2130; x_wconf 82' lang='lat' dir='ltr'><strong>generaliter</strong></span> <span class='ocrx_word' id='word_1_179' title='bbox 1143 2052 1226 2113; x_wconf 89' lang='lat' dir='ltr'><strong>dicta</strong></span> <span class='ocrx_word' id='word_1_180' title='bbox 1248 2051 1278 2112; x_wconf 92' lang='lat' dir='ltr'><strong>in</strong></span> <span class='ocrx_word' id='word_1_181' title='bbox 1311 2050 1504 2130; x_wconf 87' lang='lat' dir='ltr'><strong>sequentibus</strong></span> <span class='ocrx_word' id='word_1_182' title='bbox 1535 2049 1661 2113; x_wconf 89' lang='lat' dir='ltr'><strong>demon-</strong></span> 
     </span>
     <span class='ocr_line' id='line_1_20' title="bbox 307 2136 1616 2220; baseline 0 -22"><span class='ocrx_word' id='word_1_183' title='bbox 307 2137 506 2199; x_wconf 90' lang='lat' dir='ltr'><strong>strationibus</strong></span> <span class='ocrx_word' id='word_1_184' title='bbox 531 2137 569 2196; x_wconf 93' lang='lat' dir='ltr'><strong>ob</strong></span> <span class='ocrx_word' id='word_1_185' title='bbox 593 2137 696 2198; x_wconf 90' lang='lat' dir='ltr'><strong>oculos</strong></span> <span class='ocrx_word' id='word_1_186' title='bbox 721 2145 903 2200; x_wconf 86' lang='lat' dir='ltr'><strong>statuantur.</strong></span> <span class='ocrx_word' id='word_1_187' title='bbox 951 2140 1037 2201; x_wconf 90' lang='lat' dir='ltr'><strong>Nunc</strong></span> <span class='ocrx_word' id='word_1_188' title='bbox 1062 2141 1159 2220; x_wconf 84' lang='lat' dir='ltr'><strong>ipsam</strong></span> <span class='ocrx_word' id='word_1_189' title='bbox 1182 2139 1468 2202; x_wconf 86' lang='lat' dir='ltr'><strong>demonstrationem</strong></span> <span class='ocrx_word' id='word_1_190' title='bbox 1492 2136 1616 2200; x_wconf 88' lang='lat' dir='ltr'><strong>adorno.</strong></span> 
     </span>
    </p>

    <p class='ocr_par' dir='ltr' id='par_1_6' title="bbox 305 2224 1662 2921">
     <span class='ocr_line' id='line_1_21' title="bbox 394 2224 1661 2308; baseline 0.001 -23"><span class='ocrx_word' id='word_1_191' title='bbox 394 2224 538 2286; x_wconf 86' lang='lat' dir='ltr'><strong>Definitio</strong></span> <span class='ocrx_word' id='word_1_192' title='bbox 562 2225 586 2287; x_wconf 93' lang='grc' dir='ltr'><strong>Ι.</strong></span> <span class='ocrx_word' id='word_1_193' title='bbox 634 2225 766 2289; x_wconf 89' lang='lat' dir='ltr'><strong>Primum</strong></span> <span class='ocrx_word' id='word_1_194' title='bbox 796 2245 834 2288; x_wconf 85' lang='lat' dir='ltr'><strong>ex</strong></span> <span class='ocrx_word' id='word_1_195' title='bbox 866 2228 1032 2308; x_wconf 90' lang='lat' dir='ltr'><strong>catoptrice</strong></span> <span class='ocrx_word' id='word_1_196' title='bbox 1062 2230 1091 2290; x_wconf 93' lang='lat' dir='ltr'><strong>in</strong></span> <span class='ocrx_word' id='word_1_197' title='bbox 1124 2239 1212 2308; x_wconf 86' lang='lat' dir='ltr'><strong>quam</strong></span> <span class='ocrx_word' id='word_1_198' title='bbox 1244 2227 1429 2305; x_wconf 88' lang='lat' dir='ltr'><strong>ingredimur</strong></span> <span class='ocrx_word' id='word_1_199' title='bbox 1461 2225 1661 2288; x_wconf 83' lang='lat' dir='ltr'><strong>definitionem</strong></span> 
     </span>
     <span class='ocr_line' id='line_1_22' title="bbox 306 2311 1662 2395; baseline 0.001 -22"><span class='ocrx_word' id='word_1_200' title='bbox 306 2311 447 2392; x_wconf 88' lang='lat' dir='ltr'><strong>imaginis</strong></span> <span class='ocrx_word' id='word_1_201' title='bbox 471 2313 640 2374; x_wconf 86' lang='lat' dir='ltr'><strong>desumtam</strong></span> <span class='ocrx_word' id='word_1_202' title='bbox 659 2311 693 2374; x_wconf 91' lang='lat' dir='ltr'><strong>in</strong></span> <span class='ocrx_word' id='word_1_203' title='bbox 712 2314 862 2378; x_wconf 91' lang='lat' dir='ltr'><strong>vestibulo</strong></span> <span class='ocrx_word' id='word_1_204' title='bbox 886 2316 1011 2379; x_wconf 92' lang='lat' dir='ltr'><strong>colloco.</strong></span> <span class='ocrx_word' id='word_1_205' title='bbox 1050 2318 1162 2378; x_wconf 92' lang='lat' dir='ltr'><strong>Dicunt</strong></span> <span class='ocrx_word' id='word_1_206' title='bbox 1181 2315 1259 2377; x_wconf 92' lang='lat' dir='ltr'><strong>euim</strong></span> <span class='ocrx_word' id='word_1_207' title='bbox 1282 2315 1443 2395; x_wconf 90' lang='lat' dir='ltr'><strong>imaginem</strong></span> <span class='ocrx_word' id='word_1_208' title='bbox 1467 2315 1569 2395; x_wconf 89' lang='lat' dir='ltr'><strong>optici,</strong></span> <span class='ocrx_word' id='word_1_209' title='bbox 1594 2333 1662 2376; x_wconf 90' lang='lat' dir='ltr'><strong>curn</strong></span> 
     </span>
     <span class='ocr_line' id='line_1_23' title="bbox 305 2400 1661 2485; baseline 0.001 -23"><span class='ocrx_word' id='word_1_210' title='bbox 305 2420 355 2462; x_wconf 90' lang='lat' dir='ltr'><strong>res</strong></span> <span class='ocrx_word' id='word_1_211' title='bbox 379 2401 447 2479; x_wconf 86' lang='lat' dir='ltr'><strong>ipsa</strong></span> <span class='ocrx_word' id='word_1_212' title='bbox 470 2400 590 2481; x_wconf 84' lang='lat' dir='ltr'><strong>quidem</strong></span> <span class='ocrx_word' id='word_1_213' title='bbox 614 2419 681 2462; x_wconf 88' lang='lat' dir='ltr'><strong>cum</strong></span> <span class='ocrx_word' id='word_1_214' title='bbox 705 2403 768 2464; x_wconf 91' lang='lat' dir='ltr'><strong>suis</strong></span> <span class='ocrx_word' id='word_1_215' title='bbox 801 2403 950 2465; x_wconf 90' lang='lat' dir='ltr'><strong>coloribus</strong></span> <span class='ocrx_word' id='word_1_216' title='bbox 974 2411 1006 2466; x_wconf 91' lang='lat' dir='ltr'><strong>et</strong></span> <span class='ocrx_word' id='word_1_217' title='bbox 1033 2407 1146 2485; x_wconf 85' lang='lat' dir='ltr'><strong>figurae</strong></span> <span class='ocrx_word' id='word_1_218' title='bbox 1178 2404 1316 2484; x_wconf 88' lang='lat' dir='ltr'><strong>partibus</strong></span> <span class='ocrx_word' id='word_1_219' title='bbox 1346 2403 1496 2478; x_wconf 84' lang='lat' dir='ltr'><strong>cernitur,</strong></span> <span class='ocrx_word' id='word_1_220' title='bbox 1522 2403 1577 2464; x_wconf 89' lang='lat' dir='ltr'><strong>sed</strong></span> <span class='ocrx_word' id='word_1_221' title='bbox 1599 2401 1661 2464; x_wconf 89' lang='lat' dir='ltr'><strong>situ</strong></span> 
     </span>
     <span class='ocr_line' id='line_1_24' title="bbox 306 2487 1662 2572; baseline -0.001 -21"><span class='ocrx_word' id='word_1_222' title='bbox 306 2489 415 2564; x_wconf 88' lang='lat' dir='ltr'><strong>alieno,</strong></span> <span class='ocrx_word' id='word_1_223' title='bbox 440 2487 550 2551; x_wconf 90' lang='lat' dir='ltr'><strong>alicubi</strong></span> <span class='ocrx_word' id='word_1_224' title='bbox 574 2496 606 2550; x_wconf 89' lang='lat' dir='ltr'><strong>et</strong></span> <span class='ocrx_word' id='word_1_225' title='bbox 625 2488 732 2552; x_wconf 89' lang='lat' dir='ltr'><strong>alienis</strong></span> <span class='ocrx_word' id='word_1_226' title='bbox 756 2491 861 2552; x_wconf 89' lang='lat' dir='ltr'><strong>induta</strong></span> <span class='ocrx_word' id='word_1_227' title='bbox 884 2495 1105 2572; x_wconf 89' lang='lat' dir='ltr'><strong>quantitatibus</strong></span> <span class='ocrx_word' id='word_1_228' title='bbox 1125 2502 1157 2555; x_wconf 91' lang='lat' dir='ltr'><strong>ct</strong></span> <span class='ocrx_word' id='word_1_229' title='bbox 1179 2492 1310 2571; x_wconf 88' lang='lat' dir='ltr'><strong>partium</strong></span> <span class='ocrx_word' id='word_1_230' title='bbox 1333 2493 1445 2571; x_wconf 88' lang='lat' dir='ltr'><strong>figurae</strong></span> <span class='ocrx_word' id='word_1_231' title='bbox 1468 2490 1662 2570; x_wconf 87' lang='lat' dir='ltr'><strong>proportione</strong></span> 
     </span>
     <span class='ocr_line' id='line_1_25' title="bbox 305 2577 1661 2661; baseline 0 -22"><span class='ocrx_word' id='word_1_232' title='bbox 305 2577 419 2656; x_wconf 89' lang='lat' dir='ltr'><strong>inepta.</strong></span> <span class='ocrx_word' id='word_1_233' title='bbox 467 2577 626 2639; x_wconf 85' lang='lat' dir='ltr'><strong>Breviter:</strong></span> <span class='ocrx_word' id='word_1_234' title='bbox 661 2578 762 2658; x_wconf 87' lang='lat' dir='ltr'><strong>imago</strong></span> <span class='ocrx_word' id='word_1_235' title='bbox 785 2587 835 2642; x_wconf 88' lang='lat' dir='ltr'><strong>est</strong></span> <span class='ocrx_word' id='word_1_236' title='bbox 864 2579 940 2640; x_wconf 93' lang='lat' dir='ltr'><strong>visio</strong></span> <span class='ocrx_word' id='word_1_237' title='bbox 963 2583 1007 2644; x_wconf 90' lang='lat' dir='ltr'><strong>rei</strong></span> <span class='ocrx_word' id='word_1_238' title='bbox 1039 2582 1167 2661; x_wconf 86' lang='lat' dir='ltr'><strong>alicujus</strong></span> <span class='ocrx_word' id='word_1_239' title='bbox 1191 2597 1257 2642; x_wconf 93' lang='lat' dir='ltr'><strong>cum</strong></span> <span class='ocrx_word' id='word_1_240' title='bbox 1288 2599 1388 2643; x_wconf 88' lang='lat' dir='ltr'><strong>errore</strong></span> <span class='ocrx_word' id='word_1_241' title='bbox 1421 2580 1600 2642; x_wconf 88' lang='lat' dir='ltr'><strong>facultatum</strong></span> <span class='ocrx_word' id='word_1_242' title='bbox 1623 2579 1661 2639; x_wconf 89' lang='lat' dir='ltr'><strong>ad</strong></span> 
     </span>
     <span class='ocr_line' id='line_1_26' title="bbox 306 2665 1662 2750; baseline 0.003 -26"><span class='ocrx_word' id='word_1_243' title='bbox 306 2665 404 2727; x_wconf 89' lang='lat' dir='ltr'><strong>visum</strong></span> <span class='ocrx_word' id='word_1_244' title='bbox 428 2666 668 2728; x_wconf 90' lang='lat' dir='ltr'><strong>concurrentium</strong></span> <span class='ocrx_word' id='word_1_245' title='bbox 692 2667 861 2747; x_wconf 86' lang='lat' dir='ltr'><strong>cunjuncta.</strong></span> <span class='ocrx_word' id='word_1_246' title='bbox 899 2668 1004 2749; x_wconf 86' lang='lat' dir='ltr'><strong>Imago</strong></span> <span class='ocrx_word' id='word_1_247' title='bbox 1028 2670 1120 2748; x_wconf 91' lang='lat' dir='ltr'><strong>igitur</strong></span> <span class='ocrx_word' id='word_1_248' title='bbox 1142 2687 1196 2750; x_wconf 90' lang='lat' dir='ltr'><strong>per</strong></span> <span class='ocrx_word' id='word_1_249' title='bbox 1216 2689 1249 2730; x_wconf 92' lang='lat' dir='ltr'><strong>se</strong></span> <span class='ocrx_word' id='word_1_250' title='bbox 1274 2687 1349 2748; x_wconf 90' lang='lat' dir='ltr'><strong>pene</strong></span> <span class='ocrx_word' id='word_1_251' title='bbox 1374 2667 1447 2729; x_wconf 91' lang='lat' dir='ltr'><strong>nihil</strong></span> <span class='ocrx_word' id='word_1_252' title='bbox 1470 2675 1527 2739; x_wconf 89' lang='lat' dir='ltr'><strong>est,</strong></span> <span class='ocrx_word' id='word_1_253' title='bbox 1551 2667 1662 2746; x_wconf 88' lang='lat' dir='ltr'><strong>imagi-</strong></span> 
     </span>
     <span class='ocr_line' id='line_1_27' title="bbox 305 2753 1661 2837; baseline 0.001 -22"><span class='ocrx_word' id='word_1_254' title='bbox 305 2753 389 2816; x_wconf 86' lang='lat' dir='ltr'><strong>natio</strong></span> <span class='ocrx_word' id='word_1_255' title='bbox 412 2753 512 2832; x_wconf 88' lang='lat' dir='ltr'><strong>potius</strong></span> <span class='ocrx_word' id='word_1_256' title='bbox 547 2754 685 2818; x_wconf 88' lang='lat' dir='ltr'><strong>dicenda.</strong></span> <span class='ocrx_word' id='word_1_257' title='bbox 733 2755 797 2818; x_wconf 89' lang='lat' dir='ltr'><strong>Res</strong></span> <span class='ocrx_word' id='word_1_258' title='bbox 821 2765 870 2818; x_wconf 91' lang='lat' dir='ltr'><strong>est</strong></span> <span class='ocrx_word' id='word_1_259' title='bbox 899 2757 1068 2837; x_wconf 90' lang='lat' dir='ltr'><strong>composita</strong></span> <span class='ocrx_word' id='word_1_260' title='bbox 1091 2777 1129 2818; x_wconf 83' lang='lat' dir='ltr'><strong>ex</strong></span> <span class='ocrx_word' id='word_1_261' title='bbox 1153 2757 1253 2836; x_wconf 88' lang='lat' dir='ltr'><strong>specie</strong></span> <span class='ocrx_word' id='word_1_262' title='bbox 1285 2757 1394 2818; x_wconf 89' lang='lat' dir='ltr'><strong>coloris</strong></span> <span class='ocrx_word' id='word_1_263' title='bbox 1417 2757 1465 2818; x_wconf 88' lang='lat' dir='ltr'><strong>vel</strong></span> <span class='ocrx_word' id='word_1_264' title='bbox 1488 2755 1563 2817; x_wconf 90' lang='lat' dir='ltr'><strong>lucis</strong></span> <span class='ocrx_word' id='word_1_265' title='bbox 1587 2755 1661 2817; x_wconf 88' lang='lat' dir='ltr'><strong>reali</strong></span> 
     </span>
     <span class='ocr_line' id='line_1_28' title="bbox 305 2841 861 2921; baseline 0.005 -18"><span class='ocrx_word' id='word_1_266' title='bbox 305 2852 338 2903; x_wconf 93' lang='lat' dir='ltr'><strong>et</strong></span> <span class='ocrx_word' id='word_1_267' title='bbox 361 2841 581 2921; x_wconf 89' lang='lat' dir='ltr'><strong>quantitatibus</strong></span> <span class='ocrx_word' id='word_1_268' title='bbox 604 2842 861 2908; x_wconf 85' lang='lat' dir='ltr'><strong>intentionalibue.</strong></span> 
     </span>
    </p>

    <p class='ocr_par' dir='ltr' id='par_1_7' title="bbox 305 2928 1663 3450">
     <span class='ocr_line' id='line_1_29' title="bbox 398 2928 1663 3013; baseline 0 -21"><span class='ocrx_word' id='word_1_269' title='bbox 398 2928 474 2992; x_wconf 84' lang='lat' dir='ltr'><strong>Cum</strong></span> <span class='ocrx_word' id='word_1_270' title='bbox 497 2931 590 3009; x_wconf 88' lang='lat' dir='ltr'><strong>igitur·</strong></span> <span class='ocrx_word' id='word_1_271' title='bbox 613 2931 711 3011; x_wconf 86' lang='lat' dir='ltr'><strong>imago</strong></span> <span class='ocrx_word' id='word_1_272' title='bbox 736 2932 778 2994; x_wconf 91' lang='lat' dir='ltr'><strong>sit</strong></span> <span class='ocrx_word' id='word_1_273' title='bbox 805 2933 887 2995; x_wconf 86' lang='lat' dir='ltr'><strong>visus</strong></span> <span class='ocrx_word' id='word_1_274' title='bbox 916 2951 1004 3012; x_wconf 85' lang='lat' dir='ltr'><strong>opus,</strong></span> <span class='ocrx_word' id='word_1_275' title='bbox 1039 2935 1076 2994; x_wconf 91' lang='lat' dir='ltr'><strong>de</strong></span> <span class='ocrx_word' id='word_1_276' title='bbox 1105 2933 1171 2994; x_wconf 89' lang='lat' dir='ltr'><strong>visu</strong></span> <span class='ocrx_word' id='word_1_277' title='bbox 1200 2951 1315 3013; x_wconf 89' lang='lat' dir='ltr'><strong>quoque</strong></span> <span class='ocrx_word' id='word_1_278' title='bbox 1345 2931 1569 3011; x_wconf 87' lang='lat' dir='ltr'><strong>praemittenda</strong></span> <span class='ocrx_word' id='word_1_279' title='bbox 1591 2940 1663 2993; x_wconf 92' lang='lat' dir='ltr'><strong>sunt</strong></span> 
     </span>
     <span class='ocr_line' id='line_1_30' title="bbox 305 3017 1662 3102; baseline 0.001 -24"><span class='ocrx_word' id='word_1_280' title='bbox 305 3017 416 3096; x_wconf 88' lang='lat' dir='ltr'><strong>aliqua.</strong></span> <span class='ocrx_word' id='word_1_281' title='bbox 463 3018 582 3080; x_wconf 81' lang='lat' dir='ltr'><strong>Etenim</strong></span> <span class='ocrx_word' id='word_1_282' title='bbox 609 3021 637 3080; x_wconf 91' lang='lat' dir='ltr'><strong>in</strong></span> <span class='ocrx_word' id='word_1_283' title='bbox 661 3019 791 3100; x_wconf 90' lang='lat' dir='ltr'><strong>imagine</strong></span> <span class='ocrx_word' id='word_1_284' title='bbox 815 3030 886 3084; x_wconf 91' lang='lat' dir='ltr'><strong>sunt</strong></span> <span class='ocrx_word' id='word_1_285' title='bbox 908 3023 983 3084; x_wconf 86' lang='lat' dir='ltr'><strong>haec</strong></span> <span class='ocrx_word' id='word_1_286' title='bbox 1006 3029 1134 3102; x_wconf 88' lang='lat' dir='ltr'><strong>quatuor</strong></span> <span class='ocrx_word' id='word_1_287' title='bbox 1156 3022 1362 3100; x_wconf 85' lang='lat' dir='ltr'><strong>potissimum,</strong></span> <span class='ocrx_word' id='word_1_288' title='bbox 1387 3021 1482 3094; x_wconf 92' lang='lat' dir='ltr'><strong>color,</strong></span> <span class='ocrx_word' id='word_1_289' title='bbox 1508 3020 1584 3082; x_wconf 88' lang='lat' dir='ltr'><strong>situs</strong></span> <span class='ocrx_word' id='word_1_290' title='bbox 1608 3039 1662 3081; x_wconf 88' lang='lat' dir='ltr'><strong>seu</strong></span> 
     </span>
     <span class='ocr_line' id='line_1_31' title="bbox 306 3105 1661 3191; baseline 0.003 -25"><span class='ocrx_word' id='word_1_291' title='bbox 306 3106 408 3184; x_wconf 87' lang='lat' dir='ltr'><strong>plaga,</strong></span> <span class='ocrx_word' id='word_1_292' title='bbox 432 3105 590 3182; x_wconf 89' lang='lat' dir='ltr'><strong>distantia,</strong></span> <span class='ocrx_word' id='word_1_293' title='bbox 615 3108 785 3188; x_wconf 88' lang='lat' dir='ltr'><strong>quantitas,</strong></span> <span class='ocrx_word' id='word_1_294' title='bbox 812 3129 935 3191; x_wconf 91' lang='lat' dir='ltr'><strong>quorum</strong></span> <span class='ocrx_word' id='word_1_295' title='bbox 965 3109 1084 3190; x_wconf 85' lang='lat' dir='ltr'><strong>singula</strong></span> <span class='ocrx_word' id='word_1_296' title='bbox 1107 3129 1163 3188; x_wconf 93' lang='lat' dir='ltr'><strong>quo</strong></span> <span class='ocrx_word' id='word_1_297' title='bbox 1186 3110 1291 3172; x_wconf 88' lang='lat' dir='ltr'><strong>visorii</strong></span> <span class='ocrx_word' id='word_1_298' title='bbox 1316 3109 1507 3171; x_wconf 89' lang='lat' dir='ltr'><strong>instrumenti</strong></span> <span class='ocrx_word' id='word_1_299' title='bbox 1531 3108 1661 3171; x_wconf 90' lang='lat' dir='ltr'><strong>admini-</strong></span> 
     </span>
     <span class='ocr_line' id='line_1_32' title="bbox 306 3192 1661 3279; baseline 0.003 -25"><span class='ocrx_word' id='word_1_300' title='bbox 306 3192 383 3265; x_wconf 89' lang='lat' dir='ltr'><strong>culo,</strong></span> <span class='ocrx_word' id='word_1_301' title='bbox 410 3193 516 3271; x_wconf 91' lang='lat' dir='ltr'><strong>quibus</strong></span> <span class='ocrx_word' id='word_1_302' title='bbox 531 3195 673 3258; x_wconf 91' lang='lat' dir='ltr'><strong>subsidiis</strong></span> <span class='ocrx_word' id='word_1_303' title='bbox 689 3199 990 3276; x_wconf 67' lang='lat' dir='ltr'><strong>comprehendantur,</strong></span> <span class='ocrx_word' id='word_1_304' title='bbox 1007 3199 1236 3279; x_wconf 84' lang='lat' dir='ltr'><strong>explicandum:</strong></span> <span class='ocrx_word' id='word_1_305' title='bbox 1258 3198 1394 3279; x_wconf 88' lang='lat' dir='ltr'><strong>quamvis</strong></span> <span class='ocrx_word' id='word_1_306' title='bbox 1415 3199 1519 3259; x_wconf 88' lang='lat' dir='ltr'><strong>eadem</strong></span> <span class='ocrx_word' id='word_1_307' title='bbox 1535 3197 1661 3259; x_wconf 87' lang='lat' dir='ltr'><strong>Vitellio</strong></span> 
     </span>
     <span class='ocr_line' id='line_1_33' title="bbox 307 3277 1660 3365; baseline 0.005 -26"><span class='ocrx_word' id='word_1_308' title='bbox 307 3277 428 3342; x_wconf 87' lang='lat' dir='ltr'><strong>libro3.</strong></span> <span class='ocrx_word' id='word_1_309' title='bbox 451 3288 482 3342; x_wconf 90' lang='lat' dir='ltr'><strong>et</strong></span> <span class='ocrx_word' id='word_1_310' title='bbox 496 3279 527 3345; x_wconf 84' lang='grc'><strong>4.</strong></span> <span class='ocrx_word' id='word_1_311' title='bbox 554 3284 760 3364; x_wconf 86' lang='lat' dir='ltr'><strong>explicaverit.</strong></span> <span class='ocrx_word' id='word_1_312' title='bbox 799 3286 896 3349; x_wconf 88' lang='lat' dir='ltr'><strong>Nobis</strong></span> <span class='ocrx_word' id='word_1_313' title='bbox 920 3295 1019 3348; x_wconf 87' lang='lat' dir='ltr'><strong>tamen</strong></span> <span class='ocrx_word' id='word_1_314' title='bbox 1044 3286 1293 3348; x_wconf 88' lang='lat' dir='ltr'><strong>demonstrationi</strong></span> <span class='ocrx_word' id='word_1_315' title='bbox 1317 3287 1476 3348; x_wconf 90' lang='lat' dir='ltr'><strong>institutae</strong></span> <span class='ocrx_word' id='word_1_316' title='bbox 1500 3294 1547 3346; x_wconf 85' lang='lat' dir='ltr'><strong>est</strong></span> <span class='ocrx_word' id='word_1_317' title='bbox 1570 3286 1660 3365; x_wconf 86' lang='lat' dir='ltr'><strong>paulo</strong></span> 
     </span>
     <span class='ocr_line' id='line_1_34' title="bbox 308 3369 937 3450; baseline 0.01 -22"><span class='ocrx_word' id='word_1_318' title='bbox 308 3369 429 3448; x_wconf 88' lang='lat' dir='ltr'><strong>propius</strong></span> <span class='ocrx_word' id='word_1_319' title='bbox 454 3370 710 3450; x_wconf 89' lang='lat' dir='ltr'><strong>adremigandum.</strong></span> <span class='ocrx_word' id='word_1_320' title='bbox 931 3381 937 3389; x_wconf 77' lang='grc'><strong>“</strong></span> 
     </span>
    </p>

    <p class='ocr_par' dir='ltr' id='par_1_8' title="bbox 307 3457 1661 3808">
     <span class='ocr_line' id='line_1_35' title="bbox 395 3457 1658 3542; baseline 0.003 -25"><span class='ocrx_word' id='word_1_321' title='bbox 395 3457 565 3536; x_wconf 90' lang='lat' dir='ltr'><strong>Propositio</strong></span> <span class='ocrx_word' id='word_1_322' title='bbox 590 3460 613 3522; x_wconf 94' lang='lat' dir='ltr'><strong>I.</strong></span> <span class='ocrx_word' id='word_1_323' title='bbox 652 3459 728 3522; x_wconf 84' lang='lat' dir='ltr'><strong>Cum</strong></span> <span class='ocrx_word' id='word_1_324' title='bbox 752 3461 845 3542; x_wconf 90' lang='lat' dir='ltr'><strong>igitur</strong></span> <span class='ocrx_word' id='word_1_325' title='bbox 869 3461 943 3524; x_wconf 89' lang='lat' dir='ltr'><strong>visio</strong></span> <span class='ocrx_word' id='word_1_326' title='bbox 963 3462 1004 3523; x_wconf 89' lang='lat' dir='ltr'><strong>sit</strong></span> <span class='ocrx_word' id='word_1_327' title='bbox 1026 3461 1128 3541; x_wconf 88' lang='lat' dir='ltr'><strong>passio</strong></span> <span class='ocrx_word' id='word_1_328' title='bbox 1148 3470 1181 3524; x_wconf 91' lang='lat' dir='ltr'><strong>et</strong></span> <span class='ocrx_word' id='word_1_329' title='bbox 1203 3463 1305 3541; x_wconf 92' lang='lat' dir='ltr'><strong>passio</strong></span> <span class='ocrx_word' id='word_1_330' title='bbox 1330 3463 1383 3523; x_wconf 88' lang='lat' dir='ltr'><strong>fiat</strong></span> <span class='ocrx_word' id='word_1_331' title='bbox 1400 3480 1455 3541; x_wconf 88' lang='lat' dir='ltr'><strong>per</strong></span> <span class='ocrx_word' id='word_1_332' title='bbox 1477 3467 1658 3534; x_wconf 86' lang='lat' dir='ltr'><strong>contactum,</strong></span> 
     </span>
     <span class='ocr_line' id='line_1_36' title="bbox 308 3543 1660 3628; baseline 0.003 -23"><span class='ocrx_word' id='word_1_333' title='bbox 308 3543 381 3606; x_wconf 87' lang='lat' dir='ltr'><strong>nihil</strong></span> <span class='ocrx_word' id='word_1_334' title='bbox 406 3544 497 3624; x_wconf 89' lang='lat' dir='ltr'><strong>igitur</strong></span> <span class='ocrx_word' id='word_1_335' title='bbox 520 3547 666 3610; x_wconf 88' lang='lat' dir='ltr'><strong>dictorum</strong></span> <span class='ocrx_word' id='word_1_336' title='bbox 690 3551 958 3628; x_wconf 87' lang='lat' dir='ltr'><strong>comprehendetur</strong></span> <span class='ocrx_word' id='word_1_337' title='bbox 976 3551 1053 3612; x_wconf 88' lang='lat' dir='ltr'><strong>citra</strong></span> <span class='ocrx_word' id='word_1_338' title='bbox 1076 3558 1248 3613; x_wconf 88' lang='lat' dir='ltr'><strong>contactum</strong></span> <span class='ocrx_word' id='word_1_339' title='bbox 1268 3559 1320 3614; x_wconf 90' lang='lat' dir='ltr'><strong>aut</strong></span> <span class='ocrx_word' id='word_1_340' title='bbox 1342 3559 1499 3612; x_wconf 85' lang='lat' dir='ltr'><strong>contactus</strong></span> <span class='ocrx_word' id='word_1_341' title='bbox 1524 3549 1660 3628; x_wconf 88' lang='lat' dir='ltr'><strong>qualem-</strong></span> 
     </span>
     <span class='ocr_line' id='line_1_37' title="bbox 307 3633 1661 3718; baseline 0.004 -25"><span class='ocrx_word' id='word_1_342' title='bbox 307 3652 422 3712; x_wconf 88' lang='lat' dir='ltr'><strong>cunque</strong></span> <span class='ocrx_word' id='word_1_343' title='bbox 453 3633 610 3696; x_wconf 87' lang='lat' dir='ltr'><strong>rationem.</strong></span> <span class='ocrx_word' id='word_1_344' title='bbox 659 3636 826 3702; x_wconf 86' lang='lat' dir='ltr'><strong>Contactus</strong></span> <span class='ocrx_word' id='word_1_345' title='bbox 859 3647 959 3702; x_wconf 87' lang='lat' dir='ltr'><strong>autem</strong></span> <span class='ocrx_word' id='word_1_346' title='bbox 987 3640 1035 3702; x_wconf 84' lang='lat' dir='ltr'><strong>lric</strong></span> <span class='ocrx_word' id='word_1_347' title='bbox 1067 3637 1245 3718; x_wconf 88' lang='lat' dir='ltr'><strong>intelligitur</strong></span> <span class='ocrx_word' id='word_1_348' title='bbox 1276 3639 1497 3718; x_wconf 86' lang='lat' dir='ltr'><strong>superficierum</strong></span> <span class='ocrx_word' id='word_1_349' title='bbox 1527 3637 1606 3700; x_wconf 89' lang='lat' dir='ltr'><strong>oculi</strong></span> <span class='ocrx_word' id='word_1_350' title='bbox 1629 3644 1661 3698; x_wconf 90' lang='lat' dir='ltr'><strong>st</strong></span> 
     </span>
     <span class='ocr_line' id='line_1_38' title="bbox 307 3721 1345 3808; baseline 0.004 -26"><span class='ocrx_word' id='word_1_351' title='bbox 307 3721 420 3800; x_wconf 81' lang='lat' dir='ltr'><strong>speciei</strong></span> <span class='ocrx_word' id='word_1_352' title='bbox 444 3739 496 3782; x_wconf 89' lang='lat' dir='ltr'><strong>seu</strong></span> <span class='ocrx_word' id='word_1_353' title='bbox 521 3723 670 3786; x_wconf 88' lang='lat' dir='ltr'><strong>radiorum</strong></span> <span class='ocrx_word' id='word_1_354' title='bbox 696 3726 827 3790; x_wconf 85' lang='lat' dir='ltr'><strong>arabus</strong></span> <span class='ocrx_word' id='word_1_355' title='bbox 852 3729 922 3808; x_wconf 91' lang='lat' dir='ltr'><strong>(per</strong></span> <span class='ocrx_word' id='word_1_356' title='bbox 945 3727 1117 3807; x_wconf 85' lang='lat' dir='ltr'><strong>superiora)</strong></span> <span class='ocrx_word' id='word_1_357' title='bbox 1141 3727 1345 3790; x_wconf 86' lang='lat' dir='ltr'><strong>defluentium.</strong></span> 
     </span>
    </p>

    <p class='ocr_par' dir='ltr' id='par_1_9' title="bbox 306 3809 1660 4162">
     <span class='ocr_line' id='line_1_39' title="bbox 394 3809 1659 3896; baseline 0.002 -24"><span class='ocrx_word' id='word_1_358' title='bbox 394 3809 567 3890; x_wconf 90' lang='lat' dir='ltr'><strong>Propositio</strong></span> <span class='ocrx_word' id='word_1_359' title='bbox 591 3811 630 3875; x_wconf 91' lang='lat' dir='ltr'><strong>Il.</strong></span> <span class='ocrx_word' id='word_1_360' title='bbox 679 3813 755 3877; x_wconf 83' lang='lat' dir='ltr'><strong>Cum</strong></span> <span class='ocrx_word' id='word_1_361' title='bbox 784 3816 875 3895; x_wconf 87' lang='lat' dir='ltr'><strong>igitur</strong></span> <span class='ocrx_word' id='word_1_362' title='bbox 908 3816 1018 3896; x_wconf 88' lang='lat' dir='ltr'><strong>aliquid</strong></span> <span class='ocrx_word' id='word_1_363' title='bbox 1050 3816 1161 3878; x_wconf 87' lang='lat' dir='ltr'><strong>accidit</strong></span> <span class='ocrx_word' id='word_1_364' title='bbox 1191 3815 1302 3894; x_wconf 89' lang='lat' dir='ltr'><strong>speciei</strong></span> <span class='ocrx_word' id='word_1_365' title='bbox 1336 3814 1410 3876; x_wconf 90' lang='lat' dir='ltr'><strong>lucis</strong></span> <span class='ocrx_word' id='word_1_366' title='bbox 1434 3822 1466 3876; x_wconf 90' lang='lat' dir='ltr'><strong>et</strong></span> <span class='ocrx_word' id='word_1_367' title='bbox 1497 3813 1606 3876; x_wconf 87' lang='lat' dir='ltr'><strong>coloris</strong></span> <span class='ocrx_word' id='word_1_368' title='bbox 1630 3814 1659 3874; x_wconf 90' lang='lat' dir='ltr'><strong>in</strong></span> 
     </span>
     <span class='ocr_line' id='line_1_40' title="bbox 307 3898 1660 3984; baseline 0.002 -24"><span class='ocrx_word' id='word_1_369' title='bbox 307 3898 404 3960; x_wconf 90' lang='lat' dir='ltr'><strong>medio</strong></span> <span class='ocrx_word' id='word_1_370' title='bbox 435 3899 558 3973; x_wconf 86' lang='lat' dir='ltr'><strong>itinere,</strong></span> <span class='ocrx_word' id='word_1_371' title='bbox 591 3908 626 3962; x_wconf 90' lang='lat' dir='ltr'><strong>ut</strong></span> <span class='ocrx_word' id='word_1_372' title='bbox 648 3921 667 3962; x_wconf 88' lang='lat' dir='ltr'><strong>a</strong></span> <span class='ocrx_word' id='word_1_373' title='bbox 690 3904 903 3984; x_wconf 86' lang='lat' dir='ltr'><strong>superficiebus</strong></span> <span class='ocrx_word' id='word_1_374' title='bbox 927 3904 975 3965; x_wconf 91' lang='lat' dir='ltr'><strong>vel</strong></span> <span class='ocrx_word' id='word_1_375' title='bbox 1006 3903 1109 3983; x_wconf 90' lang='lat' dir='ltr'><strong>politis</strong></span> <span class='ocrx_word' id='word_1_376' title='bbox 1140 3905 1189 3964; x_wconf 90' lang='lat' dir='ltr'><strong>vel</strong></span> <span class='ocrx_word' id='word_1_377' title='bbox 1221 3903 1385 3965; x_wconf 90' lang='lat' dir='ltr'><strong>mediorum</strong></span> <span class='ocrx_word' id='word_1_378' title='bbox 1417 3902 1589 3964; x_wconf 90' lang='lat' dir='ltr'><strong>densiorum</strong></span> <span class='ocrx_word' id='word_1_379' title='bbox 1611 3901 1660 3963; x_wconf 89' lang='lat' dir='ltr'><strong>vel</strong></span> 
     </span>
     <span class='ocr_line' id='line_1_41' title="bbox 306 3987 1660 4073; baseline 0.003 -28"><span class='ocrx_word' id='word_1_380' title='bbox 306 3987 547 4065; x_wconf 88' lang='lat' dir='ltr'><strong>repercutiantur</strong></span> <span class='ocrx_word' id='word_1_381' title='bbox 569 3989 618 4050; x_wconf 92' lang='lat' dir='ltr'><strong>vel</strong></span> <span class='ocrx_word' id='word_1_382' title='bbox 641 3991 854 4071; x_wconf 77' lang='lat' dir='ltr'><strong>refringantur,</strong></span> <span class='ocrx_word' id='word_1_383' title='bbox 879 3993 909 4054; x_wconf 92' lang='lat' dir='ltr'><strong>id</strong></span> <span class='ocrx_word' id='word_1_384' title='bbox 933 4000 1076 4073; x_wconf 89' lang='lat' dir='ltr'><strong>tanquam</strong></span> <span class='ocrx_word' id='word_1_385' title='bbox 1100 4013 1119 4052; x_wconf 91' lang='lat' dir='ltr'><strong>a</strong></span> <span class='ocrx_word' id='word_1_386' title='bbox 1143 4000 1282 4054; x_wconf 89' lang='lat' dir='ltr'><strong>contactu</strong></span> <span class='ocrx_word' id='word_1_387' title='bbox 1312 3992 1389 4054; x_wconf 92' lang='lat' dir='ltr'><strong>oculi</strong></span> <span class='ocrx_word' id='word_1_388' title='bbox 1412 3992 1501 4072; x_wconf 81' lang='lat' dir='ltr'><strong>plane</strong></span> <span class='ocrx_word' id='word_1_389' title='bbox 1525 3998 1557 4051; x_wconf 89' lang='lat' dir='ltr'><strong>et</strong></span> <span class='ocrx_word' id='word_1_390' title='bbox 1579 3989 1660 4050; x_wconf 89' lang='lat' dir='ltr'><strong>omui</strong></span> 
     </span>
     <span class='ocr_line' id='line_1_42' title="bbox 307 4077 1660 4162; baseline 0.003 -27"><span class='ocrx_word' id='word_1_391' title='bbox 307 4083 446 4153; x_wconf 88' lang='lat' dir='ltr'><strong>respectu</strong></span> <span class='ocrx_word' id='word_1_392' title='bbox 477 4085 623 4140; x_wconf 86' lang='lat' dir='ltr'><strong>remotum</strong></span> <span class='ocrx_word' id='word_1_393' title='bbox 646 4098 704 4142; x_wconf 91' lang='lat' dir='ltr'><strong>non</strong></span> <span class='ocrx_word' id='word_1_394' title='bbox 739 4081 1008 4162; x_wconf 89' lang='lat' dir='ltr'><strong>comprehendetur</strong></span> <span class='ocrx_word' id='word_1_395' title='bbox 1029 4080 1068 4141; x_wconf 92' lang='lat' dir='ltr'><strong>ab</strong></span> <span class='ocrx_word' id='word_1_396' title='bbox 1092 4081 1178 4141; x_wconf 89' lang='lat' dir='ltr'><strong>oculo</strong></span> <span class='ocrx_word' id='word_1_397' title='bbox 1204 4091 1258 4142; x_wconf 88' lang='lat' dir='ltr'><strong>ant</strong></span> <span class='ocrx_word' id='word_1_398' title='bbox 1289 4079 1433 4142; x_wconf 85' lang='lat' dir='ltr'><strong>censoriis</strong></span> <span class='ocrx_word' id='word_1_399' title='bbox 1462 4077 1660 4140; x_wconf 85' lang='lat' dir='ltr'><strong>facultatibus</strong></span> 
     </span>
    </p>
   </div>
   <div class='ocr_carea' id='block_1_6' title="bbox 199 4163 598 4254">
    <p class='ocr_par' dir='ltr' id='par_1_10' title="bbox 199 4163 598 4254">
     <span class='ocr_line' id='line_1_43' title="bbox 199 4163 598 4254; baseline 0.018 -34"><span class='ocrx_word' id='word_1_400' title='bbox 199 4247 204 4254; x_wconf 25' lang='grc' dir='ltr'>ι</span> <span class='ocrx_word' id='word_1_401' title='bbox 307 4163 392 4223; x_wconf 91' lang='lat' dir='ltr'><strong>oculo</strong></span> <span class='ocrx_word' id='word_1_402' title='bbox 416 4163 598 4227; x_wconf 87' lang='lat' dir='ltr'><strong>astantibus.</strong></span> 
     </span>
    </p>
   </div>
   <div class='ocr_carea' id='block_1_7' title="bbox 307 4250 1661 4870">
    <p class='ocr_par' dir='ltr' id='par_1_11' title="bbox 307 4250 1661 4598">
     <span class='ocr_line' id='line_1_44' title="bbox 395 4250 1659 4334; baseline 0.002 -22"><span class='ocrx_word' id='word_1_403' title='bbox 395 4250 567 4331; x_wconf 88' lang='lat' dir='ltr'><strong>Propositio</strong></span> <span class='ocrx_word' id='word_1_404' title='bbox 585 4254 647 4322; x_wconf 83' lang='grc' dir='ltr'><strong>ΙΙΙ.</strong></span> <span class='ocrx_word' id='word_1_405' title='bbox 694 4256 765 4319; x_wconf 87' lang='lat' dir='ltr'><strong>Jam</strong></span> <span class='ocrx_word' id='word_1_406' title='bbox 797 4257 854 4319; x_wconf 92' lang='lat' dir='ltr'><strong>boc</strong></span> <span class='ocrx_word' id='word_1_407' title='bbox 878 4277 897 4317; x_wconf 91' lang='lat' dir='ltr'><strong>a</strong></span> <span class='ocrx_word' id='word_1_408' title='bbox 921 4274 1011 4317; x_wconf 86' lang='lat' dir='ltr'><strong>sensu</strong></span> <span class='ocrx_word' id='word_1_409' title='bbox 1044 4257 1170 4334; x_wconf 87' lang='lat' dir='ltr'><strong>petitum</strong></span> <span class='ocrx_word' id='word_1_410' title='bbox 1194 4255 1223 4316; x_wconf 91' lang='lat' dir='ltr'><strong>in</strong></span> <span class='ocrx_word' id='word_1_411' title='bbox 1253 4255 1391 4317; x_wconf 85' lang='lat' dir='ltr'><strong>confesso</strong></span> <span class='ocrx_word' id='word_1_412' title='bbox 1425 4254 1481 4326; x_wconf 88' lang='lat' dir='ltr'><strong>sit,</strong></span> <span class='ocrx_word' id='word_1_413' title='bbox 1514 4252 1659 4314; x_wconf 88' lang='lat' dir='ltr'><strong>visionem</strong></span> 
     </span>
     <span class='ocr_line' id='line_1_45' title="bbox 307 4337 1659 4424; baseline 0.001 -25"><span class='ocrx_word' id='word_1_414' title='bbox 307 4337 470 4416; x_wconf 86' lang='lat' dir='ltr'><strong>legitimam</strong></span> <span class='ocrx_word' id='word_1_415' title='bbox 495 4341 572 4410; x_wconf 83' lang='lat' dir='ltr'><strong>neri,</strong></span> <span class='ocrx_word' id='word_1_416' title='bbox 598 4347 716 4423; x_wconf 89' lang='lat' dir='ltr'><strong>quando</strong></span> <span class='ocrx_word' id='word_1_417' title='bbox 739 4345 846 4407; x_wconf 88' lang='lat' dir='ltr'><strong>valvae</strong></span> <span class='ocrx_word' id='word_1_418' title='bbox 870 4365 922 4407; x_wconf 90' lang='lat' dir='ltr'><strong>seu</strong></span> <span class='ocrx_word' id='word_1_419' title='bbox 946 4344 1061 4424; x_wconf 92' lang='lat' dir='ltr'><strong>pupilla</strong></span> <span class='ocrx_word' id='word_1_420' title='bbox 1089 4342 1166 4406; x_wconf 89' lang='lat' dir='ltr'><strong>oculi</strong></span> <span class='ocrx_word' id='word_1_421' title='bbox 1195 4343 1269 4406; x_wconf 88' lang='lat' dir='ltr'><strong>lucis</strong></span> <span class='ocrx_word' id='word_1_422' title='bbox 1292 4341 1377 4404; x_wconf 89' lang='lat' dir='ltr'><strong>radio</strong></span> <span class='ocrx_word' id='word_1_423' title='bbox 1404 4343 1540 4421; x_wconf 83' lang='lat' dir='ltr'><strong>proxime</strong></span> <span class='ocrx_word' id='word_1_424' title='bbox 1564 4343 1659 4403; x_wconf 83' lang='lat' dir='ltr'><strong>adve-</strong></span> 
     </span>
     <span class='ocr_line' id='line_1_46' title="bbox 307 4425 1661 4513; baseline 0.003 -27"><span class='ocrx_word' id='word_1_425' title='bbox 307 4425 401 4488; x_wconf 87' lang='lat' dir='ltr'><strong>nienti</strong></span> <span class='ocrx_word' id='word_1_426' title='bbox 434 4429 603 4508; x_wconf 90' lang='lat' dir='ltr'><strong>opponitur.</strong></span> <span class='ocrx_word' id='word_1_427' title='bbox 652 4433 725 4496; x_wconf 90' lang='lat' dir='ltr'><strong>Inde</strong></span> <span class='ocrx_word' id='word_1_428' title='bbox 757 4441 907 4513; x_wconf 86' lang='lat' dir='ltr'><strong>sequetur,</strong></span> <span class='ocrx_word' id='word_1_429' title='bbox 940 4432 1036 4494; x_wconf 88' lang='lat' dir='ltr'><strong>visum</strong></span> <span class='ocrx_word' id='word_1_430' title='bbox 1061 4433 1097 4494; x_wconf 91' lang='lat' dir='ltr'><strong>de</strong></span> <span class='ocrx_word' id='word_1_431' title='bbox 1130 4433 1221 4510; x_wconf 86' lang='lat' dir='ltr'><strong>plaga</strong></span> <span class='ocrx_word' id='word_1_432' title='bbox 1253 4431 1330 4492; x_wconf 91' lang='lat' dir='ltr'><strong>unde</strong></span> <span class='ocrx_word' id='word_1_433' title='bbox 1358 4431 1409 4492; x_wconf 81' lang='lat' dir='ltr'><strong>lux</strong></span> <span class='ocrx_word' id='word_1_434' title='bbox 1441 4429 1585 4492; x_wconf 88' lang='lat' dir='ltr'><strong>adveniat</strong></span> <span class='ocrx_word' id='word_1_435' title='bbox 1606 4447 1661 4509; x_wconf 85' lang='lat' dir='ltr'><strong>per</strong></span> 
     </span>
     <span class='ocr_line' id='line_1_47' title="bbox 307 4512 1658 4598; baseline 0.001 -24"><span class='ocrx_word' id='word_1_436' title='bbox 307 4512 385 4575; x_wconf 88' lang='lat' dir='ltr'><strong>hanc</strong></span> <span class='ocrx_word' id='word_1_437' title='bbox 414 4517 491 4578; x_wconf 94' lang='lat' dir='ltr'><strong>oculi</strong></span> <span class='ocrx_word' id='word_1_438' title='bbox 525 4518 676 4598; x_wconf 90' lang='lat' dir='ltr'><strong>totiusque</strong></span> <span class='ocrx_word' id='word_1_439' title='bbox 708 4521 810 4582; x_wconf 89' lang='lat' dir='ltr'><strong>vultus</strong></span> <span class='ocrx_word' id='word_1_440' title='bbox 838 4521 1032 4583; x_wconf 88' lang='lat' dir='ltr'><strong>directionem</strong></span> <span class='ocrx_word' id='word_1_441' title='bbox 1056 4539 1110 4583; x_wconf 89' lang='lat' dir='ltr'><strong>ceu</strong></span> <span class='ocrx_word' id='word_1_442' title='bbox 1139 4518 1349 4582; x_wconf 87' lang='lat' dir='ltr'><strong>adminiculum</strong></span> <span class='ocrx_word' id='word_1_443' title='bbox 1378 4519 1536 4580; x_wconf 89' lang='lat' dir='ltr'><strong>certiorem</strong></span> <span class='ocrx_word' id='word_1_444' title='bbox 1564 4518 1658 4580; x_wconf 90' lang='lat' dir='ltr'><strong>reddi.</strong></span> 
     </span>
    </p>

    <p class='ocr_par' dir='ltr' id='par_1_12' title="bbox 307 4603 1660 4870">
     <span class='ocr_line' id='line_1_48' title="bbox 395 4603 1659 4688; baseline 0.001 -24"><span class='ocrx_word' id='word_1_445' title='bbox 395 4603 568 4684; x_wconf 89' lang='lat' dir='ltr'><strong>Propositio</strong></span> <span class='ocrx_word' id='word_1_446' title='bbox 593 4607 648 4668; x_wconf 87' lang='lat' dir='ltr'><strong>IV.</strong></span> <span class='ocrx_word' id='word_1_447' title='bbox 695 4609 738 4670; x_wconf 80' lang='lat' dir='ltr'><strong>Et</strong></span> <span class='ocrx_word' id='word_1_448' title='bbox 756 4609 822 4687; x_wconf 88' lang='lat' dir='ltr'><strong>jam</strong></span> <span class='ocrx_word' id='word_1_449' title='bbox 847 4609 950 4672; x_wconf 86' lang='lat' dir='ltr'><strong>statim</strong></span> <span class='ocrx_word' id='word_1_450' title='bbox 974 4618 1006 4670; x_wconf 92' lang='lat' dir='ltr'><strong>et</strong></span> <span class='ocrx_word' id='word_1_451' title='bbox 1029 4608 1085 4670; x_wconf 91' lang='lat' dir='ltr'><strong>boc</strong></span> <span class='ocrx_word' id='word_1_452' title='bbox 1108 4617 1203 4688; x_wconf 89' lang='lat' dir='ltr'><strong>patet,</strong></span> <span class='ocrx_word' id='word_1_453' title='bbox 1228 4626 1351 4669; x_wconf 89' lang='lat' dir='ltr'><strong>necesse</strong></span> <span class='ocrx_word' id='word_1_454' title='bbox 1375 4625 1442 4669; x_wconf 87' lang='lat' dir='ltr'><strong>esse</strong></span> <span class='ocrx_word' id='word_1_455' title='bbox 1465 4614 1499 4667; x_wconf 90' lang='lat' dir='ltr'><strong>ut</strong></span> <span class='ocrx_word' id='word_1_456' title='bbox 1521 4607 1605 4676; x_wconf 78' lang='lat' dir='ltr'><strong>visus</strong></span> <span class='ocrx_word' id='word_1_457' title='bbox 1628 4605 1659 4666; x_wconf 90' lang='lat' dir='ltr'><strong>in</strong></span> 
     </span>
     <span class='ocr_line' id='line_1_49' title="bbox 308 4692 1659 4775; baseline 0.001 -25"><span class='ocrx_word' id='word_1_458' title='bbox 308 4707 408 4750; x_wconf 87' lang='lat' dir='ltr'><strong>errore</strong></span> <span class='ocrx_word' id='word_1_459' title='bbox 432 4703 577 4768; x_wconf 89' lang='lat' dir='ltr'><strong>versetur,</strong></span> <span class='ocrx_word' id='word_1_460' title='bbox 602 4696 640 4756; x_wconf 91' lang='lat' dir='ltr'><strong>de</strong></span> <span class='ocrx_word' id='word_1_461' title='bbox 654 4696 747 4775; x_wconf 89' lang='lat' dir='ltr'><strong>plaga</strong></span> <span class='ocrx_word' id='word_1_462' title='bbox 769 4697 870 4758; x_wconf 92' lang='lat' dir='ltr'><strong>mundi</strong></span> <span class='ocrx_word' id='word_1_463' title='bbox 890 4703 943 4758; x_wconf 80' lang='lat' dir='ltr'><strong>seu</strong></span> <span class='ocrx_word' id='word_1_464' title='bbox 966 4697 1026 4758; x_wconf 90' lang='lat' dir='ltr'><strong>situ</strong></span> <span class='ocrx_word' id='word_1_465' title='bbox 1046 4698 1088 4757; x_wconf 88' lang='lat' dir='ltr'><strong>rei</strong></span> <span class='ocrx_word' id='word_1_466' title='bbox 1112 4705 1259 4770; x_wconf 87' lang='lat' dir='ltr'><strong>statuens,</strong></span> <span class='ocrx_word' id='word_1_467' title='bbox 1286 4714 1351 4756; x_wconf 93' lang='lat' dir='ltr'><strong>cum</strong></span> <span class='ocrx_word' id='word_1_468' title='bbox 1375 4692 1492 4774; x_wconf 86' lang='lat' dir='ltr'><strong>species</strong></span> <span class='ocrx_word' id='word_1_469' title='bbox 1506 4713 1560 4756; x_wconf 90' lang='lat' dir='ltr'><strong>seu</strong></span> <span class='ocrx_word' id='word_1_470' title='bbox 1582 4693 1659 4754; x_wconf 87' lang='lat' dir='ltr'><strong>radii</strong></span> 
     </span>
     <span class='ocr_line' id='line_1_50' title="bbox 307 4776 1660 4870; baseline 0.004 -34"><span class='ocrx_word' id='word_1_471' title='bbox 307 4776 439 4840; x_wconf 84' lang='lat' dir='ltr'><strong>erebus</strong></span> <span class='ocrx_word' id='word_1_472' title='bbox 472 4780 638 4842; x_wconf 88' lang='lat' dir='ltr'><strong>defluentes</strong></span> <span class='ocrx_word' id='word_1_473' title='bbox 675 4784 763 4864; x_wconf 87' lang='lat' dir='ltr'><strong>inqua</strong></span> <span class='ocrx_word' id='word_1_474' title='bbox 806 4785 993 4870; x_wconf 79' lang='lat' dir='ltr'><strong>superficiem</strong></span> <span class='ocrx_word' id='word_1_475' title='bbox 1032 4784 1158 4863; x_wconf 90' lang='lat' dir='ltr'><strong>politam</strong></span> <span class='ocrx_word' id='word_1_476' title='bbox 1199 4785 1310 4864; x_wconf 86' lang='lat' dir='ltr'><strong>allapsi</strong></span> <span class='ocrx_word' id='word_1_477' title='bbox 1349 4783 1590 4861; x_wconf 83' lang='lat' dir='ltr'><strong>repercutiuntur</strong></span> <span class='ocrx_word' id='word_1_478' title='bbox 1621 4781 1660 4842; x_wconf 87' lang='lat' dir='ltr'><strong>ad</strong></span> 
     </span>
    </p>
   </div>
   <div class='ocr_carea' id='block_1_8' title="bbox 0 0 1842 5538">
    <p class='ocr_par' dir='ltr' id='par_1_13' title="bbox 0 0 1842 5538">
     <span class='ocr_line' id='line_1_51' title="bbox 0 0 1842 5538; baseline 0 0"><span class='ocrx_word' id='word_1_479' title='bbox 0 0 1842 5538; x_wconf 95' lang='lat' dir='ltr'><strong> </strong></span> 
     </span>
    </p>
   </div>
  </div>
 </body>
</html>
