3718 5528
781 267 867 354 sav
880 285 924 338 n.
1468 285 1533 352 ass

174 469 237 532 fere
258 474 310 530 est
332 466 457 530 inutilis.
496 464 545 530 Sit
569 463 646 528 GHI
669 465 771 529 radius
796 467 946 539 deficiens,
971 468 1048 530 hunc
1071 467 1188 529 bisecet
1210 483 1264 546 per
1287 484 1373 528 snam
1395 466 1532 528 umbram

171 559 254 622 latus
276 554 334 619 AO
368 556 542 638 quadrantis
570 553 722 620 AOO'et
754 555 795 618 sit
821 557 878 619 AF
908 557 1168 640 perpendiculum:
1203 557 1260 617 erit
1288 554 1371 618 FAC
1406 554 1453 615 vel
1477 552 1529 617 FC

172 646 386 728 propemodum
417 646 544 726 angulus
577 644 741 726 quaesitus.
788 647 866 708 Nam
890 647 947 710 AF
970 648 1000 708 in
1023 644 1161 708 verticali
1194 663 1261 708 esse
1290 652 1378 706 extra
1406 651 1529 706 contro-

172 735 303 799 versiam
327 743 383 798 εει.
430 733 487 798 ΑΟ
519 753 590 796 vero
623 734 735 797 transit
763 754 817 815 per
850 745 955 798 centra
976 737 1020 810 Ι),
1044 735 1081 796 Ε.
1127 734 1208 796 Nam
1240 732 1360 814 ponitur
1392 733 1529 796 bisecare

172 843 285 886 cornua
300 822 355 898 GI,
380 823 436 886 hoc
460 832 509 888 est
532 831 645 886 rectam
664 821 710 886 GI
729 824 759 886 in
783 825 900 886 dnobus
924 824 1044 887 circulis
1068 824 1260 906 descriptam,
1286 841 1352 884 cum
1375 823 1529 904 utriusque

172 933 275 976 arcum
298 913 423 975 bisacet.
470 914 605 978 Necesse
629 919 677 974 est
706 913 797 994 igitur
819 932 873 993 per
901 923 1006 976 centra
1029 914 1112 975 illam
1145 913 1284 976 transire.
1333 909 1475 974 Ceterum
1499 911 1530 974 in

171 1002 309 1083 exemplo
333 1002 454 1082 eclipsis
478 998 660 1066 anni1590.
685 999 737 1066 21.
752 1002 835 1075 Julii,
860 1002 888 1064 in
905 1003 989 1083 cnjus
1010 1003 1157 1082 eclipseos
1181 1000 1392 1071 observatione
1407 1000 1528 1062 Maest-

172 1091 251 1154 linus
270 1090 347 1153 hunc
366 1093 485 1154 modum
509 1091 674 1172 usurpavit,
689 1090 743 1154 Sol
766 1091 888 1154 humilis
903 1100 970 1155 erat
984 1099 1016 1154 et
1038 1091 1241 1153 inclinationis
1261 1085 1310 1151 vel
1326 1109 1403 1170 pene
1427 1097 1528 1151 rectus

170 1182 220 1242 vel
242 1199 320 1260 pene
343 1180 442 1242 nullus
465 1180 602 1260 angulus.
650 1181 755 1261 Itaque
780 1190 842 1246 tum
867 1181 987 1262 quidem
1013 1181 1110 1242 valuit
1139 1181 1244 1242 modus
1268 1178 1327 1241 iste
1352 1185 1383 1240 et
1406 1177 1528 1266 subtili-

170 1270 230 1332 tati
254 1289 396 1333 sensuum
428 1268 566 1332 suffecit:
601 1277 634 1332 at
656 1270 684 1332 si
707 1269 761 1334 Sol
785 1270 887 1346 altior,
921 1271 1131 1334 inclinationes
1163 1267 1358 1331 intermediae
1389 1267 1528 1338 fuissent,

172 1358 296 1422 dubium
318 1378 375 1422 non
400 1367 451 1422 est
473 1359 542 1440 quin
563 1359 758 1422 aMaestlino
783 1359 907 1423 fuissem
927 1361 963 1422 da
988 1359 1124 1423 cantione
1149 1359 1328 1422 admonitus.
1365 1357 1446 1419 Nam
1469 1355 1528 1418 etsi

169 1449 228 1510 AF
261 1455 470 1528 repraesentat
499 1448 693 1519 verticalem,
725 1448 781 1512 Ac
814 1450 955 1514 circulum
987 1469 1041 1529 per
1073 1456 1196 1510 centra:
1229 1467 1288 1510 non
1320 1453 1420 1508 tamen
1445 1443 1527 1510 und

171 1536 294 1600 metitur
317 1539 459 1617 angulum
481 1538 600 1600 illorum
623 1537 816 1614 circulorum,
846 1539 899 1602 sed
924 1538 1020 1602 minor
1043 1547 1100 1600 est.
1148 1534 1236 1607 Quod
1261 1535 1349 1600 facile
1373 1541 1474 1616 patet,
1501 1533 1527 1596 si

170 1625 203 1690 A
225 1637 367 1706 punctum
395 1628 436 1690 sit
463 1627 492 1688 in
525 1627 591 1706 ipsa
627 1627 841 1690 intersectione
865 1629 1041 1692 circulorum
1064 1629 1169 1690 horum
1197 1626 1226 1689 in
1257 1625 1404 1707 sphaera,
1435 1631 1527 1685 etex

170 1717 277 1778 eodem
301 1724 412 1795 puncto
436 1725 546 1780 exeant
566 1717 651 1791 duae,
677 1717 774 1778 altera
797 1718 980 1793 verticalem,
1006 1719 1104 1780 altera
1126 1717 1268 1779 circulum
1291 1732 1346 1794 per
1368 1720 1474 1775 centra
1497 1712 1527 1774 in

172 1804 278 1867 eodem
299 1813 411 1884 puncto
436 1812 609 1885 tangentes.
657 1806 733 1868 Illae
758 1808 836 1870 enim
864 1808 1117 1889 comprehendent
1146 1805 1287 1885 angulum
1311 1821 1378 1866 cnm
1406 1802 1526 1864 circulis

169 1893 306 1969 eundem,
330 1893 387 1956 hae
411 1914 482 1958 vero
507 1895 668 1958 manifeste
691 1895 845 1959 minorem.
882 1896 1180 1960 Demonstrationem
1205 1901 1236 1956 et
1259 1894 1382 1957 schema
1405 1899 1436 1954 et
1459 1892 1525 1955 cal-

171 1983 269 2046 culum
293 1984 440 2046 cautionis
463 1984 654 2048 necessariae
676 1984 811 2048 invenies
835 1985 913 2050 infra
935 1988 1031 2066 probl.
1058 1982 1110 2050 29.

261 2072 457 2136 Problema
478 2073 551 2136 XV.
597 2073 871 2138 Inclinationes
901 2096 964 2158 per
993 2076 1274 2138 instrumentum
1308 2069 1527 2152 eclipticum

173 2161 356 2240 excipere.
402 2163 511 2226 Modus
536 2171 584 2226 eet
608 2163 723 2239 facilis,
748 2182 802 2226 nec
825 2171 859 2228 ut
880 2167 962 2244 prior
986 2163 1164 2228 titubatione
1198 2162 1357 2223 liberarum
1387 2177 1527 2222 mannum

171 2251 342 2330 impeditus,
367 2259 400 2316 et
422 2253 687 2317 demonstrativus.
724 2253 851 2316 Direeta
874 2254 952 2316 enim
976 2254 1081 2334 regula
1105 2253 1133 2314 iu
1158 2258 1292 2314 centrum
1308 2248 1402 2324 Solis,
1425 2249 1527 2312 rotula

172 2359 243 2402 cum
274 2340 371 2403 indice
403 2343 588 2405 convertitur
620 2343 719 2423 quoad
751 2344 963 2406 transversalis
996 2343 1101 2422 regula
1128 2342 1176 2403 vel
1208 2339 1308 2420 tangit
1340 2357 1451 2402 cornua
1478 2337 1528 2398 vel

173 2430 312 2508 tangenti
342 2433 505 2510 parallelos
538 2439 603 2504 est,
638 2440 670 2493 et
701 2432 882 2496 monstrabit
912 2433 1002 2496 index
1034 2432 1065 2493 in
1097 2429 1239 2492 exteriori
1271 2428 1381 2492 circulo
1415 2427 1527 2508 gradus

173 2517 376 2582 inclinationis
400 2541 467 2584 curn
490 2520 640 2594 verticali,
667 2522 829 2602 statimqne
854 2523 943 2584 datur
965 2529 997 2583 ct
1025 2521 1153 2582 altitudo
1178 2517 1259 2582 Solis
1283 2517 1527 2597 porrectionem

172 2609 296 2688 regulae
320 2629 386 2672 cum
409 2618 552 2684 transtro,
578 2610 665 2689 signo
689 2609 832 2673 distincto
858 2613 938 2673 facto
963 2611 1068 2672 eodem
1087 2611 1116 2673 in
1141 2609 1245 2687 regula
1269 2617 1301 2668 et
1325 2613 1470 2678 transtro,
1494 2613 1527 2666 nt

171 2704 245 2775 post
268 2697 507 2760 observationem
541 2699 639 2760 metiri
671 2699 784 2778 possis,
817 2701 843 2761 si
867 2707 958 2760 antea
980 2720 1037 2762 non
1063 2708 1111 2762 est
1143 2696 1274 2760 divisum
1306 2703 1471 2758 transtrum
1495 2702 1528 2756 et

173 2786 294 2866 regula,
318 2789 478 2850 secundnm
508 2788 620 2868 gradus
653 2787 821 2851 altitudinis
853 2788 944 2852 Solis.
993 2787 1109 2860 Quodsi
1138 2787 1204 2847 loco
1235 2784 1451 2848 transversalis
1482 2784 1527 2846 uti

171 2876 277 2954 placet
306 2877 430 2952 lunulis,
464 2885 499 2938 ut
521 2885 569 2940 est
591 2876 621 2938 in
652 2877 797 2958 problem.
826 2874 883 2953 13,
918 2879 1017 2941 rotula
1047 2895 1165 2940 rursum
1198 2875 1398 2944 convertitur,
1432 2874 1526 2936 donee

171 2964 276 3026 radius
300 2965 440 3028 deficiens
463 2967 602 3030 cornibus
627 2966 690 3028 suis
713 2967 846 3029 lunulam
870 2967 1008 3049 utrinque
1033 2986 1070 3030 ex
1094 2984 1189 3048 aequo
1217 2963 1422 3044 amplectitur,
1448 2963 1526 3042 qnod

173 3062 206 3115 et
230 3052 328 3115 divisa
351 3054 512 3116 diametros
537 3063 569 3118 et
592 3056 746 3120 brachiola
768 3057 899 3120 lunulam
922 3057 1095 3130 retinentia,
1120 3075 1195 3136 quae
1218 3060 1346 3134 possunt
1369 3071 1436 3114 esse
1460 3052 1526 3116 loco

173 3144 397 3220 transversalis‚
424 3143 510 3206 facile
535 3145 679 3208 indicant.

263 3232 490 3296 Demonstratio
514 3235 543 3296 in
568 3235 625 3296 hoc
649 3242 705 3308 est,
731 3234 808 3314 quod
831 3234 956 3298 fissurae
986 3234 1061 3296 duae
1086 3244 1117 3295 et
1148 3231 1273 3296 transtri
1295 3238 1327 3294 et
1349 3230 1526 3293 columellae

175 3322 307 3400 regulam
331 3323 360 3384 in
384 3325 473 3404 plano
499 3323 600 3386 circuli
624 3323 778 3386 verticalis
805 3325 969 3396 collocant,
996 3343 1082 3402 quam
1107 3324 1211 3384 eodem
1235 3320 1368 3402 sequitur
1392 3329 1423 3382 et
1446 3320 1525 3382 linea

173 3408 367 3490 longitudinis
381 3413 410 3474 in
425 3413 548 3484 tabella,
573 3431 665 3492 aqua
688 3413 768 3474 linea
790 3411 896 3492 incipit
916 3411 1022 3476 divisio
1046 3413 1148 3476 circuli
1168 3413 1196 3474 in
1217 3411 1332 3473 tabella
1355 3409 1523 3472 exterioris.

264 3497 378 3570 Quodsi
402 3521 461 3564 non
484 3520 602 3581 semper
625 3510 721 3564 totum
745 3502 973 3566 instrumentum
997 3502 1050 3563 sit'
1064 3503 1103 3562 ad
1126 3521 1241 3570 manus,
1268 3507 1302 3561 ut
1325 3499 1351 3561 si
1378 3498 1420 3561 nil
1444 3499 1526 3559 adsit

174 3586 234 3650 nisi
257 3591 449 3667 regularum
475 3591 605 3664 tabellis,
630 3591 763 3669 regulam
779 3591 867 3654 sicin
890 3593 1012 3670 plenum
1035 3589 1189 3652 verticalis
1213 3589 1334 3668 diriges,
1360 3586 1385 3648 si
1405 3588 1526 3665 regulae

173 3677 203 3738 in
228 3677 329 3743 radice
353 3697 475 3740 ccasses
500 3681 703 3742 transversale
733 3681 822 3742 duum
846 3681 955 3758 pedum
986 3679 1170 3759 longitudine
1195 3679 1242 3738 vel
1267 3697 1302 3739 eo
1327 3675 1469 3755 amplius,
1496 3683 1529 3736 et

174 3766 213 3828 ad
237 3769 363 3846 angulos
394 3777 494 3830 rectos
526 3771 665 3848 regulae,
698 3778 807 3848 postea
838 3771 973 3849 regulam
1002 3789 1068 3830 cum
1101 3766 1298 3831 transversali
1332 3766 1527 3844 procumbere

172 3856 301 3935 patiaris
324 3857 353 3918 in
375 3859 580 3936 pavimentum
603 3859 761 3938 aequabile
782 3866 812 3920 et
831 3858 978 3920 horizonti
1002 3859 1179 3938 parallelos.
1217 3856 1296 3918 Nam
1321 3853 1527 3916 transversale

172 3946 306 4023 regulam
331 3946 360 4007 in
384 3948 503 4010 dorsum
529 3949 633 4028 eriget,
658 3947 740 4010 utin
764 3949 906 4010 verticale
931 3947 1053 4025 planum
1077 3951 1239 4024 competat,
1264 3945 1353 4023 plane
1378 3951 1412 4004 ut
1435 3950 1528 4004 antea

172 4051 227 4110 per
249 4035 373 4096 fissuras
397 4037 523 4098 transtri
549 4045 578 4098 et
602 4037 778 4100 columellae
801 4036 879 4098 idem
903 4037 961 4100 fuit
984 4037 1149 4098 obtentum.
1383 4093 1390 4102 ,,

260 4123 559 4190 ProblemaXVI.
597 4127 866 4189 Inclinationes
891 4127 924 4189 in
949 4125 1159 4204 pavimento
1184 4121 1294 4184 etiam
1317 4118 1523 4199 designare.

171 4209 293 4272 Dictum
317 4221 364 4272 est
396 4215 496 4294 capite
530 4217 677 4288 secundo,
709 4216 827 4278 radium
856 4215 1026 4294 hujusmodi
1050 4215 1079 4276 iu
1108 4215 1236 4276 obscura
1266 4227 1388 4271 camera
1419 4227 1526 4272 conum

172 4318 239 4360 esse
261 4307 384 4375 rectum,
409 4303 437 4363 si
460 4303 595 4366 foramen
619 4304 763 4367 circulare
789 4314 819 4368 et
841 4304 1088 4384 perpendiculare
1111 4303 1168 4376 sit,
1198 4301 1281 4380 cujus
1306 4306 1411 4362 vertex
1434 4317 1527 4378 supra

172 4387 313 4464 foramen,
340 4391 422 4452 basis
447 4393 476 4452 iu
500 4394 654 4456 illustrata
682 4395 848 4473 superficie.
903 4391 1019 4464 Quodsi
1048 4391 1220 4472 superficies
1249 4391 1324 4450 baec
1356 4395 1439 4450 recte
1467 4388 1524 4449 ob-

166 4476 272 4557 jicitur
295 4481 463 4555 fenestrae,
492 4482 574 4546 basis
598 4483 664 4546 coni
688 4484 737 4544 vel
764 4485 862 4562 portio
891 4483 1044 4544 illustrata
1074 4482 1201 4544 circulus
1226 4479 1284 4540 erit
1302 4477 1363 4554 (11,
1388 4474 1435 4552 8)·
1481 4477 1527 4540 Αι

171 4569 197 4630 si
220 4571 394 4648 superficies
418 4569 536 4650 oblique
564 4571 722 4650 objiciatur
745 4572 847 4644 radio,
871 4571 954 4632 basis
978 4571 1064 4651 hujus
1087 4571 1169 4646 coni,
1194 4569 1241 4629 vel
1264 4567 1362 4646 portio
1386 4565 1524 4648 obliquae

170 4658 338 4737 superficiei
361 4659 515 4722 illustrata
538 4660 633 4724 sectio
657 4661 715 4722 erit
737 4660 851 4737 conica,
876 4669 908 4722 et
932 4661 1049 4741 ellipsis
1073 4661 1205 4742 quidem,
1239 4657 1264 4720 si
1289 4664 1384 4718 totum
1407 4657 1524 4722 radium

171 4749 342 4826 superficies
366 4750 538 4828 intercipiat
562 4750 678 4830 (Apoll.
703 4751 727 4825 l,
755 4748 821 4825 13).
869 4747 944 4812 Cum
976 4770 1046 4830 ergo
1071 4752 1099 4813 in
1124 4758 1227 4812 nostro
1255 4747 1377 4810 climate
1400 4748 1523 4830 planum

170 4834 335 4902 lronzoutis
359 4858 413 4902 seu
436 4839 610 4919 pavimenta
634 4858 751 4921 semper
783 4839 933 4922 obliquum
959 4840 1111 4920 excipiant
1140 4837 1255 4902 radium
1279 4835 1375 4915 Solia,
1404 4859 1524 4921 semper

1256 4941 1311 4994 23⁸
