3674 5538
346 305 391 371 80
763 305 864 370 Litaras
882 303 984 369 Keplerl
1002 303 1152 369 aliamque
1170 311 1272 356 mutuas

437 478 513 558 Cap.
539 476 568 544 3.
616 479 661 541 De
685 479 750 541 lnce
774 497 969 558 repercussa,
1005 480 1083 560 quod
1116 480 1214 558 imago
1243 475 1493 557 (repercussionis
1526 477 1616 556 opus)
1642 495 1698 537 nou

345 570 435 650 plane
459 579 491 629 et
514 586 632 647 semper
654 567 696 628 sit
719 568 748 628 in
772 567 1022 646 perpendiculari.
1068 569 1133 629 Hoc
1156 575 1248 646 caput
1266 575 1320 636 ¹est
1342 566 1392 627 via
1415 565 1454 627 ad
1478 584 1607 644 sequens

437 655 515 736 Cap.
539 652 570 719 l.
604 656 651 717 De
670 654 802 718 refracta
824 657 907 730 luce;
931 655 981 716 ubi
1004 656 1192 735 inquiruntur
1201 651 1324 716 icarisae
1348 662 1380 716 et
1402 672 1560 716 mensurae
1584 653 1699 714 relrac-

346 746 460 807 tionum
479 744 568 824 plane
588 743 824 806 laboriosissima
846 744 1055 824 inquisitione;
1072 746 1220 825 repetitur
1243 744 1449 804 controversia
1464 742 1617 823 Tychonis
1633 760 1699 802 cum

345 833 559 895 Rothmauno:
583 831 759 906 ostenditur,
784 832 862 893 banc
884 832 981 912 ipsam
1005 833 1130 894 formam
1153 831 1365 895 refractionum
1386 852 1405 893 a
1424 832 1564 914 Tychone
1588 848 1699 910 propo-

348 923 440 982 sitam
464 939 531 982 esse
555 928 681 980 naturae
705 927 939 982 consentaneam
962 928 994 982 et
1016 921 1054 981 iis
1078 920 1299 1006 experimentis,
1325 939 1400 1000 qnae
1419 919 1546 982 Vitellio
1569 919 1602 979 in
1626 937 1702 997 aqua

348 1009 472 1083 babuit;
498 1007 619 1070 additur
642 1009 817 1088 explanatio
845 1009 1016 1072 conicarnm
1048 1009 1230 1085 sectionum,
1262 1008 1444 1082 ostenditur,
1475 1007 1574 1089 qualis
1597 1025 1703 1086 super-

300 1105 304 1112 ’
347 1098 429 1160 liciae
453 1095 554 1158 radios
579 1097 617 1158 ad
646 1116 735 1160 unum
761 1105 905 1176 punctum
928 1105 1019 1178 cogat
1042 1098 1088 1171 (iu
1114 1105 1239 1182 propter
1267 1116 1394 1178 sequens
1423 1117 1490 1176 cap.
1516 1096 1586 1170 V.).
1634 1095 1701 1155 Jam

348 1186 454 1247 modus
478 1185 668 1262 observandi,
694 1193 726 1248 et
748 1186 824 1248 vitia
846 1195 879 1249 et
902 1186 1059 1261 cautelae;
1084 1195 1177 1248 etan
1201 1185 1338 1248 omnibus
1366 1185 1440 1248 loeis
1465 1194 1496 1246 et
1519 1182 1702 1264 temporibus
1751 1197 1756 1208 ·

351 1274 476 1335 eaedem
500 1274 711 1349 retractiones,
737 1283 768 1336 et
790 1275 860 1354 quid
882 1275 952 1336 inde
975 1275 1004 1336 iu
1029 1275 1243 1359 astronomiam
1267 1281 1399 1335 veterem
1423 1280 1581 1355 sequatur,
1615 1271 1703 1333 etde

345 1362 519 1442 prodigiosa
542 1361 725 1427 refractione
749 1363 778 1424 in
802 1363 985 1425 Batavorum
1010 1363 1151 1425 hibernis.

437 1448 513 1530 Cap.
538 1447 568 1514 5.
612 1451 660 1512 De
685 1451 773 1512 modo
806 1451 947 1528 visionis,
979 1451 1177 1514 refutationes
1202 1449 1377 1529 Opticorum
1402 1458 1435 1510 et
1467 1447 1703 1510 anatomicorum

350 1548 382 1601 et
405 1539 469 1601 reri
492 1539 574 1601 modi
598 1539 767 1601 enucleatio
789 1559 844 1619 per
872 1559 938 1620 cap.
963 1536 993 1602 2.
1019 1537 1049 1602 3.
1073 1535 1104 1603 4.
1129 1541 1179 1601 ubi
1211 1538 1384 1600 necessaria
1407 1537 1464 1598 luit
1487 1545 1519 1598 et
1542 1536 1703 1616 explicatio

350 1646 461 1700 eorum,
486 1647 561 1709 quae
585 1627 614 1688 in
638 1629 717 1689 vitro
740 1628 867 1689 rotundo
893 1628 1081 1708 aquapleno
1113 1628 1303 1707 contingunt,
1332 1634 1396 1688 tam
1424 1626 1541 1689 ratione
1566 1624 1704 1704 imaginis

352 1733 440 1797 quam
465 1716 582 1777 ratione
604 1715 742 1794 picturae
766 1715 795 1778 in
818 1735 932 1798 papyro
956 1717 1095 1778 candida.
1782 1705 1783 1710 ¹

436 1805 515 1865 Hine
547 1805 612 1884 jam
647 1795 821 1866 occasiones
859 1805 1024 1867 diffusionis
1061 1804 1225 1867 lucidorum
1253 1801 1283 1863 iu
1321 1804 1407 1864 oculo
1435 1808 1467 1862 et
1503 1801 1645 1864 cautelae
1676 1800 1704 1860 iu

349 1892 541 1954 aestimanda
564 1892 724 1954 oculariter
748 1895 917 1973 quantitate
941 1892 1105 1973 eclipsium,
1129 1898 1162 1954 et
1177 1910 1286 1954 causae
1310 1889 1546 1971 perspicillomm
1569 1897 1634 1950 tam
1657 1907 1704 1949 se·
1782 1949 1783 1956 χ

349 1981 451 2042 uilium
474 1999 563 2061 quam
583 1979 770 2060 juvenilium.

337 2067 341 2073 “
438 2067 514 2147 Cap.
540 2065 571 2130 6.
618 2069 664 2130 De
689 2069 775 2130 varia
808 2069 873 2130 luce
904 2067 1045 2131 siderum.
1092 2067 1138 2128 De
1162 2067 1228 2128 luce
1253 2065 1334 2126 Solis
1359 2066 1461 2145 optica
1489 2064 1646 2147 inquisitio
1670 2063 1705 2124 ad
1782 2081 1783 2112 ι

352 2157 521 2218 mirabilem
545 2157 620 2218 lucis
644 2165 782 2218 naturam
804 2157 968 2238 pertinens.
1008 2155 1161 2230 Probatio,
1186 2155 1264 2236 quod
1279 2155 1365 2216 Luna
1387 2156 1477 2234 plane
1496 2155 1563 2217 luce
1588 2152 1706 2234 propria
1782 2157 1783 2236 J

348 2253 453 2307 careat
481 2253 512 2306 et
544 2247 623 2324 quod
652 2245 745 2308 etiam
769 2266 788 2306 a
811 2245 929 2307 Tellure
952 2245 1127 2308 illustretur.
1782 2311 1783 2314 Ἴ

404 2340 409 2349 ’
439 2334 485 2395 De
519 2333 629 2395 circulo
662 2334 908 2408 illuminationis,
943 2334 979 2394 de
1003 2334 1107 2394 Lunae
1129 2329 1275 2412 phasibus
1300 2330 1447 2410 quaedam
1480 2329 1616 2393 subtilia.
1662 2329 1705 2390 De
1782 2361 1783 2400 ι

350 2423 415 2485 luce
439 2428 606 2484 ceterarum
629 2423 786 2484 stellarum
806 2423 870 2498 irc,
895 2440 962 2484 cum
986 2419 1198 2502 experimentis
1218 2418 1373 2499 eclipsium
1395 2427 1427 2480 et
1449 2417 1577 2481 aliarum
1603 2417 1705 2479 obser·
1782 2411 1783 2494 s

349 2510 514 2572 vationum.
1782 2507 1783 2566 ἰ

439 2597 515 2681 Cap.
541 2598 572 2660 7.
618 2597 665 2660 De
689 2599 794 2660 umbra
817 2598 928 2661 Terrae
954 2605 985 2660 et
1018 2597 1106 2673 aeris,
1141 2603 1173 2657 et
1204 2595 1312 2658 rubore
1335 2595 1439 2678 Lunae
1473 2594 1704 2664 demonstratur,
1782 2589 1783 2598 ’

351 2688 467 2750 Lunam
491 2705 549 2748 nou
573 2707 592 2746 a
615 2687 727 2748 Terrae
750 2687 805 2749 sed
829 2687 867 2749 ab
891 2685 969 2749 aeris
1003 2686 1108 2748 umbra
1131 2684 1274 2755 deficere,
1307 2691 1339 2745 et
1361 2682 1531 2745 ostenditur
1565 2687 1704 2762 quantum
1782 2691 1783 2754 l

352 2777 410 2839 boe
433 2775 461 2837 iu
487 2775 602 2838 calculo
625 2775 725 2855 possit
748 2777 877 2838 efficere.
916 2774 1128 2837 Relractiones
1153 2773 1338 2855 quarundam
1361 2772 1517 2852 regionum
1541 2789 1582 2832 ex
1605 2769 1706 2849 eclipsi
1782 2767 1783 2830 l

349 2865 454 2928 Lunae
479 2873 653 2944 arguuntur.
1592 2929 1594 2934 ¹
1782 2853 1783 2934 Ῠ

442 2951 519 3034 Cap.
544 2950 575 3016 8.
600 2953 646 3028 De
670 2952 776 3014 umbra
789 2951 904 3013 Lunae.
920 2951 1068 3033 Exempla
1084 2949 1161 3032 quod
1178 2947 1233 3012 Sol
1247 2956 1329 3011 totus
1349 2965 1407 3009 uon
1427 2948 1522 3010 semel
1546 2946 1705 3022 deiecerit3
1782 2969 1783 3034 ι

351 3043 388 3104 de
412 3041 522 3104 eiroulo
546 3039 627 3103 circa
650 3041 766 3102 Lunam
791 3041 918 3102 lucente.
1782 3061 1783 3070 ι

442 3127 518 3209 Cap.
544 3124 575 3192 9.
612 3130 659 3191 De
682 3129 898 3208 parallaxibus,
924 3136 955 3188 et
974 3124 1191 3188 demonstratio
1206 3137 1259 3185 seu
1274 3124 1492 3203 compendium,
1517 3125 1599 3204 quod
1618 3139 1706 3202 nuper
1782 3121 1783 3204 i

354 3217 392 3279 ad
415 3217 459 3279 M.
489 3218 582 3279 Tuam
609 3217 792 3298 perscripsi:
831 3217 881 3279 ubi
908 3215 1026 3278 memini
1055 3214 1127 3274 mihi
1159 3212 1289 3274 incidere
1319 3211 1424 3274 statim
1448 3220 1520 3292 post
1548 3213 1705 3291 ablegatus

353 3306 468 3382 literas,
493 3305 524 3366 iu
546 3313 709 3386 praecepto
733 3325 780 3367 me
803 3324 908 3386 parum
935 3303 1170 3376 hallucinatum
1198 3301 1229 3362 in
1253 3302 1390 3380 exemplo
1422 3308 1522 3363 tamen
1547 3300 1705 3363 veritatem
1782 3311 1783 3362 l

351 3412 462 3457 inesse.
846 3432 849 3441 -
1635 3414 1638 3419 ·
1782 3405 1783 3456 l

444 3481 520 3560 Cap.
548 3478 597 3543 lb.
644 3481 691 3542 De
728 3478 878 3555 motibus;
916 3473 1099 3542 demonstro*
1119 3475 1278 3557 Copernici
1316 3474 1485 3539 doctrinam
1523 3477 1641 3539 occulte
1676 3473 1703 3532 in
1782 3527 1783 3534 ,

352 3571 488 3634 Euclidis
504 3568 622 3648 Opticis
636 3569 755 3631 inesse:
782 3569 976 3631 fundamenta
994 3566 1192 3630 ostenduntur
1210 3565 1526 3646 prostbaphaereseou
1542 3566 1705 3645 opticarum
1782 3631 1783 3648 .

353 3669 384 3722 et
407 3659 563 3722 distinctio
587 3677 606 3719 a
627 3657 772 3738 physicis.
1782 3651 1783 3692 l

446 3747 522 3830 Cap.
551 3742 601 3808 ll.
640 3746 835 3808 Problemata
849 3743 1028 3806 observandi
1048 3741 1176 3820 eclipses
1192 3759 1229 3802 ex
1254 3740 1456 3804 fundamentis
1471 3739 1581 3822 positis
1596 3739 1635 3802 ad
1650 3735 1705 3809 30;

354 3839 405 3901 ubi
429 3835 569 3914 exempla
593 3833 748 3914 eclipsium
772 3841 803 3894 et
826 3829 1042 3894 demonstratio
1066 3830 1139 3910 ejus,
1164 3828 1242 3908 quod
1270 3839 1334 3890 tam
1358 3829 1408 3891 diu
1430 3849 1477 3892 me
1501 3834 1650 3903 torserat,
1672 3827 1706 3886 de
1782 3831 1783 3886 ἒ

352 3926 525 4009 prodigioso
550 3923 719 3984 latitudiuis
743 3921 873 3983 visibilis
898 3918 1007 3999 angulo
1031 3917 1060 3989 in
1084 3917 1245 3996 eclipsibus
1268 3915 1361 3979 Solis.
1782 3971 1783 3996 ,

441 4013 486 4075 Ut
509 4018 609 4073 autem
633 4011 737 4072 videas
760 4015 823 4072 me'
840 4009 918 4070 serio
943 4025 1048 4086 agere,
1081 4014 1185 4087 typum
1218 4005 1380 4068 schematis
1404 4004 1444 4066 ad
1467 4023 1534 4085 cap.
1561 4001 1583 4067 5
1613 4001 1705 4082 perti·
1782 4037 1783 4068 f

353 4102 472 4174 nentis,
510 4099 559 4181 qui
586 4100 650 4179 jam
673 4098 712 4161 ad
736 4117 783 4160 me
816 4097 941 4159 affertur
964 4096 1020 4156 boc
1051 4102 1218 4167 momento,
1250 4093 1333 4154 volui
1365 4093 1488 4155 addere.
1542 4092 1642 4154 Erunt
1669 4088 1704 4150 ad
1782 4095 1783 4162 ,

357 4187 420 4253 100
444 4189 571 4268 figurae,
609 4205 683 4267 quas
716 4185 840 4248 consilio
875 4183 1038 4265 peritorum
1066 4181 1115 4242 hic
1143 4181 1237 4260 sculpi
1270 4181 1394 4243 euroin
1425 4200 1494 4242 mea
1526 4176 1705 4261 praesentit.

354 4277 519 4358 ubieunque
538 4275 602 4355 jam
625 4275 811 4355 imprimatur
835 4273 918 4348 liber,
944 4291 979 4333 eo
1011 4269 1240 4332 transmissurus
1271 4288 1324 4348 pro
1350 4271 1598 4350 compensatione
1622 4267 1705 4330 sche-
1782 4267 1783 4302 f

354 4372 466 4426 matum
490 4372 504 4424 t
524 4383 587 4442 pos.
1782 4413 1783 4422 ι

446 4385 552 4514 Artdm
589 4467 685 4512 meam
719 4445 982 4531 aquaeductoriam
1013 4446 1044 4508 J.
1077 4445 1206 4526 Byrgius
1238 4445 1442 4526 Landgravii
1461 4451 1706 4525 automatopaeue

355 4541 470 4619 recepit
502 4538 707 4601 fabricandam
734 4539 763 4599 in
791 4537 924 4601 metallo.
971 4535 1077 4614 Itaque
1110 4535 1148 4594 D.
1174 4533 1331 4596 Welserus
1365 4552 1487 4614 operam
1521 4552 1607 4596 suam
1640 4529 1705 4592 mibi
1782 4523 1783 4544 ¹

356 4626 508 4705 pollicitus
532 4634 580 4687 est
603 4627 632 4687 in
657 4627 789 4706 urgendo
814 4628 1012 4706 Augustano,
1037 4629 1071 4683 ut
1093 4628 1146 4682 ant
1170 4623 1248 4702 quod
1276 4623 1392 4702 recepit
1415 4623 1502 4684 brevi·
1524 4623 1636 4686 elliciat
1658 4624 1706 4678 aut
1782 4659 1783 4668 ι

358 4712 515 4792 pecuniam
537 4714 654 4775 reddat.

934 4814 987 4876 (Nil
1004 4812 1135 4878 seqnitur.)
