3674 5538
283 273 347 342 100
694 273 795 327 Literna
812 273 916 340 Kepleri
934 271 1085 340 aliorumque
1101 281 1203 326 manate

278 455 351 506 modo
379 453 500 510 nmmali.
529 455 595 504 aient
613 453 680 504 calor
702 453 766 518 ignia
786 466 835 516 per
861 451 1068 515 propinquitatem
1087 457 1113 502 et
1135 451 1258 515 peritum,
1284 448 1329 500 sed
1348 463 1392 514 per
1409 449 1487 500 colam
1512 451 1636 502 radiorum

278 527 444 576 reflexionem.
482 524 508 574 Si
528 523 570 575 Sol
587 526 612 573 in
630 538 658 574 ae
676 523 779 572 haberet
798 522 936 572 naturalem
954 524 1002 570 rim
1022 523 1183 583 calfaciendi,
1202 523 1293 585 nbiqnc
1313 526 1339 569 et
1357 535 1454 586 semper
1472 523 1633 580 mefaceret.

278 603 331 647 tam
349 597 430 647 hieme
448 608 522 660 qnam
542 601 648 652 aestate,
668 595 809 659 etquidem
826 595 906 658 magis
924 593 1005 643 hieme
1025 593 1054 642 ob
1073 597 1191 656 majorem
1216 593 1433 656 propinquitatem.
1470 595 1505 642 At
1523 593 1564 644 Sol
1583 609 1634 644 nnn

279 671 315 718 ric
334 668 450 720 calefacit
462 674 491 716 nt
502 668 575 732 ignis,
594 681 641 715 nec
660 666 735 716 etiarn
749 680 793 729 per
810 679 904 714 moram
922 677 997 728 snpra
1014 664 1174 722 horizontem,
1193 665 1237 716 scd
1248 679 1294 727 per
1305 663 1528 715 reverberationem
1546 665 1634 714 solam.

278 739 366 806 Itaque
384 753 444 789 vera
461 744 500 788 eat
517 739 616 802 opinio,
636 735 687 786 Soli
705 751 753 786 non
779 737 859 785 inesse
887 736 994 786 calorem
1013 734 1057 785 sed
1081 736 1160 786 sclam
1185 735 1247 786 lucia
1274 735 1438 799 qualitatem,
1466 750 1540 800 quam
1567 736 1635 786 calor

279 813 376 862 ratione
395 811 480 860 abana
497 825 541 872 per
558 809 716 858 reflexionem
734 813 851 871 sequatur
868 807 894 856 in
914 811 971 856 aare
994 813 1086 856 natura
1105 807 1193 858 calido.
1227 806 1386 869 Experientia
1404 821 1499 871 qunque
1517 813 1633 865 testatur,

280 884 306 933 in
324 884 386 933 lonis
406 881 533 932 altioribus
552 879 603 930 Soli
620 879 769 943 propioribus
786 882 867 941 major
893 877 969 943 frigus
988 892 1042 927 ease
1060 892 1134 942 qnam
1152 877 1193 928 hic
1211 879 1237 926 in
1256 878 1335 928 terrie.
1373 877 1458 926 Adde:
1477 879 1497 926 ai
1518 878 1586 928 calor
1603 893 1634 928 ex

279 953 426 1009 rademons,
445 950 511 1002 unde
529 950 559 1000 fit
576 951 640 1015 qnod
657 951 735 1000 nubes
754 951 848 1001 asenne
867 954 976 1013 tempora
1001 949 1153 1015 conglaciari
1178 950 1287 1012 possint,
1313 963 1369 998 cnm
1387 949 1487 999 reflexio
1505 950 1530 998 in
1548 963 1632 1014 snper·

279 1024 359 1075 ficiem
377 1024 449 1074 nubis
468 1022 562 1072 cadens
580 1022 654 1073 facile
672 1022 718 1072 boc
741 1021 859 1085 impedire
878 1017 978 1086 possit?

367 1112 572 1192 Keplerns:
597 1109 789 1176 Sententiam
810 1130 907 1172 meam
934 1117 1004 1191 pete
1033 1129 1070 1171 ex
1094 1107 1167 1190 Opt.
1193 1108 1269 1190 Cep.
1294 1111 1320 1172 1.
1352 1128 1437 1190 prop.
1467 1109 1580 1171 ultimis
1604 1117 1635 1170 et

280 1200 356 1282 Cap.
373 1201 430 1264 Vl.
455 1201 526 1262 item
547 1200 583 1261 de
606 1199 847 1261 reverberatione
866 1198 896 1260 in
911 1198 1123 1279 Disputaticne
1144 1199 1180 1260 de
1199 1198 1396 1278 Astrologiae
1421 1198 1633 1262 fundamentis.

279 1291 325 1352 Tu
348 1290 463 1352 falleris
495 1287 679 1350 confundens
710 1287 903 1350 incidentium
927 1295 959 1349 et
986 1287 1270 1350 reverberationem.
1317 1287 1372 1350 Sol
1401 1305 1520 1369 semper
1550 1288 1635 1349 cale·
1694 1285 1697 1292 ⁴

279 1379 353 1442 facit
385 1378 548 1440 secundum
579 1376 761 1439 incidentiae
794 1377 923 1438 modum.
969 1377 1047 1440 Nam
1077 1395 1153 1438 anne
1187 1377 1369 1440 calefaceret
1395 1394 1454 1438 non
1488 1375 1633 1448 incidens,

279 1467 468 1547 quantumvis
491 1467 556 1547 ipse
580 1473 663 1528 totus
687 1465 817 1545 igneus?
840 1466 932 1528 Actio
954 1466 986 1526 fit
1010 1483 1063 1544 per
1086 1473 1267 1528 contactum.
1315 1465 1385 1527 Jam
1413 1465 1535 1546 obliqua
1558 1465 1632 1528 inci-

265 1553 381 1618 'dentia
405 1563 454 1618 est
474 1573 550 1636 pene
575 1555 657 1616 nulla
680 1554 843 1616 incidentia
866 1555 919 1615 sed
944 1553 1092 1616 transitio.
1131 1554 1199 1616 Non
1220 1572 1291 1634 erge
1315 1561 1433 1616 tantum
1451 1573 1505 1634 per
1528 1573 1631 1616 rever-

279 1645 466 1707 berationem
490 1645 545 1705 sed
568 1644 660 1705 etiam
683 1661 737 1723 per
759 1642 941 1705 incidentiae
966 1642 1175 1706 rectitudinem
1199 1643 1359 1706 calefactio
1383 1643 1495 1705 existit.
1543 1641 1631 1714 Quod

279 1742 379 1796 antem
402 1734 470 1796 loca
493 1734 558 1795 alta
586 1733 684 1795 minus
713 1731 825 1806 calida,
850 1751 908 1792 non
932 1731 1043 1793 debent
1065 1751 1138 1792 sane
1169 1751 1236 1794 esse
1266 1732 1366 1794 calida
1389 1731 1426 1793 cb
1455 1731 1629 1812 propinqui-

278 1831 375 1886 tatem
397 1823 436 1884 ad
451 1821 564 1898 Solem,
586 1841 662 1902 quae
682 1821 790 1882 nullius
810 1828 859 1882 est
877 1821 1017 1882 momenti
1028 1839 1037 1894 ;
1057 1820 1111 1881 sed
1131 1841 1241 1882 causae
1256 1821 1419 1883 scuteliae
1438 1819 1630 1882 sufficientes.

279 1911 400 1982 Primo,
434 1912 601 1974 calefacere
626 1909 667 1972 ibi
690 1908 794 1972 Solem
817 1930 904 1971 nemo
928 1909 1061 1988 negabit,
1086 1916 1119 1970 at
1141 1929 1199 1971 non
1223 1910 1267 1971 ita
1290 1910 1429 1983 fortiter,
1459 1909 1528 1989 qnia
1551 1909 1636 1970 nulla

278 2000 493 2076 reverberatio,
519 2000 588 2080 qnia
616 2006 774 2060 ventosum
798 1998 839 2060 ibi
868 2007 900 2060 et
930 1997 1071 2059 continue
1098 1997 1297 2078 refrigeratio.
1345 1999 1404 2061 Ubi
1432 1997 1635 2059 reverberatio

279 2089 354 2151 nihil
383 2108 438 2169 per
467 2108 500 2150 se
534 2089 632 2168 ipsam
664 2095 767 2166 potest
795 2089 867 2160 (non
897 2095 947 2148 est
977 2088 1162 2167 repercussis
1194 2087 1288 2148 radiis
1317 2087 1471 2149 definitum
1505 2085 1635 2167 spatium

279 2177 492 2256 longitudinis,
525 2177 599 2239 nihil
632 2175 710 2238 enim
743 2175 883 2238 obstante
914 2177 943 2237 in
976 2175 1151 2238 immensum
1183 2184 1323 2256 pergunt.
1377 2175 1473 2237 Recte
1506 2193 1635 2256 namque

278 2265 464 2330 Aristoteles
476 2271 490 2327 τ’
515 2261 643 2347 σχιζιισιιι
664 2265 786 2346 viperee)
815 2267 868 2327 sed
891 2273 1015 2345 propter
1043 2271 1152 2328 atram.
1200 2263 1324 2326 Scilicet
1351 2264 1556 2326 reverberatio
1578 2282 1635 2324 non

279 2365 423 2417 causatur
446 2355 576 2416 calorem
599 2355 627 2416 in
651 2362 762 2434 puncto
787 2355 835 2416 ubi
859 2355 892 2416 fit
915 2354 1134 2429 reverberatio,
1159 2354 1211 2416 sed
1229 2353 1271 2416 ibi
1295 2353 1344 2416 ubi
1367 2353 1553 2415 reverberati
1568 2372 1635 2414 cum

278 2441 480 2505 incidentibus
504 2443 705 2523 conduplicati
730 2452 910 2506 concurrunt
933 2451 965 2504 et
987 2442 1037 2505 ubi
1062 2444 1149 2504 adest
1168 2443 1297 2505 materia
1320 2444 1429 2505 idonea
1448 2461 1490 2504 ec.
1515 2461 1635 2504 craesus

280 2538 343 2594 abr.
390 2533 424 2594 Iu
450 2535 600 2595 montanis
631 2533 724 2611 igitur
746 2551 841 2612 neque
874 2552 994 2594 crassus
1024 2539 1076 2594 adr
1108 2533 1153 2605 (in
1181 2532 1359 2606 verticibus,
1387 2533 1523 2613 inquam,
1548 2550 1635 2592 mon-

280 2621 371 2695 tium)
396 2640 491 2701 neque
516 2624 705 2692 consistens,
730 2629 763 2683 ut
786 2622 815 2682 in
847 2621 1029 2683 cavitetibus
1058 2640 1243 2700 camporum,
1271 2640 1366 2702 neque
1398 2620 1570 2689 continuus,
1604 2627 1637 2680 ut

278 2711 308 2774 iu
332 2710 532 2790 planitiebus,
566 2719 600 2774 ut
623 2710 763 2788 contagio
787 2710 876 2772 vicini
901 2710 990 2773 calidi
1018 2711 1115 2789 magis
1147 2711 1328 2785 incalescat,
1357 2718 1498 2772 contactu
1520 2708 1637 2772 imbuat

278 2805 389 2862 adrem.
435 2800 525 2862 Adde
553 2809 585 2862 et
616 2799 692 2875 hcc,
726 2799 871 2863 rotundos
904 2819 972 2862 esse
1005 2798 1154 2874 vertices,
1188 2819 1246 2862 nou
1279 2799 1387 2881 ubique
1420 2806 1510 2878 aptos
1544 2797 1635 2860 rectis

278 2887 460 2951 incidentiis.

365 2977 440 3039 Alia
462 2975 540 3039 ratio
566 2983 613 3036 est
637 2995 689 3038 cur
712 2995 803 3062 supra
826 2982 926 3038 aiircm
950 2974 1045 3056 frigus
1067 2977 1107 3038 sit
1129 2995 1250 3038 merum.
1287 2977 1367 3040 Nam
1391 2975 1462 3057 quid
1485 2983 1533 3037 est
1556 2974 1634 3055 quod

279 3062 334 3128 Sol
358 3064 542 3127 calefaciat?
584 3065 676 3126 Nulla
704 3085 777 3128 sane
801 3065 930 3126 materia
957 3064 1082 3139 idonea;
1111 3067 1217 3128 aether
1240 3066 1316 3128 enim
1342 3073 1390 3128 est
1412 3063 1503 3126 nimis
1524 3064 1632 3126 tenuis.

277 3151 321 3215 Et
342 3153 437 3215 habea
460 3154 490 3214 in
513 3153 588 3214 meis
608 3151 737 3233 Opticie,
761 3154 878 3216 radium
897 3153 978 3216 Solis
1000 3153 1041 3216 ibi
1066 3174 1123 3216 non
1146 3173 1225 3229 esse,
1250 3155 1304 3216 sed
1328 3153 1431 3216 fuisse.
1469 3155 1513 3218 Ut
1533 3153 1635 3233 pluma

278 3261 337 3304 nou
350 3241 458 3322 recipit
474 3241 637 3304 violentum
652 3253 774 3320 nictum,
790 3244 834 3305 sic
848 3244 902 3304 illa
917 3243 1047 3305 materia
1060 3263 1117 3304 non
1140 3243 1247 3324 recipit
1267 3244 1406 3318 calorem,
1422 3243 1516 3324 frigus
1532 3242 1632 3321 igitur.

367 3330 412 3394 Ac
434 3349 526 3412 quare
550 3331 720 3410 glacientur
743 3332 862 3395 nubes?
886 3332 1016 3394 Primum
1041 3351 1135 3412 vapor
1158 3352 1214 3414 quo
1240 3333 1404 3395 ferventior
1426 3333 1482 3394 hoc
1505 3331 1633 3393 celerius

281 3418 438 3493 ascendit;
471 3418 565 3499 igitur
597 3421 717 3483 delatus
741 3430 828 3483 extra
859 3429 958 3483 metas
991 3422 1071 3482 neris
1104 3422 1229 3484 infertur
1261 3422 1386 3484 dimidia
1416 3420 1462 3482 sui
1493 3419 1634 3500 partein

277 3507 432 3570 aetherem
456 3506 613 3587 frigidum,
639 3511 733 3589 frigus
758 3509 836 3571 enim
865 3517 913 3572 est
936 3510 1058 3589 negatio
1077 3511 1196 3572 caloris.
1233 3510 1340 3590 Frigus
1360 3509 1493 3572 sentiens
1517 3508 1635 3587 cogitur

277 3605 309 3660 et
341 3604 427 3678 tergo
461 3597 592 3659 sustinet
622 3596 725 3661 Solem
757 3618 816 3660 non
850 3599 1088 3678 frigefacientem
1122 3601 1175 3668 sed
1209 3600 1445 3662 calefacientem.
1492 3599 1537 3660 At
1565 3597 1636 3678 qnia

275 3686 391 3765 seipse
416 3687 502 3766 tegit,
528 3686 611 3749 calor
634 3687 685 3748 ille
709 3706 747 3748 ex
770 3685 852 3749 Solis
876 3689 947 3761 ictu,
972 3697 1005 3750 ut
1029 3688 1077 3768 qui
1101 3688 1237 3751 estsine
1262 3689 1324 3750 fere
1348 3707 1440 3762 mora,
1466 3707 1524 3749 non
1549 3692 1635 3748 creat

275 3773 408 3855 speciem
437 3775 547 3837 caloris
579 3775 618 3838 ad
650 3775 794 3838 interiora
825 3785 1044 3856 penetrantem.
1091 3778 1141 3839 Fit
1173 3777 1266 3856 igitur
1298 3787 1332 3839 nt
1364 3795 1481 3838 summa
1512 3775 1634 3856 vaporis

232 3885 234 3888 ·
275 3863 413 3926 nebulosi
436 3864 634 3943 coagulentur
657 3865 685 3926 in
710 3883 834 3946 aquam,
868 3867 1026 3941 interiora,
1061 3885 1140 3946 aqna
1163 3867 1260 3938 facta,
1291 3865 1329 3928 ob
1359 3866 1509 3928 defectum
1537 3863 1634 3926 omnis

276 3953 387 4014 caloris
411 3954 502 4015 etiam
526 3953 722 4033 congelantur
746 3960 836 4035 atque
861 3955 904 4018 sic
927 3955 1031 4034 pluvia
1053 3975 1119 4018 cum
1152 3955 1297 4036 grandine
1326 3954 1461 4027 decidat,
1484 3971 1634 4034 nunquam

275 4042 391 4120 grando
415 4043 490 4104 sola.

364 4147 550 4197 Fabricius:
579 4145 606 4196 Sl
625 4145 666 4197 Sol
686 4147 781 4198 calidus
799 4163 843 4212 per
861 4163 888 4198 ae
908 4155 934 4198 et
951 4163 995 4213 per
1019 4150 1190 4208 reflexionem,
1217 4163 1261 4200 cnr
1284 4164 1334 4199 non
1360 4149 1436 4199 etiam
1459 4147 1548 4199 stellae
1567 4147 1633 4199 calo·
1741 4137 1744 4144 “

274 4217 377 4276 faciunt,
397 4231 453 4267 cum
472 4219 508 4266 vla
526 4231 611 4268 aarum
629 4219 655 4267 ln
673 4233 750 4269 unum
769 4225 918 4270 coacervata
936 4228 1056 4284 aequaret
1075 4221 1138 4272 Solis
1158 4235 1245 4286 eorpus
1264 4227 1289 4270 ct
1308 4219 1473 4272 calefaciendi
1491 4217 1576 4270 virosi

362 4306 567 4385 Keplerns:
603 4305 715 4387 Optica
747 4308 829 4370 adito
858 4316 890 4370 et
916 4309 1126 4371 Fundamenta
1152 4309 1358 4389 Astrologiae.
1403 4308 1559 4387 Analogia
1585 4315 1635 4370 est

274 4394 510 4473 exquisitissima
533 4395 608 4457 lucis
632 4405 663 4458 et
686 4397 815 4472 caloris3
847 4398 872 4459 si
897 4398 1055 4460 universae
1079 4400 1188 4461 stellae
1219 4398 1390 4471 verticales,
1416 4396 1630 4474 horizontales,

165 4549 171 4564 Ι
275 4493 426 4562 nequeunt
453 4483 571 4545 efficere
599 4484 749 4547 claritatis
780 4486 904 4548 diurnae
934 4487 1124 4549 millesimam
1152 4495 1285 4566 partem,
1316 4487 1386 4568 quid
1416 4486 1522 4548 mirum
1546 4486 1572 4548 si
1596 4505 1632 4547 ne

275 4569 383 4631 caloris
407 4570 526 4650 quidem
551 4571 676 4635 Solaria.
723 4573 774 4637 Nil
805 4575 896 4653 igitur
925 4575 1052 4654 impedit
1084 4577 1220 4652 credere,
1254 4595 1320 4638 curn
1349 4575 1483 4655 ipsarum
1515 4593 1632 4656 quoque

276 4656 341 4718 lnce
364 4659 495 4720 calorem
518 4663 771 4740 proportionalem
796 4683 875 4724 esse.
979 4709 983 4714 -

363 4745 555 4796 Fabricios:
576 4749 649 4809 Quae
668 4764 746 4801 causa
764 4757 815 4808 est,
841 4751 904 4815 qnod
926 4751 1086 4814 paraaelenes
1104 4753 1288 4803 semidiameter
1307 4751 1409 4804 dimidia
1432 4753 1581 4816 comparsit
1601 4752 1634 4804 cd

274 4814 341 4870 iridis
360 4816 577 4876 semidiametrum,
597 4835 661 4883 quae
680 4828 718 4871 eat
737 4817 793 4880 45⁰.
813 4827 841 4872 ut
859 4823 911 4886 ipse
930 4821 1059 4887 aliquoties
1078 4823 1227 4876 observavi?
