3648 5530
329 279 397 349 496
933 288 1082 340 umorem
1184 242 1186 246 ¹

330 461 418 525 varia
441 461 565 542 specula
588 462 671 524 velut
694 463 797 526 oculos
830 463 1007 541 distinctae,
1041 465 1123 528 subit
1144 465 1237 544 igitur
1268 465 1414 538 animum,
1445 481 1516 524 num
1540 461 1571 523 in
1596 459 1685 522 Luna

330 553 388 613 bae
411 551 546 613 maculae
575 552 642 630 quid
673 553 753 612 aliud
782 561 897 616 notent.
943 555 1033 633 Apud
1056 575 1111 618 nos
1140 554 1217 622 enim
1240 555 1270 616 in
1294 554 1413 616 Tellure
1443 559 1514 613 sunt
1541 551 1685 612 sinuosae

329 641 489 702 nonnullae
512 639 622 720 valles,
657 649 690 701 at
713 649 784 703 sunt
806 643 897 704 etiam
920 642 950 704 in
974 644 1094 723 longum
1126 651 1302 723 protensae,
1337 641 1499 704 secundum
1527 636 1686 700 fluuionnn

330 729 482 802 decursus,
507 729 723 807 profunditatis
747 749 804 791 non
829 733 1083 794 contemnendae:
1112 732 1279 813 cujusmodi
1303 729 1395 793 veluti
1424 736 1573 809 perpetua
1595 725 1686 786 vallis

328 825 377 878 est
399 817 526 878 Austria
552 817 612 878 lere
636 826 703 878 tota
726 826 848 898 propter
871 820 1056 892 Danubium,
1084 821 1163 883 inter
1185 821 1340 882 Moraviae
1364 826 1395 880 et
1418 816 1541 899 Styriae
1565 821 1687 878 montes

329 907 474 985 depressa
489 913 520 965 et
539 905 624 985 quasi
648 908 814 969 recondita.
854 906 916 970 Cur
938 909 1029 988 igitur
1053 911 1151 972 nullas
1170 910 1248 971 tales
1272 911 1379 987 longas
1393 908 1421 968 in
1437 907 1526 968 Inna
1548 903 1688 966 maculas

327 995 455 1075 prodis?
487 993 549 1056 Cur
571 995 731 1075 plerasque
755 997 865 1060 circulo
890 998 1135 1060 circumductas?
1167 999 1256 1060 Anne
1280 999 1353 1060 licet
1374 993 1555 1076 conjecturis
1582 991 1687 1054 indul-

327 1101 412 1162 gere,
443 1083 561 1144 Lunam
585 1084 679 1145 veluti
712 1086 858 1164 pumicem
882 1087 1029 1166 quendam
1053 1106 1134 1161 esse,
1168 1085 1356 1149 creberrimis
1380 1092 1412 1146 et
1434 1082 1575 1146 maximis
1604 1079 1688 1160 poris

326 1171 456 1251 undique
480 1171 710 1234 dehiscentem?
747 1173 878 1235 Patieris
906 1174 985 1236 enim
1013 1195 1108 1256 aequo
1138 1175 1252 1248 animo,
1282 1183 1317 1236 nt
1340 1175 1387 1237 hic
1409 1191 1464 1252 per
1492 1171 1689 1234 occasionem

326 1259 440 1340 aliquid
472 1259 643 1339 indulgeam
676 1263 932 1342 speculationibus
964 1264 1039 1325 meis
1073 1261 1295 1326 Commentario
1328 1264 1365 1324 de
1398 1263 1499 1323 Marte
1533 1256 1611 1338 Cap.
1643 1251 1689 1318 34

326 1348 509 1429 propositis,
535 1349 584 1410 ubi
609 1369 646 1410 ex
671 1371 715 1424 eo,
742 1352 819 1430 quod
843 1351 930 1412 Luna
954 1373 972 1413 a
995 1353 1115 1414 Tellure
1143 1353 1233 1434 duplo
1256 1351 1382 1414 celerius
1405 1350 1565 1424 incitatur,
1595 1365 1688 1427 quam

325 1446 430 1516 partes
460 1437 543 1518 ipsae
568 1439 697 1500 Telluris
726 1440 856 1500 extimae
881 1440 910 1500 in
940 1440 1051 1504 circulo
1074 1451 1252 1522 aequatore,
1278 1440 1401 1520 collegi,
1426 1439 1546 1500 Lunare
1576 1453 1688 1514 corpus

325 1545 394 1587 esse
414 1546 513 1587 rarum
538 1527 697 1590 admodum
722 1529 857 1608 quodque
882 1529 991 1608 exigna
1005 1530 1150 1592 materiae
1169 1547 1283 1618 paucae
1302 1527 1492 1591 contumacia
1514 1524 1690 1606 praeditum

325 1615 425 1693 raptui
450 1615 579 1676 Telluris
604 1635 661 1676 non
684 1617 809 1678 multum
833 1617 967 1678 resistat.

416 1702 624 1765 Veruntamen
650 1705 724 1766 haec
749 1706 801 1778 (de
832 1706 979 1767 absolutis
1003 1707 1199 1780 multatibus,
1223 1725 1280 1767 non
1305 1723 1359 1784 per
1385 1712 1505 1765 montes
1530 1696 1689 1774 formatis)

326 1791 403 1852 tanti
430 1811 488 1852 non
508 1801 588 1868 sunt,
613 1802 647 1854 ut
666 1793 691 1854 si
710 1793 801 1872 juxta
815 1802 883 1855 tuas
902 1804 1062 1874 sequentes
1076 1794 1264 1856 narrationes
1283 1803 1366 1856 stare
1382 1791 1502 1855 omnino
1522 1795 1686 1870 nequeant,

324 1879 521 1959 pertinaciter
550 1881 739 1943 defendenda
770 1891 882 1963 putem.
933 1884 1013 1946 Nam
1042 1883 1219 1946 clarissimis
1251 1880 1465 1961 experimentis
1495 1881 1565 1958 lege
1598 1879 1689 1958 plane

326 1967 427 2047 optiea
455 1969 616 2031 reddidisti
650 1971 954 2047 confirmatissimum,
988 1973 1018 2034 in
1041 1972 1153 2034 Lunari
1183 1990 1304 2052 corpore
1338 1971 1448 2032 multos
1477 1987 1534 2049 per
1558 1967 1688 2030 lucidam

324 2065 443 2136 partem
466 2059 648 2136 praesertim
673 2058 797 2128 inferius
830 2079 1010 2139 consurgere
1034 2060 1135 2141 apices
1164 2061 1259 2122 instar
1290 2059 1508 2121 altissimorum
1540 2057 1690 2118 montium

326 2152 448 2206 nostrae
473 2145 618 2222 Telluris,
645 2147 694 2226 qui
717 2147 805 2226 primi
835 2148 959 2209 orientis
983 2151 1011 2210 in
1035 2150 1122 2211 Luna
1146 2147 1227 2210 Solis
1251 2149 1316 2210 luce
1346 2149 1485 2226 fruuntur
1509 2143 1608 2227 eaque
1632 2143 1689 2206 tibi

325 2231 499 2313 perspicillo
525 2243 576 2294 tuo
601 2235 697 2297 utenti
721 2236 909 2315 detegantur.

414 2319 495 2391 Quid
520 2322 586 2400 jam
619 2323 717 2385 dicam
750 2323 786 2384 de
819 2333 872 2386 tua
904 2344 993 2404 snper
1024 2325 1155 2404 antiquis
1187 2325 1310 2386 maculis
1337 2323 1442 2385 Lunae
1477 2321 1702 2400 disputatione·

326 2409 542 2471 exactissima?
567 2409 641 2473 Cum
659 2413 710 2474 iol.
726 2409 800 2479 287.
826 2413 893 2475 libri
914 2413 972 2476 mei
987 2413 1169 2476 sententiam
1183 2413 1567 2499 Plutarchi‘adduxissem,
1583 2410 1690 2472 Lunae
1753 2443 1756 2451 ι

325 2499 461 2560 maculas
491 2499 561 2560 illas
594 2500 734 2581 antiquas
757 2520 811 2580 pro
844 2501 968 2564 lacubus
993 2523 1047 2566 seu
1069 2503 1201 2564 maribus
1232 2500 1391 2576 habentis,
1426 2501 1548 2564 lucidas
1581 2505 1689 2579 partes

326 2605 380 2666 pro
405 2587 636 2664 continentibus,
661 2609 720 2650 non
745 2590 880 2652 dubitaui
899 2611 945 2652 me
965 2609 1115 2670 opponere
1135 2597 1167 2651 et
1189 2591 1340 2674 contraria
1363 2588 1536 2652 rationein
1562 2585 1689 2649 maculis

324 2674 523 2751 continentes,
549 2677 578 2738 in
603 2677 702 2739 lucida
725 2679 857 2756 puritate
881 2680 1014 2741 humoris
1028 2679 1087 2740 vim
1111 2698 1230 2759 ponere,
1256 2698 1314 2758 qua
1333 2677 1362 2738 in
1382 2696 1414 2739 re
1435 2677 1512 2740 mihi
1527 2676 1689 2738 Waokhe-

324 2763 386 2825 rius
419 2764 508 2826 valde
542 2766 724 2844 applaudere
754 2773 801 2828 est
832 2769 948 2830 solitus.
994 2768 1138 2848 Adeoque
1167 2768 1213 2829 his
1245 2767 1505 2846 disputationibus
1540 2763 1689 2844 superiori

325 2861 444 2914 aestate
469 2853 647 2916 indulsimus
672 2855 786 2930 (credo,
812 2858 888 2936 quod
913 2865 1022 2918 natura
1044 2875 1166 2936 pernos
1186 2853 1291 2932 eadem
1315 2854 1509 2929 moliebatur,
1537 2871 1619 2934 quae
1638 2871 1691 2932 per

326 2939 498 3003 Galilaeum
523 2942 764 3023 obtinuitpaulo
782 2947 878 3024 post),
902 2955 934 3008 ut
953 2945 982 3006 in
1006 2945 1100 3025 ipsius
1118 2943 1293 3006 Waclrherii
1315 2943 1446 3022 gratiam
1467 2943 1566 3005 etiarn
1587 2949 1690 3003 astro-

324 3029 453 3090 nomiam
477 3049 595 3106 novam,
620 3033 705 3110 quasi
727 3051 781 3110 pro
806 3032 842 3094 iis
867 3035 915 3114 qui
939 3034 969 3096 in
992 3035 1079 3096 Luna
1102 3033 1256 3108 habitant,
1287 3031 1435 3112 planeque
1465 3031 1691 3114 geographiam

325 3117 474 3194 quandam
499 3119 648 3180 Lunarem
672 3120 844 3197 conderem,
869 3123 952 3202 cujus
980 3123 1059 3184 inter
1089 3121 1282 3183 fundamenta
1306 3128 1338 3180 et
1360 3119 1417 3181 hoe
1442 3128 1522 3194 erat,
1549 3118 1691 3180 maculas

323 3223 392 3266 esse
427 3206 635 3275 continentes,
664 3208 780 3271 lucidas
809 3218 912 3291 partes
942 3212 1047 3274 maria.
1079 3216 1112 3280 (r.
1133 3234 1153 3267 s.
1172 3234 1196 3282 p.
1216 3214 1289 3279 417.)
1336 3205 1417 3278 Quid
1453 3227 1503 3270 me
1546 3207 1689 3280 moverit,

324 3302 358 3354 ut
376 3291 424 3353 hic
438 3293 602 3356 Plutarcho
626 3298 872 3374 contradicerem,
898 3300 998 3362 videre
1023 3308 1071 3362 est
1094 3296 1235 3361 f01.287.
1261 3296 1327 3358 libri
1347 3297 1416 3368 mei,
1442 3297 1691 3376 experimentum

323 3379 441 3443 scilicet
464 3380 504 3442 ibi
528 3383 708 3460 allegatum,
742 3386 819 3465 quod
843 3389 907 3466 cepi
931 3388 960 3448 in
984 3396 1084 3450 monte
1108 3386 1229 3470 Styriae
1252 3384 1416 3458 Scheckel‚
1449 3403 1489 3445 ex
1523 3405 1585 3464 quo
1618 3383 1691 3446 mihi

323 3469 477 3548 subjectus
501 3470 608 3531 fluvius
642 3471 800 3534 ridebatur
829 3475 961 3546 lucidus,
997 3485 1095 3538 terrae
1125 3475 1354 3538 tenebrosiores.
1401 3473 1449 3534 At
1473 3473 1692 3536 infirmitatem

322 3557 534 3638 applicationis
560 3559 630 3621 lolio
654 3579 741 3621 verso
766 3580 868 3641 margo
889 3565 952 3643 ipse
976 3566 1099 3627 indicat.
1139 3563 1262 3626 Scilicet
1285 3579 1341 3621 non
1366 3561 1432 3622 luce
1457 3562 1693 3625 communicata

321 3667 359 3708 ex
383 3645 455 3709 Sole
479 3654 513 3718 ut
536 3655 635 3709 terrae
667 3647 788 3710 lucebat
811 3651 931 3722 fluvius.
963 3655 1015 3716 sed
1040 3655 1104 3716 luce
1137 3669 1312 3730 repercussa
1335 3667 1373 3709 ex
1396 3655 1468 3710 atre
1501 3651 1692 3712 illuminato.

320 3737 487 3816 Propterea
510 3742 541 3795 et
564 3755 673 3797 causas
697 3739 891 3817 experimenti
915 3741 1031 3803 tentavi
1055 3740 1223 3803 infeliciter.
1270 3739 1348 3799 Nam
1371 3745 1482 3799 contra
1515 3740 1693 3802 doctrinam

320 3823 501 3886 Aristotelis
525 3824 600 3886 libro
621 3826 657 3886 de
677 3826 825 3888 coloribus
844 3829 900 3890 hoc
924 3831 1089 3892 affirmavi:
1114 3848 1208 3908 aquas
1232 3827 1327 3888 minus
1347 3826 1383 3888 de
1404 3834 1474 3886 atro
1494 3829 1692 3907 participare

319 3931 408 3994 quam
432 3922 540 3974 terras.
587 3911 647 3984 Qui
671 3915 749 3976 enim
773 3915 828 3976 hoc
853 3936 954 3993 verum
983 3937 1050 3980 esse
1081 3917 1190 3998 possit,
1225 3933 1291 3976 cunr
1315 3921 1415 3975 terrae
1441 3916 1535 3994 aquis
1572 3916 1693 3978 tinctae

318 4001 466 4082 nigriores
491 4002 646 4063 evadant?
670 4003 711 4064 Et
735 4003 805 4082 quid
829 4006 955 4068 multis?
983 4006 1032 4066 Da
1055 4007 1172 4067 Lunam
1193 4023 1233 4065 ex
1257 4003 1326 4064 alba
1350 4002 1442 4080 gleba
1467 4013 1633 4081 constare,
1658 4013 1695 4066 ut

319 4089 443 4152 Cretam
467 4088 594 4151 insulam
619 4092 781 4170 (quomodo
796 4091 947 4154 Lucienus
962 4093 1080 4155 Lunam
1104 4095 1180 4155 dixit
1198 4092 1277 4153 casei
1301 4091 1430 4151 similem
1447 4091 1583 4155 Terram
1605 4096 1694 4167 esse)

317 4179 541 4239 concedendum
566 4183 636 4252 erit,
662 4179 771 4262 clarius
795 4179 1039 4258 resplendescere
1063 4182 1143 4244 illam
1169 4201 1205 4242 ex
1232 4178 1451 4240 illuminatione
1478 4179 1569 4243 Solis
1597 4201 1693 4262 quam

319 4267 433 4340 maria,
469 4267 660 4346 quantumvis
693 4286 751 4327 non
786 4275 953 4328 atramento
987 4269 1110 4332 imbuta.
1162 4271 1267 4349 Itaque
1298 4266 1370 4327 nibil
1402 4285 1451 4336 me
1485 4269 1570 4330 liber
1606 4290 1695 4332 meus

317 4353 452 4431 impedit,
478 4371 535 4432 quo
561 4354 656 4414 rninus
682 4364 711 4414 te
736 4355 856 4414 audiam
880 4363 986 4416 contra
1009 4374 1054 4416 me
1074 4377 1128 4435 pro
1145 4356 1306 4418 Plutarcho
1330 4354 1565 4419 mathematicis
1593 4379 1693 4440 argu-

316 4441 427 4501 mentis
452 4440 665 4516 dissoreuteur,
690 4443 824 4505 illatione
848 4442 1043 4520 argutissima
1066 4453 1097 4505 et
1120 4445 1241 4506 invicta.
1275 4441 1408 4503 Lueidae
1434 4445 1554 4525 quippe
1581 4457 1695 4526 partes

317 4526 420 4588 multis
439 4527 621 4590 caritatibus
642 4529 807 4602 dehiscunt,
829 4529 944 4590 lucidae
958 4539 1061 4609 partes
1076 4539 1213 4594 tortuosa
1227 4531 1306 4592 linea
1320 4529 1543 4607 illuminantur,
1567 4536 1695 4598 lucidae

315 4621 421 4689 partes
454 4614 631 4678 eminentias
661 4617 773 4678 habent
807 4635 949 4694 magnas,
990 4619 1094 4696 quibus
1132 4620 1244 4682 vicinas
1277 4625 1380 4696 partes
1409 4631 1625 4697 praevertunt
1662 4626 1695 4686 in

244 4738 247 4743 -
316 4697 549 4774 illuminatione;
574 4703 697 4764 eaedem
721 4712 752 4763 et
779 4712 884 4764 contra
907 4703 1009 4766 Solem
1033 4714 1105 4768 sunt
1136 4707 1270 4778 lucidae,
1303 4712 1389 4782 parte
1418 4727 1438 4767 a
1463 4707 1543 4770 Sole
1576 4731 1706 4776 aversa·

317 4783 509 4860 tenebrosae,
546 4807 621 4866 quae
655 4790 754 4850 omnia
776 4791 805 4850 in
836 4791 915 4852 sicco
940 4800 971 4854 et
1000 4792 1096 4856 solido
1122 4804 1153 4855 et
1175 4791 1318 4856 eminenti
1349 4792 1447 4854 locum
1481 4795 1621 4875 babent,
1663 4803 1695 4864 in
