3672 5528
305 254 388 322 224,
771 253 961 318 Paralipomens
978 253 1005 304 ln
1022 249 1190 306 Vitelliansm.
1215 261 1218 266 '

265 448 269 456 ·
305 432 399 496 riales
436 432 573 495 obtinent
607 429 822 504 latitudinem),
855 438 987 494 videlieet
1012 439 1125 494 interior
1146 445 1176 494 et
1201 439 1328 509 superior
1359 429 1423 502 (vel
1456 430 1601 494 anstrrdis
1630 405 1661 494 et

306 521 452 596 borealis)
487 548 506 586 a
534 530 598 585 Sole
631 519 713 597 (jam
751 516 922 592 occidente)
954 528 1109 598 aequaliter
1143 527 1385 592 illuminabantur,
1416 531 1547 584 movendo
1578 529 1662 584 etiam

306 611 437 666 circulum
466 608 619 665 latitudinis
649 624 791 678 quousque
821 607 905 662 etiam
931 609 1029 662 ambae
1050 614 1145 678 partes
1176 607 1330 678 superficiei
1360 607 1497 664 interioris
1528 609 1661 680 ejusdem,

306 700 436 755 videlicet
455 702 555 754 dextra
574 713 607 750 ee
622 696 735 752 sinistm
756 686 825 759 (sen
849 685 1004 748 orientalis
1026 695 1058 748 et
1077 686 1289 760 occidentalis)
1312 699 1457 768 aequalem
1478 715 1496 752 a
1514 699 1580 754 Sole
1601 700 1663 752 illu-

308 790 482 844 minstionem
503 793 677 854 acceperant.
720 785 811 848 Quare
840 785 863 839 si
883 786 951 840 radii
973 786 1084 840 Solares
1115 786 1259 840 irretracte
1280 788 1315 840 ad
1340 788 1428 842 risum
1455 779 1523 850 (eeu
1548 779 1663 839 iustru-

309 868 454 939 mentnm)
485 875 642 929 venissent:
668 874 786 929 circulus
812 875 967 929 latitudinis
988 864 1137 938 (sectione
1162 865 1206 926 sui
1230 873 1262 925 et
1276 865 1449 945 eclipticae)
1476 877 1566 930 locum
1592 876 1664 930 Solis

312 956 376 1036 (qui
404 955 486 1034 prius
509 953 540 1015 in
564 951 687 1014 meridie
711 953 865 1028 inventus,
896 962 928 1014 et
952 953 1105 1016 additions
1128 960 1226 1015 motus
1250 953 1361 1016 horarii
1385 953 1478 1017 debiti
1509 961 1663 1016 correctus

308 1046 390 1116 eret)
413 1053 509 1123 utique
531 1053 706 1108 ostendisset.
749 1055 802 1108 Sed
824 1053 1004 1107 differentiam
1024 1053 1175 1108 notabilem
1200 1054 1300 1123 reperi.
1344 1043 1430 1115 (Alie
1454 1044 1520 1106 iece
1537 1043 1592 1106 Sel
1616 1043 1664 1105 in-

307 1131 540 1194 veniebaturex
562 1131 729 1193 meridiana
756 1129 976 1205 observatione,
1001 1132 1060 1194 alio
1084 1132 1151 1195 loco
1176 1151 1213 1192 cx
1237 1133 1424 1212 vespertina)
1453 1149 1483 1196 ec
1509 1143 1583 1196 hane
1604 1142 1663 1214 qui·

308 1235 368 1286 dem
391 1219 620 1294 (differentiam)
640 1230 798 1292 differenter
822 1222 894 1292 (non
911 1237 1030 1301 semper
1048 1221 1209 1294 eandem):
1229 1230 1360 1300 majorem
1375 1231 1482 1301 quidem
1497 1233 1559 1285 dum
1581 1231 1665 1285 decli·

311 1311 388 1366 natio
409 1311 481 1365 Solis
502 1311 635 1364 modicum
656 1319 783 1365 creverat
804 1317 855 1365 aut
875 1311 1043 1375 decreverat,
1066 1309 1196 1365 minorem
1215 1327 1290 1375 vero,
1312 1327 1372 1365 cum
1392 1311 1554 1366 notabiliter
1575 1318 1665 1366 mute·

309 1395 403 1455 batur,
426 1397 459 1444 ut
479 1389 507 1443 in
527 1389 653 1444 solstitiis
675 1392 831 1456 maximam,
853 1391 881 1444 in
902 1391 1082 1460 aequinoctiis
1103 1408 1168 1444 raro
1190 1389 1343 1445 minimam:
1377 1391 1450 1463 (non
1475 1391 1554 1470 quod
1578 1398 1667 1452 tanta

310 1478 451 1542 fueritin
476 1477 552 1558 ipsis
576 1477 808 1540 retractionibus
831 1476 976 1552 varietas,
1001 1479 1054 1540 sed
1075 1481 1144 1560 quia
1162 1478 1219 1540 etsi
1244 1477 1406 1540 declinatio
1421 1477 1502 1540 Solis
1526 1478 1666 1560 utrinque

309 1566 478 1648 aequaliter
524 1566 765 1629 adulteraretur:
790 1567 860 1646 quia
882 1573 983 1628 tamen
1007 1586 1045 1628 ex
1069 1568 1270 1630 declinatione
1298 1567 1427 1628 habetur
1455 1566 1612 1646 longitudo
1636 1574 1667 1628 et

309 1676 346 1720 ex
373 1656 486 1718 vitiosa
518 1654 719 1716 declinatione
748 1657 860 1718 vitiosa
883 1656 1055 1734 longitudo,
1089 1657 1157 1736 plus
1188 1656 1280 1736 igitur
1309 1654 1385 1717 haec
1407 1655 1437 1716 iu
1462 1655 1666 1718 declinatione

303 1745 461 1818 ,aberratio
486 1743 579 1818 fallit,
610 1743 661 1805 ubi
685 1744 734 1806 uni
764 1745 869 1824 gradui
903 1744 1097 1824 longitudinis
1126 1745 1244 1807 unicum
1275 1744 1485 1806 declinationis
1519 1744 1665 1807 minutum

309 1833 488 1914 respondet,
517 1832 596 1913 qnod
618 1832 653 1893 iit
677 1852 781 1895 vorsus
812 1832 962 1907 solstitia,
987 1849 1075 1913 quam
1099 1835 1148 1896 ubi
1176 1833 1227 1895 uni
1254 1833 1360 1912 gradui
1388 1833 1587 1912 longitudinis
1612 1831 1667 1896 24¹

311 1921 522 1985 declinationis
545 1920 739 2000 respondent,
763 1922 845 1983 utin
870 1923 1095 2002 aequinoctiis.)
1129 1933 1197 1987 tum
1217 1949 1286 2004 erge
1307 1931 1335 1986 in
1357 1947 1456 1986 occasu
1477 1931 1550 1988 solis
1571 1932 1667 1987 ambos

309 2023 426 2078 circulos
442 2008 629 2088 (eclipticam
643 2017 675 2072 et
690 2010 874 2085 latitudiuis)
894 2037 912 2074 a
932 2020 1013 2085 Sole,
1045 2029 1077 2075 ut
1103 2021 1274 2090 praedictum
1303 2029 1372 2087 eet,¹
1396 2021 1565 2077 illuminatos
1596 2021 1667 2076 vidi:

310 2117 486 2172 nequaquam
508 2100 580 2156 Solis
601 2119 689 2172 neque
710 2119 748 2155 ax
768 2119 801 2155 eo
823 2101 938 2156 Veneris
959 2101 1049 2156 locum
1070 2117 1163 2156 verum
1184 2102 1281 2158 habui.
1318 2101 1403 2175 (Jam
1435 2101 1512 2162 enim
1544 2099 1666 2174 dictum,

310 2193 336 2253 ei
361 2192 416 2252 hoc
439 2190 534 2260 tieret,
558 2188 656 2250 visum
680 2207 748 2249 esse
771 2187 890 2250 differre
913 2207 1016 2250 verum
1043 2197 1075 2251 et
1093 2189 1170 2251 hunc
1189 2189 1421 2264 refractorimn.)
1449 2199 1479 2254 Si
1500 2206 1595 2254 eutem
1617 2199 1667 2254 eir·

310 2283 373 2336 outo
395 2277 549 2334 latitudinis
579 2294 663 2348 super
691 2279 751 2332 tono
772 2277 844 2334 Solis
871 2278 976 2350 posito,
1006 2287 1057 2349 per
1087 2279 1308 2335 observationem
1337 2279 1516 2334 meridianam
1545 2285 1667 2349 reperto,

312 2369 398 2432 atque
418 2375 470 2430 per
497 2357 664 2414 additionem
684 2364 774 2413 motus
795 2357 856 2427 ejus
884 2359 1038 2414 intermedii
1065 2363 1191 2426 reducto,
1217 2361 1246 2415 in
1267 2377 1366 2416 occasu
1387 2361 1458 2416 Solis
1479 2361 1596 2414 eundem
1617 2359 1668 2412 cir·

310 2443 401 2497 culum
421 2455 517 2494 verens
539 2438 631 2494 Solem
651 2438 774 2504 exhibui,
799 2437 870 2510 (hoc
890 2445 946 2512 est,
966 2437 1095 2518 siquem
1114 2437 1210 2500 iocum
1227 2438 1309 2501 Solis
1328 2439 1358 2500 in
1376 2439 1500 2502 meridie
1525 2437 1668 2500 methodo

311 2528 374 2592 alia
397 2535 429 2590 et
452 2534 537 2590 certa
559 2525 756 2606 reperiebam,
781 2533 813 2588 et
835 2525 990 2588 additione
1013 2527 1170 2606 portionis,
1195 2546 1271 2608 qnae
1295 2527 1422 2607 tempori
1445 2548 1465 2589 a
1481 2526 1668 2590 meridie'sd

312 2635 451 2680 occasum
475 2615 684 2694 competebat,
710 2632 915 2689 correxeram,
950 2615 976 2677 si
1008 2614 1035 2676 ei
1067 2615 1189 2696 iuquam
1222 2617 1287 2680 loco
1325 2616 1467 2678 circulum
1497 2615 1668 2679 latitudinis

311 2705 503 2788 applicarem,
528 2703 626 2766 etsie
650 2703 758 2766 affixos
780 2703 912 2766 invicem
936 2705 975 2765 ad
999 2701 1101 2766 Solem
1129 2703 1314 2767 occidentem
1346 2705 1553 2780 devolverem)
1577 2715 1669 2786 quoad

310 2806 371 2876 ejus
391 2793 509 2868 (cuculi
525 2791 708 2867 latitudiuis)
728 2803 886 2874 superficies
900 2802 1015 2858 interior
1023 2805 1102 2858 modo
1112 2803 1254 2874 praedicto
1264 2803 1487 2868 illuminabatur;
1503 2793 1669 2874 (neglecte,

311 2895 345 2948 ut
368 2884 447 2946 idem
466 2881 495 2944 in
517 2881 659 2960 ecliptica
676 2881 787 2957 tieret),
811 2891 925 2947 veritati
945 2891 1125 2964 propinquius
1146 2893 1266 2958 accessi,
1289 2882 1333 2956 (in
1357 2882 1592 2963 investigatione
1612 2882 1669 2945 ieci

312 2971 510 3052 longitudinis
529 2967 622 3032 Solis.
660 2969 739 3032 Nam
763 2970 933 3034 latitudinis
957 2971 1084 3033 circulus
1108 2971 1286 3050 praesertim
1308 2973 1338 3033 in
1363 2970 1552 3051 aequinoctio
1576 2989 1670 3032 verno

312 3061 385 3125 Sole
409 3059 565 3121 occidente
589 3075 664 3137 pene
688 3058 843 3121 incidebat
864 3061 895 3122 in
915 3060 1108 3123 verticaiem:
1131 3059 1233 3139 itaque
1256 3059 1408 3135 retractio,
1434 3076 1510 3139 quae
1534 3061 1618 3123 solet
1640 3061 1670 3120 iu

313 3147 452 3212 verticali
475 3145 548 3220 lieri,
571 3164 648 3225 pene
671 3147 768 3209 onmis
792 3148 978 3211 concedebat
1000 3147 1030 3210 in
1053 3147 1245 3211 latitudinem
1271 3167 1376 3230 parum
1399 3148 1509 3210 vitiata
1533 3149 1669 3230 iongitu-

314 3238 409 3310 dine).
451 3247 548 3317 Neque
573 3236 704 3308 (tamen)
725 3245 777 3301 ille
797 3247 844 3301 via
863 3247 1021 3302 sufficiebat
1045 3236 1207 3316 (quodnon
1223 3237 1312 3317 plane
1327 3236 1671 3300 coinciderentcirculus

312 3324 481 3389 latitudinis
515 3331 546 3384 et
579 3323 732 3386 verticalis
756 3343 809 3386 seu
832 3323 1072 3398 remeamus).-
1102 3336 1144 3390 οι
1172 3353 1254 3406 quam
1280 3353 1338 3391 rem
1365 3355 1403 3392 ex
1432 3335 1568 3391 toramine
1596 3337 1670 3406 apud

314 3425 432 3488 oculum,
456 3413 550 3492 (quod
573 3411 826 3490 repraesentabat
848 3415 946 3476 locum
970 3411 1052 3476 Solis
1085 3417 1255 3493 oppositum
1284 3434 1406 3490 verum,
1439 3415 1594 3477 inventum
1617 3431 1672 3494 per

313 3502 559 3566 observationem
583 3499 780 3562 meridianam
795 3509 827 3562 et
849 3503 1004 3565 reductum
1019 3502 1058 3563 ad
1076 3503 1180 3566 horem
1199 3503 1421 3566 observationis
1435 3502 1523 3583 hujus
1542 3520 1670 3584 vesper-

313 3594 411 3666 tinae)
440 3600 573 3672 pinnulae
594 3600 714 3670 appendi
743 3601 982 3671 perpendiculum,
1013 3599 1128 3671 speciali
1155 3601 1267 3674 iugenio
1296 3593 1391 3673 (qued
1423 3590 1670 3672 perpendiculum

313 3679 569 3762 repraesentabat
595 3678 771 3740 verticalem
794 3679 951 3754 circulum)
975 3691 1184 3755 considerando,
1214 3691 1285 3761 quod
1311 3696 1456 3761 punctum,
1483 3689 1562 3762 eujus
1583 3691 1672 3745 forma

313 3781 488 3851 retringitur,
514 3767 613 3847 (cujus
631 3767 727 3830 vicem
745 3766 802 3829 hoe
821 3768 887 3830 loco
904 3767 984 3847 gerit
999 3769 1094 3831 sectio
1114 3769 1217 3831 circuli
1239 3769 1409 3832 latitudinis
1428 3788 1494 3832 cum
1514 3768 1670 3850 ecliptica)

311 3877 435 3926 centnm
451 3868 535 3932 visus,
554 3860 590 3929 (a
612 3855 692 3918 dicto
717 3855 859 3917 toramine
883 3860 1158 3938 repraesentatum)
1177 3875 1295 3937 penetus
1319 3857 1462 3932 (inseris
1486 3857 1671 3936 superficie),

313 3966 332 4005 a
354 3967 407 4022 quo
427 3949 461 4004 tit
481 3945 620 4010 retractio,
642 3951 673 4000 et
691 3946 928 4016 perpendicularis
950 3964 969 4002 a
981 3954 1084 4017 puncto
1105 3947 1287 4012 retractionis,
1308 3947 1338 4002 in
1355 3964 1412 4004 una
1431 3953 1497 4002 sunt
1515 3948 1671 4018 superficie,

312 4033 417 4109 (quam
432 4026 481 4089 hic
502 4023 701 4104 imaginamur
714 4025 835 4104 planum
855 4025 957 4086 circuli
977 4025 1156 4099 verticalis).
1185 4037 1224 4091 Et
1248 4036 1390 4102 videbam,
1421 4037 1483 4091 dum
1509 4037 1672 4092 interiectio

313 4126 461 4197 ecliptiese
484 4141 518 4180 ac
538 4123 631 4178 circuli
651 4123 807 4178 latitudinis
827 4115 945 4188 (verum
964 4114 1062 4176 locum
1076 4112 1157 4177 Solis
1180 4117 1429 4193 repraesentans)
1450 4127 1485 4180 ad
1513 4133 1672 4182 ceramum

311 4214 462 4288 horizontis
491 4219 607 4268 venerat
633 4202 699 4282 (qui
728 4202 805 4264 situs
833 4203 1037 4282 respondebat
1059 4221 1130 4265 vero
1160 4203 1281 4265 occasui
1305 4201 1418 4279 Solis),
1448 4215 1520 4284 quod
1544 4213 1593 4268 Set
1622 4231 1673 4284 per

312 4304 437 4358 foramen
457 4301 573 4356 alterius
594 4301 727 4372 pinnulae
752 4291 872 4364 (versus
897 4289 1016 4366 Solem,
1041 4310 1098 4371 quo
1123 4290 1201 4353 alias
1224 4299 1342 4356 tantum
1365 4293 1396 4354 in
1424 4291 1523 4354 stellis
1546 4293 1672 4366 utebar)

310 4391 387 4446 uum
405 4388 595 4461 perpendiculi
616 4390 707 4444 wirne
726 4389 900 4444 illuminavit.
945 4379 1039 4454 (Dedi
1063 4397 1204 4459 operam,
1234 4381 1300 4444 vult
1328 4379 1446 4456 dicere,
1471 4388 1505 4442 ut
1528 4378 1586 4443 Sol
1613 4399 1672 4444 nen

312 4469 454 4532 circulum
486 4467 676 4552 latitudinis,
707 4485 767 4530 non
799 4468 989 4547 eclipticam,
1022 4468 1077 4529 sed
1105 4469 1186 4530 titum
1218 4469 1424 4549 perpendiculi
1456 4488 1495 4530 eu
1525 4469 1672 4532 toramine

313 4557 398 4618 unius
421 4555 585 4636 pinnacidii
608 4574 785 4635 suspensum
809 4555 1019 4635 perforamen
1044 4555 1176 4635 oppositi
1200 4575 1216 4617 e
1241 4558 1388 4620 diametro
1411 4557 1575 4638 pinnacidii
1599 4559 1672 4620 ittu-

313 4642 442 4705 minaret
456 4645 637 4724 aequaliter)
651 4665 657 4706 :
683 4656 724 4708 ita
738 4656 808 4724 qued
830 4661 1014 4724 praenarrata
1027 4657 1056 4709 in
1071 4671 1127 4710 una
1141 4663 1223 4711 erant
1234 4656 1396 4728 superficie,
1419 4657 1527 4711 scilicet
1547 4663 1672 4713 centrum

314 4737 386 4792 Solis
407 4742 474 4804 veri,
496 4741 523 4794 id
544 4749 595 4806 est,
618 4749 736 4810 punctus
758 4743 838 4813 carius
859 4743 947 4798 torma
968 4743 1149 4816 retiangitur,
1173 4751 1307 4815 centrum*
1319 4745 1393 4802 visus
1411 4736 1481 4808 (hee
1500 4735 1567 4797 lece
1588 4736 1671 4799 fera-
