3674 5538
307 281 370 348 tlt
775 277 967 342 Paralipomaua
984 273 1009 328 ia
1029 275 1194 328 vitellianum.

303 477 373 520 ease
406 455 600 538 proportione
624 456 663 518 ad
696 455 825 518 calorem
858 453 944 516 unius
969 453 1069 526 Solis,
1102 471 1189 534 quam
1215 463 1247 515 ut
1270 454 1316 516 ab*
1333 453 1470 530 homine,
1499 455 1583 538 cnjus
1611 463 1660 520 est

303 559 387 609 certa
411 547 521 608 caloris
545 563 699 617 mensura,
728 553 852 624 uterque
876 543 964 604 simul
996 541 1109 622 percipi
1133 552 1165 604 et
1183 543 1314 622 judicari
1337 545 1445 622 possit.
1492 545 1539 608 Ex
1563 547 1657 609 effec-

303 636 385 698 tibus
409 643 511 698 tamen
535 633 666 696 siderum
693 640 839 713 apparet,
870 632 970 694 inesse
994 633 1025 692 in
1052 631 1218 693 visceribus
1241 633 1353 693 Terrae
1381 653 1501 697 sensum
1525 636 1658 714 ipsorum

303 725 422 787 caloris.
469 723 562 786 Nulla
585 739 712 801 namque
736 727 839 801 potest
863 720 1039 800 evaporatio
1063 739 1116 781 seu
1144 720 1253 800 frigida
1276 739 1329 781 sau
1357 722 1457 786 calida
1480 727 1658 804 (compara-

304 813 386 876 tione
410 813 448 876 ad
472 814 542 884 uos)
567 810 639 872 cieri
663 810 727 872 sine
751 810 850 872 calore
874 810 973 889 aliquo
997 816 1180 870 extendente
1204 817 1235 871 et
1258 809 1447 876 sublimante.
1486 813 1562 892 Apti
1586 831 1657 875 vero

304 911 375 965 sunt
397 903 538 982 planetae
569 917 672 961 omues
696 899 937 980 ciere'vaporcs
985 896 1131 960 Omnibus
1164 899 1255 978 igitur
1284 917 1355 960 suus
1378 901 1487 964 calaris
1521 901 1657 967 effectus.

303 993 350 1053 Da
381 990 486 1070 ignitis
518 1007 634 1052 rursum
664 1007 712 1050 res
744 995 792 1050 est
824 988 957 1050 evidens.
1005 986 1051 1047 De
1081 987 1317 1050 ciuciudularum
1350 989 1449 1052 lucula
1480 991 1659 1053 tenuissima

304 1099 415 1159 negare
439 1097 497 1140 uon
530 1086 635 1157 potes,
670 1077 739 1157 quia
773 1095 838 1138 cum
872 1076 971 1137 calore
996 1075 1046 1136 sit.
1094 1074 1210 1137 Vivuut
1237 1076 1314 1138 euim
1339 1086 1371 1140 et
1393 1088 1568 1156 moventur,
1601 1081 1658 1142 hoc

304 1178 403 1230 autem
429 1187 486 1230 uon
511 1168 575 1228 sine
599 1165 799 1228 calefactione
821 1165 982 1246 perficitur.
1030 1163 1091 1226 Sed
1116 1184 1210 1245 neque
1241 1167 1476 1244 putrescentium
1510 1169 1656 1248 liguarum

237 1319 244 1334 ,
304 1259 355 1319 lux
387 1276 442 1320 suu
475 1257 576 1318 calore
609 1255 784 1316 destituitur
794 1273 803 1328 ς
843 1273 911 1316 uam
944 1253 1011 1332 ipsa
1044 1254 1171 1333 putredo
1201 1254 1321 1334 quidam
1355 1255 1453 1318 lautus
1486 1257 1563 1338 ignis
1598 1267 1655 1321 est.

305 1345 453 1418 Quamvis
477 1343 661 1407 Aristoteles
694 1342 876 1423 distinguat,
911 1341 1079 1404 concedens
1105 1343 1157 1404 illa
1184 1344 1320 1418 lapuses,
1354 1363 1469 1425 negans
1492 1365 1564 1406 vero
1593 1367 1659 1426 poc

305 1434 453 1512 inuersa:
479 1433 602 1514 quodsi
626 1431 785 1494 sanissime
809 1431 974 1510 intelligas,
999 1438 1121 1494 nonest
1144 1429 1224 1493 aliud
1248 1451 1336 1512 qnam
1351 1432 1407 1495 hoo
1427 1434 1534 1509 dicere,
1561 1435 1657 1497 lucem

303 1525 386 1592 illam
408 1523 438 1585 in
463 1521 673 1586 remississimo
694 1521 789 1600 gradu
813 1539 890 1583 esse.
929 1519 1017 1606 Quod
1032 1520 1058 1581 si
1074 1537 1175 1582 verum
1196 1531 1243 1582 est
1267 1540 1299 1582 se
1319 1523 1383 1602 ipsa
1403 1524 1502 1586 lucere
1521 1524 1653 1586 carbun-

304 1613 411 1688 culum,
437 1612 572 1691 equidem
596 1619 628 1671 et
651 1609 678 1672 ei
702 1617 735 1671 et
757 1609 893 1671 omuibus
922 1608 1047 1688 gemmis
1079 1609 1215 1672 tribuunt
1246 1609 1391 1684 virtutes,
1427 1631 1549 1692 quarum
1580 1631 1657 1694 quae

303 1711 375 1763 sunt
389 1701 417 1763 in
433 1699 622 1773 carbunculo,
638 1697 789 1760 mediante
805 1699 913 1760 caloris
929 1698 1058 1777 quadam
1073 1698 1188 1759 ratione
1202 1699 1322 1778 prodire
1338 1708 1571 1762 consentaneum
1586 1701 1654 1763 erit.

392 1790 461 1852 Jam
492 1797 523 1850 et
553 1795 676 1850 econtra
708 1787 893 1867 probandum
927 1795 992 1860 est,
1026 1786 1157 1848 calorem
1186 1786 1215 1848 iu
1245 1788 1333 1849 rebus
1366 1790 1476 1851 ceteris
1506 1791 1657 1853 universis

305 1879 503 1942 adventitium
526 1895 594 1940 esse
618 1887 649 1938 et
672 1896 691 1938 a
714 1875 789 1938 lucis
818 1877 917 1937 calore
949 1876 1099 1954 pendere,
1131 1875 1257 1956 ideoque
1290 1878 1445 1957 passivum
1477 1887 1559 1942 recte
1587 1879 1657 1942 dici.

303 1970 407 2044 Patet,
433 1968 503 2049 quia
526 1966 599 2028 nibil
622 1973 680 2042 est,
705 1965 784 2045 quod
807 1985 826 2025 a
849 1985 882 2027 se
904 1965 970 2044 ipso
994 1963 1125 2026 calorem
1148 1964 1278 2040 habeat,
1303 1966 1494 2030 materiatum
1518 1987 1584 2032 cum
1609 1969 1659 2030 sit.

305 2058 338 2120 ld
363 2058 391 2118 in
416 2057 462 2129 iis,
486 2075 563 2137 quae
588 2075 607 2116 a
630 2053 702 2116 Sole
726 2054 774 2115 vel
803 2053 863 2133 igni
896 2052 1048 2126 calefiunt,
1083 2053 1273 2116 ruauifestum
1300 2062 1358 2117 est.
1405 2055 1551 2119 Liberata
1579 2058 1658 2119 enim

303 2145 478 2228 praesentia
501 2144 610 2206 caloris
633 2143 681 2205 vel
704 2142 782 2223 ignis
806 2161 922 2205 rursum
947 2141 1120 2222 frigescunt.
1158 2140 1217 2212 Qui
1238 2161 1309 2205 vero
1331 2144 1361 2205 iu
1385 2145 1587 2208 animantibus
1612 2155 1662 2208 est

304 2236 406 2312 calor,
440 2241 555 2297 carturu
587 2233 665 2313 quod
689 2251 726 2292 ex
759 2230 878 2294 arteriis
909 2232 938 2292 iu
972 2249 1079 2310 corpus
1111 2231 1225 2293 veniat.
1281 2231 1393 2295 Statim
1423 2235 1500 2296 euim
1533 2231 1661 2314 corpora

305 2325 471 2404 frigescunt
501 2322 620 2384 arteriis
653 2320 835 2383 interclusis.
884 2321 918 2382 In
944 2319 1073 2382 arterias
1097 2339 1135 2381 ax
1166 2320 1256 2381 corde
1284 2321 1385 2396 veuit,
1417 2323 1445 2384 in
1475 2323 1563 2386 corde
1587 2342 1660 2386 vero

304 2432 362 2475 nou
385 2430 500 2486 vereor,
526 2411 610 2490 cujas
634 2411 676 2478 rei
692 2409 846 2472 Femelius
871 2408 1093 2471 similitudinem
1117 2408 1217 2470 inesse
1241 2409 1326 2483 dixit,
1350 2429 1414 2474 rem
1437 2411 1534 2492 ipsam
1557 2411 1659 2474 inesse

305 2501 464 2576 affirmare,
489 2501 641 2562 flammam
665 2517 769 2578 nempe
792 2516 962 2578 perennem.
1010 2497 1088 2559 Nam
1112 2495 1157 2559 cui
1182 2497 1225 2558 rei
1259 2505 1329 2560 suut
1357 2501 1528 2579 pulmonum
1558 2501 1657 2577 folles,

305 2597 405 2653 aerem
429 2590 581 2663 alllautes,
606 2608 643 2651 ne
667 2588 732 2650 vita
754 2587 971 2649 intercludatur
994 2586 1114 2648 defectu
1137 2586 1225 2660 aeris,
1251 2595 1285 2649 ut
1308 2589 1387 2650 solet
1405 2589 1434 2650 in
1459 2588 1546 2669 igue;
1572 2597 1657 2652 arte-

204 2702 209 2708 ·
305 2679 415 2743 riarum
439 2679 568 2740 lemania
591 2685 623 2740 et
643 2677 748 2758 pulsus
772 2695 825 2738 seu
849 2677 991 2756 expulsus
1015 2676 1102 2749 furni,
1128 2695 1165 2736 ue
1190 2676 1374 2756 opprimatur
1396 2677 1444 2740 hic
1468 2677 1614 2758 igniculus
1640 2699 1659 2742 a

306 2787 360 2831 suo
385 2775 586 2842 excremento,
612 2765 710 2829 cordis
735 2765 890 2827 latebrosa
913 2765 1039 2844 lampas,
1064 2763 1187 2844 sanguis
1206 2783 1243 2825 en
1258 2765 1323 2844 ipso
1347 2783 1441 2828 cavae
1465 2787 1558 2830 venae
1583 2787 1657 2830 oau-

307 2857 372 2919 dice
395 2874 450 2936 per
483 2856 620 2918 canalem
649 2854 830 2935 peculiarem
854 2853 882 2914 in
906 2871 958 2916 cor
988 2853 1146 2916 traductus
1170 2854 1210 2916 ad
1231 2853 1329 2917 instar
1361 2855 1437 2930 olei,
1472 2857 1549 2918 unde
1572 2857 1659 2920 vivat

305 2947 379 3008 haec
409 2945 553 3008 flamma?
590 2945 658 3006 Non
693 2945 748 3004 hoc
778 2943 945 3016 contendo,
979 2944 1148 3023 pulmonum
1180 2949 1280 3004 abram
1312 2951 1344 3005 et
1377 2963 1470 3006 venae
1503 2945 1658 3008 arterialis

309 3035 485 3113 sanguinem
509 3033 582 3095 nihil
606 3051 674 3094 esse
697 3033 754 3094 uisi
778 3049 892 3093 merum
915 3031 1089 3093 alimentum
1108 3031 1196 3112 hujus
1220 3032 1377 3108 flammae;
1402 3053 1456 3095 uec
1475 3035 1559 3110 illud,
1583 3034 1657 3100 nihil

305 3125 333 3185 in
358 3122 487 3184 arterias
519 3121 649 3183 transire
682 3121 739 3182 uisi
767 3139 850 3182 mera
882 3127 1074 3182 excrementa
1101 3120 1188 3199 hujus
1221 3121 1408 3198 flammulae,
1434 3123 1477 3184 sio
1500 3132 1534 3186 ut
1557 3124 1658 3186 omnia

305 3211 354 3274 uui
379 3211 460 3273 cordi
484 3229 539 3272 ceu
562 3209 688 3290 principi
713 3208 856 3271 serviant.
904 3205 1045 3270 Concedo
1069 3209 1162 3284 euim,
1194 3228 1246 3270 eor
1268 3209 1364 3289 ipsam
1399 3211 1494 3273 tutius
1518 3211 1657 3274 animalis

305 3298 470 3362 ministeriu
494 3300 679 3380 deputatum.
727 3296 868 3360 Concedo
896 3297 950 3358 hos
971 3297 1068 3380 ‘quasi
1100 3298 1215 3359 reditus
1238 3298 1266 3359 in
1291 3317 1342 3360 cor
1365 3308 1508 3382 tauquam
1531 3299 1561 3362 iu
1586 3301 1655 3364 om-

305 3389 403 3451 cinam
435 3387 554 3461 invehi,
586 3394 619 3448 ut
641 3387 689 3450 hio
719 3386 891 3461 elaborata,
926 3386 986 3449 alia
1012 3404 1067 3467 per
1098 3386 1239 3448 arteriam
1272 3386 1301 3448 in
1335 3407 1442 3469 corpus
1474 3389 1656 3462 universum,

304 3477 487 3541 inevitabilis
512 3475 653 3539 utilitatis
676 3494 777 3550 causa,
803 3475 983 3542 dividantur.
1031 3476 1153 3538 Interim
1183 3475 1250 3555 ipsa
1278 3477 1469 3539 attractionis
1493 3486 1525 3539 et
1547 3477 1655 3557 expul-

303 3566 396 3629 sionis
431 3567 526 3628 lorma
557 3572 741 3646 naturaeque
772 3564 1045 3626 machinamentum
1079 3565 1108 3626 iu
1141 3565 1269 3626 valvulis
1302 3566 1385 3628 elata
1424 3585 1497 3628 voce
1531 3567 1652 3641 clamat,

302 3655 402 3719 inesse
426 3653 454 3716 in
470 3655 560 3716 corde
583 3655 733 3716 flammam
757 3653 909 3728 artificem,
934 3672 1010 3734 quae
1026 3653 1065 3715 ab
1088 3653 1317 3733 ingredientium
1341 3655 1539 3735 vectigalibus
1559 3655 1654 3718 vitam

304 3747 425 3818 toleret,
450 3750 642 3805 excrementa
665 3763 730 3806 oum
755 3743 792 3804 iis
824 3741 964 3822 operibus
988 3742 1066 3817 suis,
1090 3743 1196 3822 quibus
1220 3742 1383 3805 efficiendis
1412 3752 1460 3805 est
1490 3743 1652 3819 destinata,

302 3853 369 3898 oum
392 3833 499 3914 spiritu
522 3831 640 3895 scilicet
661 3831 747 3893 vitali
770 3832 910 3892 exturbet
933 3849 986 3910 per
1009 3832 1135 3892 eandem
1163 3832 1256 3906 viam,
1281 3832 1340 3893 imo
1365 3831 1408 3894 sic
1437 3851 1504 3894 esse
1528 3851 1653 3913 compa·

301 3932 401 3988 ratam
425 3929 562 3984 naturam
595 3920 726 3984 universi
759 3921 891 4000 corporis
916 3930 947 3981 et
970 3919 998 3980 iu
1022 3937 1058 3984 eo
1082 3919 1197 3991 cordis,
1225 3927 1258 3982 ut
1281 3941 1300 3982 a
1327 3921 1426 3983 cordis
1460 3921 1654 3984 recrementis

303 4033 411 4095 corpus
435 4010 604 4073 rectissime
629 4017 826 4072 sustentetur.
873 4009 952 4071 Nam
975 4007 1032 4070 nisi
1057 4017 1194 4071 naturam
1223 4019 1344 4089 urgeret
1372 4011 1542 4073 flammulae
1565 4011 1654 4089 hujus

303 4099 526 4164 conservandae
551 4099 737 4172 necessitas,
760 4104 880 4178 poterat
908 4097 1003 4160 levius
1027 4106 1059 4158 et
1090 4096 1279 4177 tranquillius
1306 4097 1446 4160 invehere
1478 4098 1654 4179 sauguinem

304 4190 332 4252 in
357 4209 409 4252 cor
433 4197 465 4250 et
488 4187 527 4250 ab
550 4187 654 4250 eodem
679 4189 855 4268 exprimere,
879 4195 913 4248 ut
935 4184 965 4248 in
990 4193 1087 4266 epate,
1113 4205 1167 4248 nec
1191 4194 1274 4248 motu
1299 4189 1429 4270 systoles
1453 4195 1485 4250 et
1508 4189 1654 4250 diastolas

303 4278 360 4341 luit
382 4298 467 4359 opus.
516 4274 631 4338 Contra
655 4277 681 4338 si
704 4293 849 4357 quaeras,
884 4294 1013 4355 quonam
1036 4275 1123 4337 modo
1147 4273 1225 4354 iguis
1259 4275 1368 4357 aliquis
1397 4294 1449 4339 seu
1479 4279 1601 4340 flamma
1623 4277 1654 4340 in

303 4368 407 4430 clausu
430 4385 503 4428 vase
526 4363 693 4428 rectissime
718 4364 889 4426 conservari
912 4363 1019 4443 possit.
1052 4363 1140 4443 quale
1164 4382 1215 4426 cor
1238 4359 1309 4428 esse
1337 4367 1539 4428 necessarium
1564 4365 1655 4428 erat?

303 4455 495 4537 Respondes,
521 4473 578 4516 uon
604 4453 662 4516 alio
686 4454 789 4528 ruodo,
823 4472 911 4534 quam
936 4470 992 4532 quo
1016 4471 1068 4514 cor
1090 4461 1122 4514 et
1153 4453 1370 4517 conformatum
1395 4459 1443 4517 est
1465 4464 1498 4518 et
1521 4455 1655 4536 aperitur

304 4555 396 4624 atque
420 4541 579 4606 clauditur.
618 4539 720 4614 Quare
744 4561 800 4603 nou
826 4541 938 4616 dubito,
964 4541 1033 4621 quin
1048 4542 1124 4604 hanc
1148 4543 1277 4605 lunulam
1301 4543 1395 4605 oculis
1419 4563 1535 4625 quoque
1560 4544 1654 4606 simus

304 4631 477 4712 excepturi3
509 4632 535 4693 si
558 4631 644 4693 nobis
677 4629 835 4710 contingat
866 4631 989 4693 exclusa
1021 4630 1080 4692 diei
1104 4631 1168 4693 lnce
1193 4632 1221 4692 iu
1246 4631 1345 4694 cordis
1379 4632 1513 4695 latebras
1547 4634 1655 4696 illaesa

304 4721 428 4782 lltmma
455 4719 511 4781 hac
543 4719 748 4799 introspicere.
794 4719 844 4781 Ita
866 4719 949 4781 calor
972 4718 1111 4781 animalis
1135 4739 1154 4781 a
1176 4719 1242 4782 luce
1265 4720 1425 4800 dependet.
1463 4721 1507 4784 Ut
1525 4731 1654 4795 taceam,

304 4803 383 4892 quod
406 4807 535 4874 animem
557 4825 612 4891 per
634 4825 667 4870 se
700 4806 878 4870 invisibilem
907 4805 966 4869 luci
998 4813 1156 4888 cognatam
1189 4807 1351 4872 essentiam
1381 4809 1491 4872 habere
1525 4829 1654 4875 consen·
