3566 5536
748 275 831 343 (lapus
848 275 914 330 m.
1446 275 1518 348 ‘88'

156 465 269 524 menta
315 453 398 518 'runc
429 453 508 518 eninr
540 470 666 518 neccsse
698 473 758 518 non
788 455 881 518 inerit
904 455 942 518 ed
966 454 1212 518 scintillationenr
1243 456 1512 520 demonstrandam

157 564 308 612 assumere
332 545 456 618 ritanus
474 543 532 606 nisi
556 544 660 632 illam,
692 564 769 626 quae
792 554 841 607 est
863 544 1023 620 flammae,
1053 562 1129 624 quae
1153 545 1323 608 carbonum.
1370 549 1415 608 At
1437 547 1512 609 illud

157 637 307 722 explicare
321 651 380 696 non
395 651 527 712 possum,
544 653 596 696 cnr
610 633 806 698 circumcirca
816 634 965 716 sparserit
978 632 1101 696 radios?
1125 651 1192 696 oum
1205 642 1359 698 nostrates
1374 635 1512 698 dammae

157 732 283 790 acerta
305 731 337 785 et
359 721 419 784 bns
442 723 544 785 radies
576 730 769 786 succrescant
791 723 820 786 in
851 724 965 799 altnm3
998 741 1054 784 nec
1076 721 1260 799 verisimile,
1294 725 1420 786 eandem
1450 723 1512 788 illic

159 833 226 878 esse
249 829 380 894 pugnam
404 812 535 874 humoris
554 831 619 874 eum
638 812 718 892 igne,
742 829 818 892 quae
837 810 884 874 hic
908 811 987 892 apud
1010 829 1065 874 nos
1079 809 1276 879 undulautem
1294 813 1377 874 illum
1400 821 1513 876 motum

156 905 343 968 flammarum
366 900 477 977 efficit3
500 900 647 982 nisiquis
670 903 747 963 forte
771 901 848 962 hauc
870 901 968 964 nostri
990 900 1070 962 aeris
1093 899 1302 964 humiditatem
1326 901 1510 964 reclamante

158 993 259 1073 optica
291 989 452 1069 disciplina
483 990 513 1052 in
544 989 724 1053 altissimum
755 1007 848 1070 usque
883 991 1037 1052 aetherem
1068 988 1234 1052 subvehere
1265 990 1349 1052 velit.
1396 987 1513 1060 Quodsi

158 1079 351 1144 circumcirca
373 1079 460 1154 radii,
484 1079 696 1142 nutrimentum
719 1078 810 1158 igitur
832 1077 864 1140 in
884 1079 991 1154 medio,
1017 1095 1126 1158 corpus
1149 1077 1250 1158 igitur.
1296 1077 1331 1140 ln
1355 1079 1412 1140 hac
1435 1078 1510 1140 fluc-

157 1169 293 1232 tuatione
323 1176 467 1247 sequatur
490 1168 615 1249 quilibet
639 1168 718 1250 qnod
733 1167 825 1228 volet.
864 1164 988 1230 Certum
1011 1176 1068 1242 ast,
1093 1176 1146 1229 aut
1168 1167 1318 1228 flammam
1342 1168 1436 1232 inisse
1460 1177 1514 1228 ant

156 1261 252 1321 sitam
276 1257 435 1332 habuisse;
459 1257 516 1320 uisi
532 1258 610 1319 sorte
633 1275 732 1319 rerum
756 1256 916 1318 earundem
931 1255 1078 1331 (luminis,
1103 1257 1245 1332 colorum,
1270 1255 1512 1328 scintillationis)

157 1347 326 1411 effectrices
359 1357 469 1408 caueae
502 1365 560 1409 non
590 1355 662 1408 sunt
691 1345 815 1408 eaedem
847 1345 902 1406 suh
927 1346 1014 1408 Luna
1035 1352 1069 1406 et
1099 1343 1179 1406 inter
1210 1344 1296 1407 fixas.
1344 1343 1432 1416 Quod
1463 1345 1512 1424 qui

157 1437 271 1516 objicit,
295 1435 322 1496 is
339 1453 455 1498 omnem
480 1434 702 1518 inquisitionem
719 1435 762 1496 rei
777 1433 863 1496 nobis
887 1434 1058 1514 exprobrat.
1096 1434 1142 1496 Ar
1160 1434 1256 1495 multa
1269 1441 1348 1509 sunt,
1364 1427 1511 1514 quaedam
1633 1447 1638 1465 ²

156 1527 185 1588 in
211 1524 331 1606 Opticis
355 1523 447 1586 etiam
470 1545 489 1586 a
512 1523 558 1586 hre
582 1532 654 1586 sunt
676 1524 782 1598 allata,
806 1541 880 1603 qnae
904 1531 1048 1604 arguunt,
1071 1541 1130 1584 non
1154 1530 1218 1584 tam
1241 1523 1394 1584 assandae
1417 1521 1510 1584 dissi·

156 1614 323 1678 militudine
347 1631 436 1694 quam
458 1613 626 1676 intervallis
650 1613 794 1676 distincta
817 1630 884 1674 esse
908 1611 962 1675 illa
988 1611 1135 1674 coelestia
1156 1612 1195 1673 ab
1219 1611 1266 1673 his
1290 1611 1509 1674 sublunaribne.

156 1705 200 1767 Ut
212 1704 320 1765 Mosen
344 1711 474 1777 taceam,
498 1703 548 1784 qui
562 1702 619 1764 has
643 1721 738 1782 aquas
752 1702 791 1764 ab
810 1701 872 1763 illis
896 1701 980 1782 aquis
1000 1701 1067 1762 sola
1089 1699 1273 1780 expansione
1288 1700 1348 1773 (sic
1361 1700 1512 1762 Hebraico

159 1793 240 1854 docti
274 1790 427 1872 accipiunt
457 1809 563 1854 vocem
593 1791 736 1872 raquiah)
769 1797 910 1870 separat3
942 1809 1008 1853 cum
1037 1797 1141 1851 essent
1162 1789 1193 1850 in
1216 1788 1319 1851 mundi
1350 1787 1512 1868 primordio

159 1882 311 1944 contusae.
359 1879 403 1942 Ut
426 1877 625 1962 Copernicnm
653 1880 744 1942 etiam
771 1881 907 1955 mittam,
942 1880 991 1960 qui
1014 1877 1126 1941 Telluri
1157 1877 1215 1958 ipsi
1243 1878 1295 1958 jus
1323 1876 1457 1940 civitatis
1481 1877 1511 1940 in

159 1971 242 2033 coelo
266 1969 360 2033 dedit.

212 2067 216 2076 '
250 2059 409 2138 Utcunque
433 2057 555 2134 babeat,
580 2057 654 2119 illud
677 2058 706 2119 in
726 2075 835 2137 genere
859 2073 971 2129 verum,
996 2054 1115 2116 stellam
1139 2053 1216 2116 hauc
1239 2073 1347 2135 corpus
1363 2063 1395 2116 et
1412 2061 1512 2117 mate-

159 2149 235 2212 riam
259 2165 344 2210 suam
366 2147 518 2210 habuisse.
564 2145 645 2210 Nam
667 2145 835 2208 Patriciani
858 2147 943 2227 ignes
966 2143 1160 2206 immateriati
1182 2150 1214 2205 et
1235 2143 1382 2218 viventes,
1408 2143 1513 2224 quales

159 2239 268 2300 stellas
294 2235 376 2311 facit,
401 2237 517 2316 pridem
540 2235 722 2298 refrixerunt
744 2235 879 2315 adeoque
902 2233 1045 2296 exstincti
1069 2240 1149 2296 sunt.
1196 2230 1384 2294 Ostendetur
1407 2251 1511 2294 exem-

157 2328 255 2408 plum,
288 2325 338 2388 nbi
362 2326 459 2388 lumen
483 2327 531 2388 vel
555 2343 588 2386 se
611 2325 677 2405 ipso
705 2332 792 2387 stans
815 2325 864 2386 vel
889 2322 927 2384 ab
949 2321 1150 2384 illustratione
1184 2321 1307 2384 alterins
1340 2321 1513 2401 dependens

159 2415 292 2480 caruerit
313 2414 451 2494 subjecto
475 2414 646 2486 materiato,
670 2422 839 2494 corporato.
877 2413 967 2474 Dicet
991 2411 1119 2473 fortasse
1143 2410 1303 2487 Patricius,
1328 2412 1391 2473 tale
1414 2412 1513 2472 lumen

158 2523 225 2568 esse
250 2503 377 2566 Solem?
405 2503 586 2583 Principium
609 2502 742 2582 petitur:
773 2503 809 2564 de
833 2502 893 2564 illis
917 2501 946 2560 in
971 2500 1068 2572 coelo,
1093 2517 1169 2579 qnae
1193 2517 1261 2584 sese
1285 2519 1343 2561 non
1367 2499 1513 2579 praebent

158 2593 386 2668 contrectanda,
411 2591 577 2672 disputatio
592 2600 659 2664 est;
684 2608 795 2670 quaero
815 2589 983 2668 exemplum
1002 2587 1032 2648 in
1049 2588 1153 2650 Terra.
1185 2587 1276 2648 Dicet
1294 2587 1348 2649 illa
1367 2587 1514 2649 coelestia

157 2701 216 2744 non
240 2701 308 2744 esse
332 2680 444 2742 similia
465 2681 513 2742 hie
535 2678 752 2740 terrestribus?
783 2676 845 2741 Cur
868 2678 959 2758 igitur
983 2676 1127 2755 disputat,
1152 2675 1216 2754 ipse
1239 2675 1328 2736 horno
1353 2676 1390 2738 de
1408 2677 1513 2747 Terra,

158 2772 189 2833 in
213 2770 299 2849 cujus
323 2778 425 2831 mente
448 2770 520 2831 nihil
536 2775 593 2841 est,
619 2768 697 2848 quod
711 2786 770 2830 non
787 2765 877 2829 luerit
900 2765 1068 2844 ingressum
1090 2782 1144 2844 per
1165 2783 1305 2826 sensuum
1327 2763 1513 2826 terrestrium
1632 2807 1635 2812 ι

158 2859 289 2940 portas?
320 2858 386 2920 Imo
410 2877 482 2920 vero
505 2857 558 2919 illa
580 2857 649 2938 ipsa
676 2857 822 2918 coelestia
848 2855 961 2917 lumina
984 2854 1022 2915 ed
1045 2872 1100 2916 nos
1131 2851 1316 2914 descendunt
1338 2852 1367 2914 in
1392 2853 1513 2915 Terras.

160 2947 314 3010 Ostendat
337 2947 429 3026 igitur
449 2947 549 3027 aliquo
569 2946 634 3007 loco
658 2945 757 3007 lumen
782 2945 923 3018 coeleste,
947 2941 1078 3022 speciem
1093 2940 1184 3017 Solis,
1199 2942 1303 3004 Lunae
1323 2951 1377 3003 aut
1394 2942 1511 3017 stellae,

157 3037 207 3099 obi
231 3035 314 3100 absit
337 3035 456 3118 aliquod
480 3035 649 3114 subjectum
672 3033 862 3097 illustrabile.
908 3031 1058 3112 anpiarn
1079 3031 1225 3106 inveniet,
1254 3030 1308 3092 sed
1333 3041 1385 3093 aot
1408 3031 1512 3112 splen-

159 3127 262 3189 dorem
284 3125 314 3188 in
338 3131 428 3202 aere,
462 3120 581 3207 quando
605 3123 633 3186 is
656 3123 745 3186 valde
769 3141 891 3187 crassus
915 3130 982 3191 est,
1015 3119 1120 3182 autin
1149 3119 1245 3196 nube,
1277 3119 1442 3202 quaejam
1465 3125 1514 3182 est

160 3233 266 3297 aquea,
292 3222 345 3278 ant
366 3216 397 3279 in
420 3216 554 3295 speculo.

246 3305 325 3368 Nam
359 3305 436 3386 qood
458 3305 489 3367 in
514 3301 597 3366 cavis
629 3301 759 3382 speculis
791 3299 939 3380 imagines
971 3305 1160 3379 spectantem
1192 3295 1270 3359 iuter
1299 3304 1332 3358 et
1358 3296 1512 3376 speculum

157 3394 325 3456 consistunt
362 3396 411 3468 (ut
434 3393 553 3455 videtur
580 3392 610 3454 in
640 3397 711 3454 abre
735 3399 767 3453 et
790 3387 877 3471 qnasi
904 3387 969 3451 sine
997 3389 1151 3468 corpore),
1182 3385 1321 3469 deceptio
1344 3393 1394 3448 est
1416 3385 1509 3461 visus,

156 3491 191 3545 nt
212 3483 243 3544 in
267 3481 385 3562 Opticis
415 3483 602 3564 explicator3
635 3480 769 3542 undeet
791 3479 830 3540 ab
853 3475 1068 3558 imaginatione
1096 3475 1215 3557 accepit
1241 3493 1366 3549 nomen3
1399 3474 1513 3556 inqua

157 3571 242 3632 locus
265 3570 385 3651 quidem
407 3572 437 3634 in
454 3578 524 3634 atre
548 3569 725 3650 concipitur,
749 3567 868 3649 species
890 3567 960 3648 ipsa
980 3567 1048 3629 visa
1071 3584 1130 3628 non
1153 3571 1202 3627 est
1224 3565 1307 3640 alibi,
1331 3563 1390 3625 nisi
1412 3563 1443 3626 in
1457 3581 1512 3626 sne

157 3660 279 3742 proprio
307 3660 444 3741 subjecto
468 3680 522 3723 ceu
546 3661 639 3736 fonte,
668 3658 757 3739 inque
786 3656 871 3720 oculo
895 3654 1078 3737 spectantis,
1111 3653 1184 3716 licet
1210 3671 1318 3716 averso
1342 3671 1362 3714 a
1384 3671 1430 3728 re,
1458 3670 1527 3733 per⁸

157 3747 390 3810 illustrationem
413 3771 432 3811 a
454 3748 576 3829 speculo
600 3765 822 3829 repercussam,
852 3755 886 3807 nt
907 3747 937 3808 in
961 3743 1082 3826 Opticis
1105 3743 1238 3804 docetor.
1282 3741 1329 3804 At
1351 3740 1438 3802 nobis
1462 3740 1512 3802 bic

154 3837 302 3918 jamnon
326 3847 375 3900 est
397 3839 534 3920 quaestio
558 3837 595 3898 de
620 3838 703 3910 loco,
733 3837 789 3898 sed
811 3835 848 3896 de
872 3853 1015 3915 corpore,
1050 3832 1129 3913 qnod
1156 3831 1301 3910 fulgorem
1328 3828 1431 3902 illum,
1455 3847 1513 3910 qno

158 3927 195 3988 de
219 3926 375 4009 loquimur,
400 3926 683 4009 repraesentaverit
730 3924 823 3987 Dicat
844 3924 1006 3997 Patricius,
1029 3921 1055 3984 si
1079 3921 1194 4000 placet,
1219 3919 1311 3981 etiam
1334 3917 1397 3982 illic
1420 3918 1513 3980 luisse

158 4018 312 4097 speculum
336 4017 466 4098 aliquod,
492 4013 651 4078 dnmmodo
675 4031 782 4095 corpus
806 4014 940 4076 fateatur
957 4029 1052 4092 neque
1074 4007 1294 4071 immateriatos
1317 4006 1404 4069 nobis
1427 4006 1513 4087 ignes

158 4107 340 4256 obmi'hiro
364 4210 459 4273 neque
492 4200 665 4255 automatos
697 4189 783 4270 ignes
806 4189 884 4252 ullos
913 4185 1074 4250 ostendere
1105 4192 1209 4266 potest
1238 4185 1317 4247 citra
1344 4183 1513 4248 materiam.

156 4284 305 4350 Plauetae
329 4289 410 4346 certe
434 4299 538 4343 omnes
560 4279 759 4353 rotunditate,
784 4278 920 4347 maculis,
944 4275 1102 4352 coloribus,
1127 4275 1320 4338 incrementis
1344 4289 1382 4336 ex
1400 4291 1513 4354 appro-

157 4373 342 4456 pinquando,
368 4371 589 4451 parallaxihus,
614 4370 721 4453 quihus
744 4369 774 4430 in
799 4366 1000 4448 coguitionem
1027 4365 1162 4426 venimus
1190 4381 1292 4426 earum
1315 4372 1417 4426 certae
1440 4363 1514 4424 alti·

155 4464 278 4539 tudinis,
304 4469 470 4542 arguuntur
493 4477 562 4522 esse
587 4477 723 4540 corpora,
749 4477 806 4519 uon
829 4454 1024 4518 immateriati
1047 4454 1151 4534 ignes3
1175 4461 1266 4533 atque
1286 4454 1388 4515 nomm
1411 4452 1515 4532 alique

158 4552 232 4616 dnae
254 4571 324 4616 'oum
347 4550 479 4635 planetis
502 4549 616 4612 babent
640 4546 817 4611 communia.
854 4545 889 4607 In
913 4544 961 4606 his
980 4543 1081 4607 Terris
1104 4559 1176 4605 vero
1199 4543 1265 4624 quis
1285 4559 1415 4622 unquam
1437 4541 1515 4604 vidit

156 4643 274 4724 iguem,
308 4643 357 4704 cui
380 4658 438 4720 uon
462 4639 554 4703 luerit
580 4638 713 4720 corpus?
754 4636 875 4718 Loquor
897 4635 935 4696 de
963 4634 1053 4696 rebus
1082 4631 1280 4694 naturalibus.
1325 4629 1410 4694 Nihil
1433 4629 1514 4692 eninr

157 4732 206 4795 hic
228 4751 329 4794 moror
352 4731 487 4812 spiritns,
512 4728 586 4792 nihil
606 4727 717 4791 lomina
731 4726 843 4801 diviua,
869 4741 945 4806 qnae
963 4722 1076 4806 vident,
1101 4721 1151 4803 qui
1165 4721 1215 4784 vel
1234 4721 1353 4784 arcanis
1377 4717 1514 4782 fruuntur

158 4821 299 4906 alloquiis
320 4819 371 4884 val
394 4819 581 4884 exsecranda
609 4816 784 4882 curiositate
817 4815 994 4878 daemonnm
1023 4812 1158 4894 gaudent
1187 4807 1407 4874 commerciis..
1431 4809 1515 4884 qu
