3476 5532
593 306 885 374 sessanum·
1346 299 1408 372 ιιι

157 486 242 548 Haeo
265 506 330 550 cum
354 487 397 550 sic
422 495 542 550 essent:
572 485 645 550 nihil
668 493 735 548 erat
758 485 835 569 quod
857 485 957 565 potins
981 485 1127 558 iacerem,
1151 501 1238 564 quam
1262 481 1410 557 utillum,

71 574 120 656 qui
147 575 302 656 primusa
323 583 419 640 morte
442 577 591 660 Tycbonis
619 584 690 638 tunc
716 575 788 638 mihi
821 575 939 637 libellus
971 571 1173 648 nascebatur,
1204 573 1269 634 Tuo
1290 571 1413 636 Nemini

71 665 220 740 dicarem
243 673 278 728 ut
300 667 339 729 ad
362 685 435 747 quos
459 667 541 729 Tuae
564 665 594 728 in
620 666 756 745 juvanda
777 683 809 728 re
833 661 1036 726 astronomica
1064 661 1270 741 providentiae
1298 661 1413 724 fructum

72 760 156 816 esset
185 765 400 835 perventums,
434 757 593 820 eorundem
626 754 814 817 vicissim-ec
842 752 873 816 in
896 753 1018 816 Illustre
1050 759 1132 814 tuum
1154 751 1270 813 Nomou
1302 751 1414 812 redun-

74 843 180 906 darent
201 845 371 925 praecouia.
450 865 455 868 ·

160 931 239 1004 Quid
270 953 378 996 causae
405 951 477 996 vero
500 932 574 1009 luit,
598 951 649 996 cur
671 932 702 995 id
725 933 804 1014 qnod
832 936 899 994 erat
928 929 1111 992 destinatum
1142 927 1414 991 intermitteretur?

74 1020 171 1093 Quam
195 1024 420 1086 excusationem
448 1022 525 1085 satie
554 1023 740 1103 probabilem
772 1022 878 1087 aliems
901 1019 969 1081 'libi
995 1017 1125 1099 potero?
1157 1017 1304 1080 Nimirum
1326 1017 1414 1079 finem

74 1119 251 1194 exspectare
274 1113 411 1175 volebam
430 1112 498 1174 novi
511 1113 726 1191 phaenomeui3
749 1111 922 1190 intereaque
941 1109 979 1170 ad
994 1107 1171 1190 praecipuos
1187 1106 1414 1170 mathematicos

75 1201 190 1282 scripsi,
215 1202 396 1265 collecturus
418 1201 548 1282 ipsorum
571 1201 724 1281 suffragia.
803 1225 809 1242 ¹

163 1291 238 1356 Cum
258 1299 358 1354 autem
377 1309 471 1373 neque
491 1291 581 1352 stella
596 1291 834 1370 exstingueretur
847 1306 903 1350 uec
917 1305 953 1348 ea
971 1283 1186 1366 promtitudiue
1200 1283 1417 1364 responderent

75 1379 290 1453 mathematici,
313 1399 400 1462 qnam
424 1380 591 1460 sperabam,
615 1389 733 1460 tempus
758 1381 874 1442 interea
895 1375 1012 1458 lapsum
1031 1379 1098 1449 est;
1122 1375 1216 1436 donec
1234 1380 1306 1476 post
1327 1373 1414 1435 bien·-

73 1470 153 1532 uium
168 1467 371 1550 etamplius
362 1487 467 1550 mgeus
486 1468 539 1531 illa
552 1487 631 1532 nova
645 1469 744 1542 stella,
773 1487 831 1550 qua
845 1467 882 1529 dc
896 1465 953 1528 boc
967 1469 1124 1538 (μηιιιιιιο)
1139 1463 1240 1526 ιιιιιιο
1254 1462 1312 1542 egi,
1328 1462 1415 1524 efful-
1502 1501 1505 1510 .

50 1565 59 1604 '·
74 1559 208 1639 gerstun
231 1562 307 1638 pede
321 1557 522 1640 Serpentarii:
546 1558 630 1639 cujus
648 1559 782 1622 miraculi
801 1555 974 1636 magnitudo
996 1572 1061 1617 oum
1080 1553 1261 1616 luculentam
1285 1551 1417 1632 aliquam

76 1643 311 1728 disputationem
334 1667 457 1729 poscere
486 1649 646 1722 videretur,
675 1665 801 1728 aequum
824 1645 998 1720 videbatur,
1029 1651 1062 1706 ut
1088 1661 1184 1722 parva
1206 1637 1303 1724 Cygni
1326 1641 1417 1702 stella

77 1737 222 1800 novitatis
246 1756 305 1799 nou
330 1738 404 1799 adeo
428 1738 600 1812 confessae,
631 1737 720 1799 sicuti
747 1736 887 1800 claritate
910 1733 1038 1796 cedebat
1064 1750 1195 1813 nuperae
1217 1729 1293 1793 illi'
1285 1749 1316 1792 m
1339 1727 1414 1792 Ser-

75 1827 228 1907 pentario,
256 1827 299 1888 sic
327 1828 423 1888 locum
451 1825 542 1888 etiam
565 1826 593 1888 ei
614 1825 740 1906 primum
762 1825 791 1888 iu
816 1824 890 1888 libro
919 1821 1188 1925 disputationisque
1216 1819 1326 1899 capita
1341 1837 1415 1881 con-

78 1915 217 1992 cederet,
242 1916 310 1996 ipsa
324 1915 349 1978 si
369 1914 438 1995 quid
456 1913 581 1977 baberet
598 1915 750 1996 peculiare
773 1913 952 2018 cognitoque
970 1911 1101 1992 dignum,
1125 1911 1189 1992 ejus
1208 1908 1417 1990 explicationis

76 2005 205 2072 locum
196 2025 225 2067 ιι
250 2005 317 2068 libri
341 2004 425 2068 calce
448 2005 681 2068 nancisceretur.

164 2093 233 2156 Etsi
264 2093 356 2174 igitur
385 2094 499 2156 huno
490 2114 521 2156 m
552 2095 671 2156 modum
700 2092 804 2174 jejuna
834 2091 917 2152 iacta
947 2096 994 2152 est
1021 2089 1096 2152 haee
1128 2087 1252 2169 scriptio
1282 2093 1315 2150 et
1341 2103 1418 2167 pene

78 2183 210 2262 indigna,
236 2201 312 2264 quae
330 2181 473 2264 peculiari
495 2183 687 2263 inscriptione
707 2181 814 2243 alibro
832 2179 946 2259 reliquo
965 2187 1175 2259 separaretur:
1200 2186 1300 2240 tamen
1323 2193 1418 2258 neque

78 2273 142 2335 Tua
165 2273 193 2334 in
217 2291 263 2334 me
286 2273 394 2335 merita
417 2279 488 2336 sunt
509 2273 616 2335 viliora
643 2271 775 2345 reddita,
807 2277 966 2350 postquam
994 2269 1058 2348 jam
1091 2268 1206 2350 aliquot
1228 2285 1323 2346 annos
1346 2264 1418 2326 mihi

77 2361 243 2425 laetissime
275 2361 472 2436 lmctilicaut3
504 2380 598 2444 neque
628 2361 751 2423 verbum
779 2379 798 2420 a
824 2375 870 2418 me
903 2357 1014 2420 dictum
1046 2359 1181 2420 revocari
1214 2355 1419 2435 indictumque

78 2451 142 2514 lieri
164 2459 268 2533 potest
289 2451 440 2530 multoque
463 2450 558 2512 minus
581 2451 722 2511 infectum
745 2464 906 2509 vanescere
930 2447 1028 2508 debet

165 2540 280 2620 Accipe
302 2539 394 2619 igitur
416 2539 547 2600 Illustris
570 2539 650 2600 Baro
674 2545 705 2598 et
723 2555 776 2614 per
799 2533 898 2595 omnia
921 2543 1047 2597 naturae
1070 2551 1182 2596 arcana
1204 2531 1418 2607 versatissimo,

77 2630 190 2710 accipe,
214 2628 343 2710 inquam,
368 2648 388 2688 a
402 2646 447 2690 me
466 2627 576 2689 hano
560 2645 644 2688 meae
662 2627 692 2687 in
707 2626 750 2687 ’.ιι
768 2623 958 2705 justissimae
977 2622 1143 2685 voluntatis
1162 2621 1419 2724 significationem,

77 2737 203 2798 eamque
236 2734 294 2779 non
327 2715 421 2778 oculis
448 2733 486 2778 ea
517 2731 639 2778 numero
670 2715 874 2794 pagellarum,
907 2712 962 2773 sed
991 2713 1044 2775 illa
1074 2711 1221 2774 daedalea
1251 2708 1420 2774 secretioris

75 2799 296 2885 intelligentiae
329 2805 513 2882 agitatione,
547 2823 606 2884 qua
638 2811 669 2865 te
700 2822 754 2884 per
787 2801 1061 2882 impersemtabiles
1096 2801 1215 2863 divinae
1253 2798 1420 2880 sapientiae

75 2896 239 2958 thesauros
263 2893 419 2956 sublimem
441 2893 545 2965 infers,
569 2891 721 2973 exipsius
744 2891 786 2953 rei
809 2890 956 2970 pondere,
982 2891 1018 2952 de
1042 2909 1102 2972 qua
1124 2907 1191 2969 ago,
1216 2889 1354 2952 aestima.
1376 2921 1421 2934 -

74 2983 342 3064 Comprehendum
356 2983 434 3044 enim
448 2991 496 3044 est
515 2981 747 3057 mathematicis,
772 2980 986 3042 ostendendum
1005 2979 1201 3060 philosophie,
1220 2977 1421 3040 annotandum

71 3075 119 3136 ad
142 3073 299 3136 universae
322 3071 512 3152 posteritatis
534 3071 725 3133 memoriam:
751 3089 788 3132 au
810 3070 868 3132 hoo
890 3077 1024 3149 tempore
1047 3069 1138 3132 stella
1159 3069 1261 3149 aliqua
1284 3067 1313 3129 in
1337 3065 1421 3129 coelo

73 3163 136 3236 sit,
160 3180 236 3242 quae
260 3179 324 3224 cum
348 3161 419 3224 olim
440 3159 481 3223 ibi
503 3180 562 3223 non
585 3161 690 3233 luerit,
715 3161 781 3241 jam
804 3177 859 3220 sex
881 3159 919 3220 ad
943 3158 1094 3222 minimum
1117 3177 1211 3220 anuos
1234 3156 1276 3220 ibi
1298 3157 1422 3218 haereat
1446 3149 1455 3174 ⁰

77 3251 265 3326 immobilis,
299 3249 507 3324 immutabilis,
538 3247 811 3330 inexstinguibilisr
844 3254 903 3324 ut,
923 3248 987 3308 sire
1011 3248 1078 3310 olim
1102 3246 1260 3309 interitura
1282 3253 1329 3308 est
1351 3251 1421 3306 ants

80 3341 174 3403 totins
196 3339 298 3404 mundi
321 3339 613 3414 consummationem,
637 3338 810 3418 intelligant
830 3335 966 3399 homines
988 3336 1131 3410 miraculi,
1156 3337 1233 3418 quod
1257 3343 1304 3397 tot
1326 3351 1420 3396 anuos

82 3428 216 3503 duravit,
250 3429 497 3509 magnitudinem,
532 3429 595 3490 aive
623 3445 691 3490 cum
722 3426 844 3506 reliquis
873 3427 941 3490 lixis
969 3425 1163 3506 perennabit,
1196 3425 1369 3506 quantisper
1391 3423 1421 3484 id

82 3519 212 3580 futurum
250 3525 313 3587 est,
355 3537 471 3598 semper
508 3517 546 3580 ob
582 3516 685 3580 oculos
720 3515 854 3578 babeant
888 3516 924 3588 ii,
962 3515 1068 3596 quibus
1102 3516 1190 3577 Nova
1230 3512 1421 3614 sequentibus

84 3607 268 3686 argumentis
291 3607 527 3687 persuadebitur,
550 3605 804 3670 evidentissimum
828 3604 884 3668 hoo
914 3605 1121 3669 documentum
1148 3603 1241 3666 totius
1269 3599 1400 3665 muudi'
1391 3619 1422 3661 m

82 3705 218 3777 tempore
247 3697 358 3770 creati,
392 3696 441 3778 qui
468 3713 538 3759 vero
562 3713 601 3758 ex
635 3696 704 3777 ipsa
741 3695 937 3756 dintumitate
969 3694 1077 3756 stellae
1110 3701 1214 3755 contra
1244 3689 1421 3754 traditiones

83 3793 323 3848 astronomomm
347 3786 546 3866 argumentari
570 3763 603 3847 et
625 3803 718 3865 nuper
739 3791 841 3846 ιιιιιι
869 3801 979 3864 negare
1006 3781 1202 3864 pertinaciter
1227 3777 1422 3861 perrexerint,

82 3893 143 3938 non
166 3873 257 3935 sint
248 3873 353 3954 rguari,
377 3881 489 3955 quanto
511 3882 672 3955 urgeantur
693 3873 824 3954 pondere
848 3871 1072 3936 auctoritatum.

172 3964 274 4045 Atque
298 3963 353 4025 hoc
376 3971 462 4025 tanto
485 3963 581 4042 magis
604 3961 677 4028 milri
705 3963 935 4042 praestandum,
969 3961 1047 4041 quod
1078 3955 1282 4022 mathematici
1309 3953 1422 4035 passim

81 4054 115 4116 iu
139 4049 365 4115 observationes
388 4053 562 4114 Braheanas
584 4051 761 4132 respiciunt,
785 4069 908 4130 quarum
937 4049 1189 4130 inspiciendarum
1213 4048 1328 4129 copiam
1352 4042 1422 4106 mihi

81 4161 153 4206 esee
177 4140 293 4203 sc‘iunt.
318 4159 355 4202 ex
378 4141 482 4222 quibus
506 4159 579 4203 sane
602 4145 779 4221 argumenta
801 4140 1012 4220 depromuntur
1033 4139 1121 4214 talia,
1146 4139 1249 4219 quibua
1272 4134 1422 4220 pondero-

79 4233 167 4297 siora
189 4230 276 4293 hoc
268 4249 298 4292 ιι
322 4249 430 4309 genere
453 4229 620 4292 uullicunde
644 4227 758 4310 sperari
780 4235 916 4309 possunt.

173 4495 220 4560 Ac
242 4495 337 4572 initio,
362 4512 428 4558 cum
449 4511 600 4577 uunquam
622 4494 751 4558 antehac
773 4496 863 4559 luerit
881 4495 957 4558 adeo
974 4493 1161 4576 populariter
1182 4495 1301 4558 exculta
1323 4500 1423 4558 astro-

78 4586 186 4655 nomia
207 4585 237 4648 ιι
258 4585 429 4661 academiis,
453 4603 601 4666 nunquam
623 4585 724 4666 plures
745 4593 798 4648 ant
818 4585 895 4648 coeli
917 4583 1156 4649 observantiores
1179 4583 1311 4647 naucleri
1333 4591 1423 4666 atqua

78 4677 194 4744 hodie:
218 4693 304 4738 uerno
329 4684 427 4738 tamen
451 4679 500 4737 est
520 4673 551 4738 in
575 4683 640 4738 tota
661 4673 796 4755 Europa,
821 4674 879 4738 imo
902 4675 931 4737 in
954 4682 1020 4739 toto
1049 4673 1120 4736 urbe
1143 4675 1298 4736 Temamm
1323 4674 1425 4756 (quem

80 4768 176 4833 hodic
200 4775 233 4828 ut
254 4765 391 4846 privatos
414 4764 518 4827 hortos
546 4764 744 4844 exspatiaudo
774 4767 1004 4846 pervagantur),
1038 4763 1087 4844 qui
1110 4783 1246 4842 sparsum
1277 4783 1423 4827 rumorem

87 4861 126 4920 de
151 4856 281 4919 novitate
304 4856 391 4936 hujus
415 4855 521 4917 stellae
545 4873 582 4917 ex
604 4853 724 4936 propria
746 4854 930 4936 experientia
956 4855 1087 4917 refutare
1115 4854 1247 4934 potuerit
1270 4854 1422 4918 hactenus.
