3652 5532
753 245 831 311 capua
850 245 922 298 xxx.
1073 231 1076 238 “
1438 243 1502 313 tlt
1536 287 1538 294 ,

169 417 205 480 in
227 416 393 497 Sagittario
416 419 587 502 etquidem
610 421 852 504 septentrionalis
885 421 1063 502 significabit
1091 423 1219 505 aliquem
1244 423 1365 486 heroem
1385 422 1503 505 Pytha-

169 506 307 608 goricum
329 525 367 568 111
389 507 445 568 hoc
468 516 600 591 ternpore
626 511 749 592 periodo
773 531 827 574 sua
854 519 978 592 peracta
999 513 1038 574 ad
1065 511 1174 574 ostium
1196 511 1247 574 imi
1269 514 1380 592 gradm
1402 512 1504 574 consi-

170 603 265 667 stere,
288 613 346 676 qna
368 595 474 676 incipit
495 617 637 661 ascensus
659 601 826 682 desinitque
853 601 1029 676 descensus,
1058 600 1148 662 etiam
1171 601 1250 662 saltu
1273 602 1352 664 facto
1374 599 1405 663 in
1426 600 1504 664 huno

168 683 345 746 inferiorem
378 686 517 748 mundum
547 689 675 751 venisse.
729 689 912 771 Notabitque
942 689 1112 770 hujusmodi
1144 689 1267 771 aliquis,
1300 709 1377 752 anno
1411 689 1503 754 1572.

171 782 284 834 noram
307 773 428 835 stellam
442 776 597 838 exstitisse
612 778 642 839 in
661 777 811 840 altissima
832 785 917 858 parte
939 779 1007 840 viae
1030 778 1146 840 lacteae
1164 779 1195 841 11
1212 778 1404 859 Cassiopeia:
1429 797 1505 840 anuo

168 881 246 924 vero
272 858 366 925 1000.
391 861 479 924 aliam
501 866 591 946 paulo
618 865 758 929 humilius
780 867 811 929 11
834 867 939 929 eadem
967 868 1066 929 lactea
1088 873 1119 929 et
1139 867 1268 948 imagine
1292 867 1407 950 cygni:
1430 867 1507 928 hanc

165 950 236 1031 jam
258 951 358 1013 intimo
381 951 447 1015 loco
470 971 507 1015 ex
528 954 643 1016 boreali
673 956 789 1018 zodiaci
810 955 901 1036 plaga
929 957 1094 1037 proximam
1125 956 1298 1038 eclipticas:
1331 974 1391 1018 non
1417 955 1508 1036 igitur

169 1059 333 1102 ascensum
356 1041 410 1102 sed
441 1042 618 1105 descensum
649 1062 735 1120 esse,
765 1041 998 1126 1113211111
1030 1045 1191 1108 duraverit.
1235 1047 1285 1108 Ex
1315 1045 1410 1107 veteri
1437 1062 1508 1105 vero

169 1129 331 1218 gentilium
349 1128 503 1210 theologia
519 1132 608 1194 stella
626 1134 767 1212 flagrans,
790 1134 912 1196 incensa
926 1133 958 1197 in
971 1135 1138 1215 posteriore
1159 1135 1236 1215 pede
1251 1133 1436 1214 Aesculapii,
1460 1132 1509 1214 qui

170 1219 353 1299 Serpentem
383 1220 493 1299 premit
522 1221 676 1297 manibus,
700 1221 856 1303 Scorpium
883 1224 959 1304 pedo
991 1224 1105 1299 calcat,
1129 1224 1262 1286 monebit
1282 1243 1354 1298 nos,
1372 1223 1508 1302 ingmere

169 1307 378 1370 universalem
399 1316 517 1388 pestem
544 1311 826 1400 venenatissimum:
857 1312 944 1393 quasi
965 1313 1041 1375 baec
1071 1312 1161 1375 stella
1182 1313 1252 1393 pedi
1273 1310 1448 1392 Aesculapii
1471 1309 1512 1372 sit

171 1395 283 1458 addita
303 1414 358 1477 pro
375 1397 494 1460 stimulo
517 1400 669 1479 utpedem
690 1402 833 1482 proferat,
857 1420 956 1463 moras
971 1410 1099 1482 rumpat,
1122 1400 1235 1463 auxilia
1250 1401 1400 1482 expediat,
1424 1397 1511 1462 simul

169 1483 339 1548 remedium
360 1503 414 1566 pro
436 1495 522 1568 peste
544 1488 602 1550 hac
630 1490 728 1551 oleum
756 1490 943 1570 scorpionum
967 1498 999 1552 et
1020 1490 1156 1553 theriaca
1184 1490 1457 1565 commendaretur,
1482 1498 1513 1548 et

173 1581 261 1637 ortus
282 1573 380 1654 pestis
404 1594 441 1637 ex
462 1577 584 1640 humore
607 1577 698 1640 nimio
722 1578 865 1642 divinitus
888 1579 1114 1660 significaretur.

265 1661 355 1725 Mitto
384 1664 529 1746 plurimas
561 1665 639 1728 alias
672 1668 842 1748 hujusmodi
876 1669 1079 1749 conjecturas:
1113 1687 1188 1750 quas
1222 1674 1369 1749 utcunque
1405 1682 1512 1745 magno

172 1770 298 1814 numero
321 1771 481 1833 exponam,
509 1755 592 1818 nulla
613 1763 801 1834 111111111,
831 1776 906 1839 quae
928 1777 984 1820 nos
1009 1759 1047 1820 ad
1077 1757 1207 1839 speciem
1230 1757 1367 1820 deducat.
1411 1755 1513 1836 Atque

174 1860 234 1922 ego
256 1841 402 1904 interdum
426 1843 471 1906 sic
494 1844 652 1906 existimo:
678 1847 704 1907 si
721 1847 787 1908 Deo
809 1847 983 1927 placuisset,
1008 1855 1111 1928 aperte
1129 1846 1299 1908 bominibus
1322 1845 1401 1928 quod
1422 1844 1515 1906 vellet

175 1930 360 2010 significare,
392 1931 488 1996 literis
511 1934 594 1996 coelo
621 1935 753 1996 exaratis
777 1936 955 2016 scripturum
978 1935 1088 2013 fuisse;
1118 1935 1231 1998 frustra
1256 1935 1356 2018 itaque
1378 1933 1514 1997 homines

175 2019 373 2098 conjectando
408 2022 527 2084 divinae
561 2023 710 2086 voluntati
745 2023 848 2086 obniti.
902 2025 963 2088 Sed
996 2033 1097 2088 tamen
1127 2043 1174 2087 me
1210 2024 1338 2105 reprimo
1367 2023 1406 2084 iis
1438 2022 1514 2102 ipsis

173 2107 363 2184 rationibus,
395 2130 469 2192 quas
500 2131 590 2192 supra
620 2113 706 2193 posui
740 2113 800 2175 1111
832 2115 949 2196 capite:
983 2115 1053 2176 dum
1083 2120 1315 2176 consentaneum
1344 2129 1412 2175 esse
1442 2110 1513 2185 dixi,

175 2198 274 2259 Deum
296 2198 354 2258 hac
376 2201 555 2280 aenigmatis
577 2201 780 2283 propositione
803 2222 859 2264 nos
875 2203 1002 2266 invitare
1023 2203 1102 2265 velle
1125 2202 1164 2264 ad
1178 2201 1308 2282 penitius
1331 2198 1516 2281 inspicienda
1612 2193 1616 2204 '

173 2293 283 2348 nostra
304 2288 426 2367 negotia
449 2290 701 2374 excutiendosqne
723 2310 825 2353 omnes
841 2292 976 2374 angulos,
1000 2291 1095 2353 sicubi
1114 2292 1190 2354 forte
1213 2289 1357 2352 latentem
1378 2287 1514 2350 invenia-

173 2395 244 2437 mus
268 2393 340 2448 rem,
362 2377 393 2438 in
411 2397 501 2460 quam
524 2379 614 2440 stella
635 2381 711 2442 haec
730 2380 856 2460 digitum
877 2379 1013 2443 intendit.
1050 2382 1130 2444 Nam
1145 2379 1189 2442 ita
1206 2399 1253 2441 me
1269 2378 1408 2444 Christus
1425 2383 1514 2452 amet,

173 2473 211 2526 ut
234 2465 340 2541 omnia,
364 2486 440 2548 quae
462 2467 608 2530 hactenus
631 2470 668 2531 de
691 2469 824 2550 imperiis
857 2471 950 2552 deque
977 2469 1071 2531 variis
1099 2469 1252 2531 hominum
1282 2467 1412 2550 negotiis
1435 2465 1516 2528 dieta

176 2561 258 2628 sunt,
279 2555 360 2637 pree'
374 2556 577 2638 magnitudine
609 2558 704 2621 nostri
735 2558 871 2620 miraculi
897 2560 986 2640 plane
1014 2558 1172 2620 vilescunt.
1218 2559 1322 2640 Itaque
1344 2555 1428 2619 lubet
1449 2573 1516 2618 cum

175 2643 319 2723 Tychone
345 2644 464 2708 Braheo
497 2647 680 2709 exclamare:
712 2646 798 2728 quasi
826 2666 898 2709 vero
928 2667 987 2710 non
1016 2647 1132 2726 majora
1162 2647 1284 2726 negotia
1315 2645 1377 2708 sint
1406 2644 1437 2706 in
1466 2643 1514 2706 his

176 2731 291 2804 Terris,
315 2751 403 2813 quam
425 2735 495 2797 illae
518 2735 622 2798 turbae
644 2736 796 2816 Belgicae,
819 2737 1019 2811 Britannicae,
1042 2735 1243 2815 Hungaricae.
1280 2737 1348 2816 Ipse
1370 2733 1515 2798 Rdslinus

176 2821 300 2896 fatetur,
324 2821 398 2884 nihil
421 2824 517 2886 adhuc
540 2825 703 2904 contigisse
727 2843 765 2885 ex
787 2845 866 2887 anno
892 2823 990 2900 1572,
1013 2825 1180 2908 quodcum
1202 2823 1406 2905 magnitudine
1433 2821 1514 2884 illius
1586 2823 1593 2838 “

176 2908 315 2971 miraculi
338 2910 426 2992 digne
449 2912 616 2995 comparari
637 2912 744 2995 possit.
793 2912 854 2978 011
875 2915 967 2994 igitur
988 2922 1051 2976 tam
1080 2913 1179 2975 facilis
1202 2914 1303 2976 estin
1324 2910 1515 2992 assignandis

176 2998 248 3061 lruic
263 3000 368 3061 Novae
390 3003 460 3063 anni
478 2998 570 3065 1004.
596 3003 752 3065 eventibus
776 3021 813 3065 ex
828 3003 926 3065 medio
949 3021 1047 3065 rernm
1068 3001 1259 3084 politicarum
1281 3021 1337 3064 usu
1359 3000 1512 3076 desumtis,

177 3107 256 3172 quae
279 3095 327 3150 tot
348 3089 514 3178 nominibus
536 3091 592 3153 1111
619 3093 718 3172 priore
748 3092 818 3154 anni
844 3089 936 3156 1572.
967 3093 1068 3173 potior
1097 3109 1188 3172 supra
1217 3091 1316 3172 capite
1338 3090 1442 3156 XXV.
1467 3095 1515 3152 est

6 3177 7 3214 ³
99 3269 103 3277 ⁸
176 3175 325 3241 11111111

264 3269 333 3350 Age
355 3268 456 3351 itaque
479 3271 684 3350 perquiramus
712 3287 777 3330 cum
806 3268 969 3348 astrologis
991 3270 1039 3332 vel
1062 3269 1200 3344 tandem,
1234 3288 1309 3351 quae
1334 3275 1403 3330 1111
1423 3285 1515 3348 penes

175 3357 338 3420 humanum
360 3377 454 3438 genus
476 3359 623 3420 maxima:
648 3357 833 3419 excutiamus
855 3358 987 3437 gentium
1010 3359 1131 3421 oracula
1153 3357 1396 3440 prophetiasque,
1418 3364 1516 3419 utrum

178 3447 294 3527 aliquid
316 3466 416 3510 eorum
432 3446 481 3522 sit,
505 3449 584 3528 quod
606 3445 693 3510 nobis
711 3446 838 3526 jamjam
861 3448 977 3510 instans
1001 3466 1054 3527 per
1067 3448 1125 3510 hoc
1139 3454 1201 3509 tarn
1224 3445 1411 3528 splendidum
1434 3445 1517 3508 sidus
1563 3437 1568 3450 ’

180 3535 325 3598 divinitus
355 3536 545 3615 significetur.
598 3536 751 3598 Imitemur
785 3536 950 3616 exemplum
981 3537 1158 3616 Magorum,
1189 3536 1239 3617 qni
1271 3554 1338 3597 cum
1372 3533 1519 3597 haberent

180 3625 304 3686 oracula
318 3624 453 3688 Danielis
477 3625 513 3686 de
535 3632 662 3687 venturo
682 3623 828 3698 Messiah‚
852 3631 919 3686 orta
938 3626 1031 3687 111111
1052 3625 1182 3688 mirabili
1206 3643 1298 3705 eaque
1314 3624 1381 3702 ipsa
1402 3641 1517 3704 quoque

181 3713 237 3775 sub
260 3731 386 3794 magnae
410 3712 626 3792 conjunctionis
644 3721 771 3794 tempus,
787 3713 903 3795 quando
920 3714 1018 3796 coepit
1036 3723 1123 3776 sexta
1140 3712 1282 3795 periodus
1299 3711 1518 3792 triplicitatum,

179 3801 305 3864 excitati
328 3810 397 3865 sunt
419 3801 457 3864 ad
479 3801 682 3882 inspiciendos
704 3801 813 3876 libros,
842 3810 873 3864 et
895 3822 1010 3866 summa
1032 3821 1176 3865 annorum
1205 3821 1265 3864 111
1293 3800 1451 3862 abludente
1478 3801 1518 3862 ad

180 3893 391 3972 quaerendum,
414 3910 500 3972 quem
522 3891 613 3954 stella
635 3890 732 3952 indice
754 3898 857 3953 natum
879 3893 1034 3972 putabant,
1057 3891 1241 3954 ludaeorum
1262 3891 1393 3970 Regem,
1416 3889 1518 3952 mundi

179 3980 381 4044 Salvatorem.
426 3981 570 4060 Magnum
593 3988 657 4054 est,
690 3981 840 4042 detectum
863 3999 930 4043 esse
952 3980 1009 4042 hoc
1031 3979 1136 4041 ultimo
1169 3978 1269 4041 seculo
1293 3997 1312 4038 a
1336 3977 1517 4042 Christianis

179 4089 290 4132 novum
312 4069 426 4145 orbem,
451 4070 588 4132 inventas
611 4069 642 4132 in
666 4089 700 4132 eo
722 4076 828 4149 gentes
850 4069 1037 4131 multitudine
1061 4067 1306 4141 innumerabiles,
1329 4067 1513 4130 immanitate
1539 4073 1545 4083 '

179 4159 256 4221 adeo
278 4158 434 4233 barbaras,
452 4166 486 4220 ut
498 4177 574 4240 pene
590 4158 762 4233 credideris,
785 4159 938 4238 gigantum
956 4157 1083 4238 aliquos,
1101 4156 1151 4238 qui
1165 4156 1366 4238 procurabant
1383 4157 1516 4231 abortus,

178 4249 310 4312 humana
333 4267 421 4311 carne
444 4248 650 4324 vescebantur,
675 4267 712 4310 ex
734 4247 787 4308 illo
810 4247 973 4310 universali
996 4245 1107 4307 diluvio
1129 4246 1161 4308 in
1187 4246 1258 4308 illas
1279 4245 1418 4328 regiones
1441 4263 1515 4308 ena-

179 4345 274 4402 tasse.
330 4339 401 4402 Jam
428 4337 572 4400 habemus
610 4337 807 4400 certissimum
839 4335 954 4400 Christi
985 4334 1157 4398 Servatoris
1192 4334 1289 4398 nostri
1322 4333 1513 4397 vaticinium:

184 4438 406 4508 ,praedicabitur
418 4437 601 4509 Evangelium
620 4437 673 4492 hoo
692 4437 721 4491 in
739 4435 867 4490 1111111111
882 4436 954 4490 Orbe
968 4433 1140 4489 Terrarum.“
1175 4424 1328 4487 Habemus
1350 4425 1518 4504 exemplum

183 4515 420 4592 Oananaeornm,
443 4516 651 4598 quibusDeus
672 4515 767 4596 primo
781 4513 947 4577 Abrabami
969 4521 1102 4593 tempore
1116 4508 1182 4577 100
1205 4531 1309 4588 annos,
1331 4519 1439 4593 postea
1462 4511 1516 4575 sub

181 4603 269 4667 Mose
292 4603 334 4671 40
357 4605 441 4668 dedit
469 4607 509 4668 ad
536 4603 768 4686 poenitentiam:
803 4621 925 4685 cumque
954 4621 986 4664 sa
1015 4601 1090 4682 ipsis
1120 4602 1283 4664 deteriores
1311 4600 1517 4677 redderentur,

184 4692 315 4757 funditus
339 4694 498 4776 exstirpati
522 4701 600 4756 sunt.
646 4693 705 4754 Est
734 4691 771 4755 ob
802 4691 903 4754 oculos
935 4691 1022 4772 copia
1052 4691 1202 4754 hominum
1225 4692 1255 4754 in
1277 4691 1415 4770 Europa,
1447 4697 1517 4752 sunt

184 4778 270 4843 nobis
301 4781 503 4864 implacabilis
533 4781 615 4844 bella
637 4797 703 4842 cum
724 4781 848 4855 1111111,
881 4779 1007 4844 dissidia
1039 4780 1203 4843 domestica
1229 4781 1308 4842 inter
1335 4798 1391 4886 noe
1420 4779 1513 4862 ipsos.
