3700 5530
314 291 380 360 340
806 293 979 344 &bononiae
997 291 1059 344 Para
1078 291 1177 359 Optioa

312 475 410 536 induit,
425 471 467 526 ita
481 473 577 526 eadem
591 485 677 542 opera
691 477 825 526 cometam
840 472 919 544 quasi
935 473 1120 542 quiescentem
1139 471 1299 526 circumiens
1321 464 1398 540 (nam
1413 471 1474 540 ipse
1487 471 1547 526 iere
1562 475 1674 526 tannim

313 555 342 608 in
363 555 451 608 latum
471 552 561 608 tendit
581 553 634 606 hac
654 550 856 622 suppositione)
878 555 994 608 eandem
1014 551 1055 606 illi
1078 552 1197 622 speciem
1223 551 1365 606 circularis
1386 557 1476 606 motare
1503 551 1671 606 conciliabit.

311 636 358 692 Ita
378 634 426 688 ille
446 631 662 704 Regiomontani
682 639 802 688 cometes
822 632 853 686 in
871 631 948 688 linea
967 639 1045 688 recta
1065 650 1080 686 e
1102 632 1312 702 profundissimo
1334 632 1448 688 aetbere
1469 638 1585 702 propter
1604 633 1672 688 'ler-

312 731 373 770 ram
399 714 487 777 latus,
519 712 650 784 illamque
681 714 825 767 admodiua
856 713 1009 784 propinque
1037 711 1225 783 praeteriens,
1256 711 1468 782 pulcherrimam
1499 712 1672 768 occasionem

312 793 434 850 inveniet
454 810 507 848 uno
534 792 578 847 die
599 793 627 846 in
656 793 744 847 medio
770 793 952 862 apparitionis
975 795 1012 848 40
1033 795 1137 864 gradm
1164 792 1258 846 circuli
1279 792 1375 863 magni
1403 792 1576 857 conficiendi,
1603 799 1671 848 ante

312 882 343 929 et
362 880 427 946 post
445 873 647 944 perexiguum:
676 872 723 927 ubi
743 879 774 926 et
794 890 880 928 causa
899 873 1024 944 patebit,
1053 889 1102 926 cur
1123 874 1212 928 cauda
1232 873 1281 927 illo
1306 873 1438 943 temporis
1460 873 1593 938 articulo,
1616 891 1671 946 quo

312 961 371 1010 tam
391 955 475 1008 velox
496 959 605 1008 cometa
627 952 693 1018 fuit,
717 953 770 1007 50⁰
791 953 818 1007 in
839 953 1012 1026 longitudine
1034 953 1205 1024 aequaverit.
1242 953 1297 1006 Per
1318 951 1365 1008 22.
1388 953 1482 1024 quarti
1502 953 1671 1011 Vitellianis.

391 1035 452 1088 Hoc
471 1034 515 1088 usi
536 1029 700 1088 adminiculo
729 1033 838 1103 quidam
859 1036 892 1086 de
914 1034 1000 1087 stella
1020 1033 1085 1088 anni
1110 1031 1195 1088 1572.
1220 1033 1406 1096 affirmarunt,
1429 1039 1504 1088 motu
1525 1035 1669 1089 rectilineo

312 1116 340 1170 in
359 1115 523 1186 profundum
544 1113 666 1168 aetheris
686 1120 837 1184 receptam,
860 1119 1025 1184 argumento
1045 1113 1091 1167 usi
1117 1114 1300 1167 decrescentis
1328 1113 1540 1184 magnitudinis,
1570 1115 1669 1184 quibus

312 1195 419 1266 quidem
441 1195 468 1250 4.
490 1201 521 1248 et
544 1193 607 1248 132.
630 1193 722 1265 quarti
743 1193 903 1248 Vitellionis
925 1195 1074 1248 serviebat.
1110 1195 1211 1247 Verum
1234 1193 1325 1263 optice
1347 1195 1455 1264 quidem
1474 1201 1550 1249 recte
1572 1195 1622 1258 illi,
1645 1195 1669 1248 si

311 1282 437 1330 assumta
449 1275 504 1330 illis
519 1291 571 1327 sua
585 1274 770 1328 concesseris:
791 1280 914 1328 ceterum
929 1291 1000 1345 quae
1014 1279 1113 1328 contra
1126 1273 1222 1343 Tycho
1236 1274 1330 1328 Brche
1344 1273 1415 1327 libro
1431 1274 1452 1327 Ι.
1480 1275 1669 1346 Progymnas-

310 1362 415 1411 matum
430 1355 615 1425 disputaverit
628 1373 665 1410 ex
679 1355 741 1410 aliis
763 1354 885 1410 scientiis
900 1355 987 1408 solido
1002 1360 1032 1408 et
1044 1371 1148 1426 magno
1164 1353 1279 1423 judicio,
1302 1369 1338 1408 ea
1351 1352 1412 1408 ride
1428 1357 1501 1424 apud
1518 1363 1668 1410 auctorem

868 1623 1110 1637 m

877 1893 998 1992 Caput
1023 1891 1092 1966 XJ.

430 2072 487 2137 De
517 2071 692 2155 mm'fioimo
708 2029 932 2134 *obseruatione
962 2071 1192 2134 discuterem
1214 2068 1304 2134 Solis
1326 2079 1355 2135 et
1376 2072 1491 2135 Lunae
1518 2079 1548 2135 et

781 2158 994 2241 deliquiae-um
1020 2159 1192 2243 mnusque.

398 2319 592 2383 Problema
611 2320 637 2382 Ι.
681 2319 966 2382 Instrumentum
989 2319 1201 2399 eclipticum
1224 2328 1450 2383 construere.
1489 2317 1591 2382 Scene
1608 2319 1667 2384 sub

310 2409 359 2472 dio
378 2409 512 2490 erigatur
530 2409 639 2490 pannis
659 2408 752 2489 nigris
773 2407 978 2488 totuplicibus,
1000 2427 1038 2472 ne
1058 2409 1128 2489 quid
1149 2409 1223 2472 lucis
1242 2410 1396 2490 irrumpat.
1430 2407 1466 2472 Si
1485 2407 1559 2472 haec
1579 2408 1667 2472 deest

307 2499 514 2572 commoditas,
528 2499 671 2562 conclave
688 2496 817 2578 eligatur
831 2498 991 2561 obversum
1005 2497 1034 2560 in
1049 2499 1180 2579 plagam,
1196 2499 1274 2562 unde
1289 2497 1371 2563 Solis
1386 2499 1523 2562 delectus
1538 2504 1665 2578 epecta-

308 2588 407 2653 bitur:
432 2589 473 2651 sit
496 2588 564 2650 huic
588 2586 724 2650 conclavi
746 2586 847 2668 paries
870 2607 929 2650 nou
953 2605 1085 2658 crassus,
1110 2587 1159 2668 qni
1173 2583 1337 2650 fenestram
1355 2588 1523 2669 praebeat:
1546 2585 1664 2668 possit·

310 2697 366 2760 que
391 2697 458 2742 cum
482 2678 557 2740 haec
580 2678 716 2740 fenestra
738 2685 802 2739 tum
824 2695 928 2740 cinnes
952 2676 1046 2739 rimae
1075 2676 1209 2741 obturari
1242 2685 1348 2740 contra
1376 2676 1452 2740 lucis
1483 2676 1662 2756 ingressum.

308 2767 425 2831 Deinde
449 2768 553 2848 regula
577 2766 717 2829 fabrefiat
740 2773 871 2847 quantae
894 2765 958 2828 fieri
980 2773 1085 2847 potest
1107 2767 1310 2845 longitudinis,
1335 2767 1421 2846 cujus
1444 2765 1542 2830 lineae
1562 2785 1664 2830 omnes

306 2865 410 2921 rectae
434 2857 505 2931 sint,
530 2856 685 2920 crassities
710 2863 854 2936 quantam
877 2873 962 2917 asser
985 2855 1145 2919 dedolatus
1169 2857 1311 2935 praebet,
1335 2857 1466 2919 latitudo
1490 2855 1662 2935 semipedis.

305 2945 354 3008 Ea
374 2945 420 3010 sic
444 2953 580 3026 aptetur,
613 2954 648 3010 ut
678 2945 748 3027 quia
777 2944 877 3007 flexile
905 2951 955 3006 est
976 2944 1106 3024 lignum,
1139 2945 1169 3006 in
1192 2947 1315 3008 dorsum
1338 2945 1506 3022 incumbat,
1531 2952 1562 3007 et
1585 2944 1664 3008 inter

307 3036 410 3116 capita
433 3037 498 3099 loco
522 3035 791 3114 interuentuque
814 3033 911 3096 minus
933 3034 1085 3097 flectatur.
1130 3036 1177 3097 At
1198 3054 1294 3117 oeque
1317 3035 1348 3096 in
1373 3036 1470 3098 medio
1494 3033 1660 3096 latitudinis

306 3125 492 3206 perforetur,
525 3143 562 3184 ne
585 3123 763 3187 imbecillius
788 3125 900 3186 factum
934 3123 1091 3203 frangatur
1120 3143 1173 3186 suo
1206 3125 1347 3204 pondere.
1395 3123 1475 3195 Quin
1498 3123 1596 3204 potius
1620 3121 1659 3186 ad
1748 3171 1753 3180 .

307 3215 418 3278 lineam
442 3214 537 3288 dorsi,
570 3212 617 3275 oui
649 3212 847 3276 incubiturum
871 3219 933 3285 est,
962 3220 1120 3276 ooassetur
1151 3213 1322 3286 trabecula,
1351 3222 1385 3277 ut
1408 3215 1439 3278 in
1461 3211 1662 3277 coassationis

307 3303 388 3368 linea
416 3310 550 3365 centrum
584 3302 738 3364 foraminis
767 3321 820 3364 seu
853 3301 1028 3364 matriculae
1060 3302 1203 3364 constitui
1231 3303 1337 3382 possit.
1384 3304 1568 3368 Matriculae
1591 3321 1663 3364 suus

309 3392 445 3455 axiculos
467 3391 519 3454 sit.
565 3391 682 3454 Deinde
707 3391 760 3452 fiat
781 3390 941 3454 columella
963 3389 1117 3454 versatilis
1139 3411 1229 3472 super
1252 3411 1323 3467 axe,
1357 3393 1386 3456 in
1415 3411 1532 3456 summo
1562 3391 1662 3471 bifida,

307 3491 342 3545 ut
363 3483 473 3546 fissura
496 3480 665 3546 crassitiem
688 3480 810 3559 regulae
833 3481 982 3559 excipere,
1006 3480 1171 3558 perforata,
1196 3489 1229 3546 ut
1253 3483 1357 3546 eodem
1381 3501 1447 3548 cum
1469 3482 1575 3564 regula
1593 3484 1663 3548 axi-

307 3572 374 3636 culo
397 3569 498 3652 trajici
521 3569 629 3650 possit.
672 3568 850 3642 liabecula,
871 3570 900 3632 in
916 3587 976 3649 qua
990 3569 1148 3634 matricula
1171 3572 1361 3636 columellam
1384 3571 1547 3652 excipiens,
1571 3572 1663 3652 tignis

309 3661 488 3744 aequalibus
510 3659 580 3722 hinc
603 3658 672 3722 inde
695 3658 892 3722 transversim
910 3658 1103 3738 surgentibus
1121 3660 1311 3724 colomellam
1335 3660 1364 3724 iu
1388 3663 1434 3726 sui
1457 3663 1663 3739 (trabeculae)

305 3750 519 3832 perpendiculo
543 3756 696 3820 statuant,
724 3767 799 3811 cavo
824 3749 979 3828 complexu
1002 3747 1190 3811 columellam
1214 3758 1343 3814 teretem
1366 3751 1395 3813 in
1420 3751 1541 3818 sublimi
1563 3753 1662 3816 inclu-

307 3842 414 3905 dentes
436 3844 506 3912 (sic).
546 3838 624 3902 Huic
638 3838 811 3902 trabeculae
826 3845 889 3901 tres
904 3837 982 3900 aliae
998 3836 1158 3916 socientur,
1178 3847 1213 3901 ut
1227 3859 1265 3902 ex
1279 3840 1415 3904 omnibus
1430 3841 1485 3904 fiat
1496 3843 1662 3922 parallelo·

306 3948 470 4009 grammum
503 3929 729 4008 rectangulum,
762 3928 828 3990 loco
851 3927 954 3992 circuli
977 3927 1178 3992 azimuthalis.
1226 3928 1328 4011 Capiti
1352 3950 1423 3995 vero
1445 3935 1664 4011 columnae,a

307 4039 365 4101 quo
389 4018 455 4082 axis
478 4017 509 4079 in
532 4017 719 4082 trabeculam
748 4015 824 4090 exit,
857 4016 1062 4079 committatur
1085 4025 1117 4080 et
1139 4027 1296 4082 coassetur
1319 4028 1485 4088 transtrum
1507 4025 1537 4088 iu
1557 4042 1662 4088 aarum

305 4108 498 4190 planitierum
520 4105 697 4170 columellae
715 4105 823 4179 altera,
847 4106 925 4184 buae
940 4105 1076 4168 fissuram
1095 4106 1189 4171 habet
1212 4127 1312 4188 supra,
1337 4121 1369 4174 et
1385 4113 1584 4176 confibuletar
1605 4114 1663 4176 boc

308 4217 424 4280 quoque
448 4203 614 4260 transtrum
642 4194 819 4258 columellae
846 4193 1060 4269 transversali‚
1094 4204 1129 4257 ut
1151 4205 1235 4260 recto
1259 4201 1369 4280 angulo
1392 4203 1551 4266 columella
1573 4211 1663 4265 tran-

305 4295 370 4350 stro
391 4286 570 4349 cohaereat:
594 4291 627 4345 et
650 4289 816 4345 transtrum
839 4283 1121 4363 parallelogrammo
1145 4285 1320 4350 incumbens
1339 4289 1366 4352 si
1384 4299 1550 4368 moveatur,
1575 4291 1662 4354 oclu-

304 4377 428 4439 mellam
449 4380 620 4437 ¹contestat.
667 4371 844 4434 Transtrum
873 4370 1058 4450 longitndine
1082 4373 1123 4435 sit
1145 4375 1270 4452 idonea,
1295 4379 1325 4441 in
1349 4380 1447 4442 medio
1472 4390 1606 4455 exemto,
1629 4388 1664 4443 nt

305 4464 476 4528 massalem
499 4463 623 4543 regulae
646 4461 704 4523 hac
734 4461 842 4522 fissura
871 4460 973 4540 capiat
1004 4463 1167 4545 regulaque
1200 4483 1265 4530 cum
1289 4475 1424 4533 transtro
1449 4475 1481 4532 et
1504 4471 1664 4534 columella

306 4553 548 4616 circumferatur:
579 4551 725 4632 simulque
748 4549 853 4630 regula
876 4567 980 4610 versus
1004 4551 1150 4614 verticem
1174 4553 1249 4634 erigi
1272 4565 1325 4618 aut
1349 4577 1454 4622 versus
1478 4559 1663 4624 horizontem

306 4641 424 4704 demitti
451 4641 567 4722 possit,
601 4648 742 4721 quantum
766 4638 847 4701 Solis
882 4637 1010 4700 altitudo
1043 4639 1098 4703 sub
1126 4642 1304 4724 principium
1337 4655 1368 4710 et
1394 4647 1484 4712 finem
1512 4649 1662 4731 eclipseos

304 4731 450 4812 postulat.
496 4731 663 4810 Propterea
687 4737 718 4791 et
741 4727 930 4791 columellam
952 4735 1018 4790 tam
1039 4729 1135 4792 altam
1158 4751 1225 4794 esse
1249 4735 1407 4810 convenit,
1440 4745 1475 4800 ut
1497 4738 1664 4820 parallelo-

303 4837 471 4900 grammum
498 4819 634 4902 regulam
660 4817 800 4902 nuspiam
827 4815 989 4900 impediat,
1019 4823 1054 4882 et
1080 4828 1247 4886 ueratrum
1272 4830 1338 4890 mm
1360 4825 1483 4906 longum
1504 4829 1664 4909 ipsamque
