3694 5528
338 293 407 360 532
512 247 514 251 ’
950 291 1076 358 morea

335 479 517 578 evapescat:
541 470 707 552 propinqua
725 487 805 547 vero,
828 469 946 552 quando
970 468 1123 533 sensibilis
1138 475 1186 533 est
1199 469 1353 550 proportio
1372 468 1530 552 pupillaris
1550 467 1703 532 diametri

338 563 378 625 ad
401 560 849 712 lnlielIllIIlum'Postulatum.
904 649 1052 710 Punctum
1089 646 1208 728 aliquod
1241 645 1285 708 rei
1321 645 1450 708 visibilis
1485 645 1701 726 longinquum,

337 739 410 802 licet
431 738 530 800 radiet
543 737 573 798 iu
589 736 691 798 orbem
709 736 848 816 uuquue‚
872 743 1013 815 respectu
1032 745 1132 798 tamen
1148 735 1226 797 oculi
1241 741 1294 797 aut
1316 734 1489 815 perspicilli,
1513 735 1703 813 adquorum

338 827 501 890 diametros
526 825 672 886 distantia
695 824 807 886 nullam
830 825 924 887 habet
947 824 1118 887 sensibilem
1150 823 1393 904 proportionem,
1422 823 1524 885 radios
1554 829 1704 884 extrema

249 987 254 990 ,
336 915 414 977 oculi
442 915 491 976 vel
518 911 682 994 perspicilli
714 913 924 992 contingentes
951 912 1072 992 ponitur
1100 911 1221 974 mittere
1252 912 1430 992 parallelos,
1464 929 1589 992 quorum
1622 929 1702 972 unus

337 1003 419 1066 solus
442 1000 698 1083 perpendicularis
722 1020 789 1063 esse
812 1009 916 1081 potest
938 1002 968 1063 in
993 1008 1196 1062 occurrentem
1220 999 1407 1080 superficiem
1431 1015 1589 1062 curvam'

422 1091 543 1154 XXIV.
582 1089 783 1152 Definitio.
829 1090 925 1151 Unius
950 1107 1020 1168 ergo
1036 1088 1147 1168 ,puncti
1171 1089 1207 1150 dc
1231 1108 1263 1150 rc
1288 1088 1399 1150 visibili
1422 1088 1593 1168 propinqua
1620 1087 1703 1149 radii

405 1251 409 1263 Ι
525 1179 686 1258 divergunt
708 1197 815 1240 versus
837 1177 983 1258 pupillam
1007 1177 1102 1240 ocull:
1127 1177 1254 1257 plurIum
1268 1195 1339 1239 vero
1363 1185 1540 1257 punctorum
1560 1177 1600 1238 de
1622 1193 1702 1256 quo-

382 1251 436 1316 ΗΚ·
457 1246 481 1298 ⁷·
530 1287 645 1348 cunque
669 1265 780 1327 visibili
803 1266 879 1330 radii
902 1267 1012 1346 singuli
1036 1273 1221 1345 convergunt
1239 1285 1345 1328 versus
1368 1273 1503 1328 centrum
1520 1265 1620 1327 visus.
1661 1265 1705 1325 Et

371 1336 390 1376 ³
460 1338 473 1382 ⁰
523 1357 580 1418 noo
603 1355 631 1416 si
663 1354 792 1417 radiatio
817 1355 858 1416 sn
887 1355 992 1417 ubera.
1041 1354 1141 1416 vacue
1174 1355 1266 1434 igitur
1299 1355 1482 1429 noandum,
1512 1353 1638 1433 quando
1664 1353 1701 1412 ee

525 1443 695 1506 radiatioue
724 1451 833 1523 agatur
855 1443 942 1505 unius
970 1443 1073 1523 puncti
1097 1449 1129 1503 ct
1153 1444 1272 1523 quaudo
1296 1443 1332 1504 de
1356 1442 1493 1523 plurium
1516 1451 1702 1522 punctorum

527 1531 745 1594 radiationibus
768 1533 848 1594 inter
872 1551 904 1593 se
928 1532 1122 1611 comparatis.

616 1618 685 1688 01).
710 1620 781 1696 CA,
806 1618 859 1683 OE
884 1620 1043 1700 divergunt
1070 1637 1175 1681 versus
1199 1619 1315 1681 oculum
1339 1618 1411 1680 DE:
1442 1619 1486 1680 sic
1511 1618 1606 1680 etiam
1631 1615 1700 1692 BD,

526 1708 594 1781 BA,
609 1707 664 1769 ΒΕ
687 1715 719 1770 et
743 1728 845 1772 omnes
869 1709 979 1772 medii:
1005 1716 1037 1770 at
1056 1707 1124 1783 BA,
1141 1706 1199 1770 CA
1221 1714 1407 1786 convergunt
1428 1727 1535 1771 versus
1558 1715 1700 1769 centrum

528 1797 605 1859 oculi
628 1796 668 1858 A.

343 1921 365 1962 Β
407 1961 422 2002 r
464 1919 486 1966 ¹
915 1938 966 2000 De
996 1938 1122 2001 Lente.

431 2058 536 2124 XXV.
567 2057 781 2123 Definitio.
827 2059 909 2120 Lens
940 2067 988 2122 est
1019 2061 1128 2122 vitrum
1161 2067 1214 2123 aut
1245 2059 1407 2141 crystallus
1435 2057 1465 2120 iu
1492 2057 1592 2120 forma
1622 2055 1700 2119 disci

342 2149 529 2217 orbicularis,
554 2149 644 2212 latior
667 2168 756 2229 quam
779 2147 963 2228 profundior.

428 2237 550 2300 XXVI.
597 2236 795 2299 Definitio.
844 2235 988 2299 Convexa
1021 2238 1087 2300 leus
1120 2243 1186 2313 est,
1219 2255 1296 2317 quae
1324 2234 1373 2297 vel
1399 2242 1528 2315 utraque
1557 2235 1608 2296 vel
1639 2253 1701 2296 una

343 2328 410 2389 sola
432 2326 589 2403 superficie
613 2344 748 2388 convexa
771 2330 827 2398 eat,
852 2325 968 2406 reliqua
989 2327 1091 2406 plana.

394 2414 515 2502 „luem
538 2415 674 2493 intellige
690 2415 727 2475 de
742 2407 843 2475 cava.¹
866 2415 1001 2496 Utraque
1021 2415 1111 2476 ctiam
1136 2411 1282 2474 communi
1305 2410 1452 2473 vocabulo
1469 2430 1545 2491 pura
1568 2411 1697 2472 dicatur.

426 2502 563 2566 XXVII.
597 2502 797 2565 Definitio.
828 2503 937 2577 Mina,
958 2523 1033 2585 quae
1058 2503 1155 2564 altera
1179 2500 1335 2582 superficie
1350 2507 1398 2560 est
1411 2517 1556 2573 convexa,
1581 2499 1699 2580 reliqua

337 2609 421 2664 cava,
448 2592 581 2670 perfecto
605 2591 754 2672 utrimque
778 2591 888 2653 circulo
896 2611 905 2666 3
930 2611 1006 2672 quae
1031 2591 1148 2653 scilicet
1171 2595 1219 2652 est
1240 2590 1324 2668 puris
1348 2589 1496 2668 opposita.

426 2679 577 2743 XXVIII.
625 2679 825 2744 DefInitio.
872 2679 1057 2753 Convexum,
1082 2685 1199 2755 cavum,
1225 2677 1363 2752 mixtum,
1392 2677 1555 2754 ingerere
1580 2683 1695 2748 neutro,

342 2767 522 2848 intelligitur
544 2769 762 2848 perspicillum,
787 2768 909 2844 vitrum,
942 2787 1050 2849 corpus
1074 2769 1128 2830 duc.
1155 2774 1301 2847 sonatque
1326 2767 1405 2828 idem
1430 2766 1510 2846 quod
1532 2764 1597 2826 lens
1622 2783 1696 2826 cou-

338 2875 425 2929 vexa‚
451 2875 537 2930 cava,
563 2859 667 2932 mixta,
693 2858 747 2920 duc.

422 2945 543 3007 XXIX.
590 2945 790 3008 Definitio.
835 2944 910 3007 Alia
942 2952 991 3006 est
1023 2942 1199 3024 magnitudo
1232 2942 1323 3005 lentis
1356 2957 1410 3021 per
1437 2960 1494 3019 se,
1527 2940 1589 3004 alia
1623 2959 1697 3003 con-

336 3033 481 3094 vexitatis
504 3041 557 3094 aut
580 3033 724 3096 cavitatis
748 3033 778 3094 in
802 3033 892 3095 lente.
938 3033 998 3095 Illa
1020 3031 1154 3114 corporis
1177 3039 1226 3093 est
1249 3030 1438 3110 magnitudo,
1470 3031 1545 3093 baec
1569 3030 1693 3110 figurae.

424 3120 529 3182 XXX.
575 3122 777 3184 Definitio.
823 3122 908 3183 Haec
932 3121 1026 3202 ipsius
1057 3119 1191 3200 corporis
1221 3119 1397 3198 magnitudo
1427 3120 1578 3199 geminum
1602 3119 1697 3180 habat

337 3216 517 3288 respectum.
567 3209 629 3272 Aut
652 3210 729 3271 enirn
754 3218 801 3272 est
834 3210 987 3286 absoluta,
1022 3220 1056 3271 ut
1079 3227 1146 3271 cum
1178 3208 1236 3288 ipsi
1270 3207 1396 3269 lentium
1427 3208 1516 3270 orbes
1541 3227 1594 3268 seu
1621 3203 1696 3268 disci

337 3296 538 3360 aestimantur
564 3297 700 3378 interque
725 3319 757 3360 se
782 3307 1013 3378 comparantur:
1047 3306 1101 3361 aut
1127 3297 1255 3359 refertur
1284 3297 1323 3358 ad
1351 3297 1493 3359 olrculum
1523 3315 1596 3358 suae
1621 3313 1696 3357 cou-

336 3383 492 3458 vexitatis,
518 3394 611 3466 quota
633 3387 770 3449 nimirum
793 3407 865 3468 pars
889 3388 931 3449 sit
955 3389 1019 3449 lens
1043 3389 1080 3448 de
1104 3405 1177 3448 suae
1201 3383 1405 3448 convexitatis
1430 3385 1551 3447 olrculo.

424 3473 546 3536 XXXI.
592 3474 793 3537 Definitio.
840 3474 1016 3538 Oouvexum
1040 3483 1092 3539 aut
1115 3494 1221 3537 cavum
1250 3493 1344 3554 parvo
1368 3475 1416 3536 vel
1440 3491 1549 3553 magno
1574 3470 1696 3540 circulo,

338 3563 403 3624 sive
428 3581 593 3625 convexum
618 3573 670 3624 aut
693 3583 798 3626 cavum
822 3564 907 3644 parvi
930 3566 980 3626 vel
1002 3563 1104 3644 magni
1132 3562 1249 3638 circuli,
1279 3561 1459 3643 intelligitur
1483 3580 1541 3623 non
1566 3562 1602 3622 de
1627 3577 1696 3622 cor-

337 3671 411 3733 pore
430 3653 491 3713 sed
515 3652 552 3714 dc
575 3653 672 3732 figura
695 3660 727 3713 et
750 3654 999 3716 conforrnatione.
1226 3719 1232 3732 ,

426 3739 563 3802 XXXII.
600 3740 796 3804 Definitio.
839 3741 930 3804 Parvi
953 3741 1056 3804 circuli
1080 3739 1256 3801 convexitas
1280 3743 1333 3800 aut
1356 3738 1473 3801 cavitas
1497 3745 1546 3801 est
1569 3753 1695 3819 magua;

340 3847 443 3909 magur
469 3847 574 3909 parva.

428 3917 582 3981 XXXIII.
628 3918 879 3980 Postulatum.
926 3918 970 3980 Ut
997 3915 1141 3989 convexi,
1174 3913 1298 3976 concavi
1329 3914 1378 3976 vel
1407 3915 1493 3977 ruisti
1524 3913 1696 3993 superficies

342 4014 468 4086 utraque
492 4016 627 4069 centrum
650 4007 697 4069 sui
720 4007 822 4070 circuli
845 4005 957 4068 habeat
980 4006 1009 4067 in
1033 4005 1138 4067 eadem
1163 4004 1252 4074 linea,
1277 4023 1353 4085 quae
1376 4022 1431 4082 per
1454 4003 1582 4065 medium
1605 4001 1696 4065 lentis

341 4095 513 4158 umbilicum
539 4102 687 4158 trauseat.

809 4223 810 4228 ¹
835 4235 963 4297 Lentis
995 4251 1205 4294 concursus.

429 4357 581 4420 XXXIV.
628 4357 851 4439 Propositio.
900 4355 933 4419 Si
956 4365 1100 4438 puuctum
1123 4354 1218 4417 mittit
1246 4352 1410 4433 parallelos
1435 4354 1464 4412 ln
1488 4353 1600 4414 lentem
1624 4371 1695 4414 con-

340 4467 448 4512 vexam
480 4446 628 4527 portionis
656 4447 779 4508 miuoris
813 4465 900 4527 quam
931 4454 1002 4507 sunt
1025 4442 1087 4508 30⁰
1115 4442 1403 4524 perpendiculariter
1436 4440 1605 4520 objectam,
1639 4439 1695 4503 etsi

339 4539 413 4600 nihil
440 4543 600 4616 praeterea
631 4536 751 4597 accidat
782 4535 890 4608 radiis,
926 4553 1015 4614 quam
1043 4535 1123 4613 quod
1145 4533 1174 4593 iu
1203 4533 1341 4610 ingressu
1372 4529 1593 4609 refringuutur‚
1627 4533 1702 4592 tunc'

341 4632 482 4690 manente
506 4625 569 4686 solo
594 4622 645 4685 illo
674 4623 758 4686 radio
789 4623 963 4696 irrefracto‚
994 4623 1041 4702 qui
1065 4640 1119 4701 per
1143 4629 1278 4682 centrum
1310 4619 1420 4680 transit
1453 4619 1600 4699 sphaerae
1624 4639 1694 4700 per-

340 4713 576 4796 pendiculariter
598 4712 733 4776 incidens
756 4712 785 4773 in
811 4711 1011 4794 superficiem,
1043 4709 1137 4772 ceteri
1170 4707 1380 4770 refractionem
1404 4705 1489 4787 passi
1520 4714 1697 4771 concurrunt

342 4821 409 4866 cum
430 4799 671 4884 perpendiculari
696 4809 765 4880 post
788 4799 1069 4878 sesquidiametrum
1092 4797 1242 4880 sphaerae
1264 4796 1394 4859 circiter.
