3684 5518
761 305 843 369 Caput
860 305 904 355 rr.
926 306 950 355 e.
1040 335 1043 340 -
1470 291 1532 372 1‘97

185 481 296 560 ipsius
320 480 435 542 etiam
457 481 574 542 medii.
619 479 694 544 Oum
719 482 801 548 enirn.
821 481 962 544 retractio
986 482 1027 542 sit
1051 490 1149 544 motus
1174 483 1309 557 affectus,
1335 503 1401 546 cum
1427 485 1478 547 lux
1502 485 1530 546 in

184 569 364 649 superficiem
390 569 534 632 densioris
559 570 649 632 medii
673 571 847 650 impingitur
871 579 902 630 et
926 571 1098 650 superficies
1121 571 1160 629 ob
1185 569 1301 633 infinita
1329 581 1441 652 puncta
1465 581 1529 635 ter-

182 659 269 721 minet
296 677 351 720 sen
380 659 477 738 magis
504 658 553 721 hic
586 658 699 721 afficiat
727 669 830 721 motus
859 658 989 720 infinitos
1022 659 1202 721 infinitorum
1237 660 1312 721 lucis
1344 671 1530 740 punctorum,

180 746 323 826 suscipiat
352 765 423 809 vero
451 747 506 810 hoo
534 757 673 828 respectu
706 747 977 810 considerationem
1011 746 1188 821 densitatis,
1222 765 1279 809 non
1310 749 1406 812 minus
1442 771 1530 831 quam

180 837 244 916 ipsa
257 836 456 916 corpulentia,
480 835 548 915 plus
562 837 654 916 igitur
678 836 800 911 alliciet,
824 837 849 898 si
865 836 994 916 quodam
1013 843 1152 916 respectu
1170 836 1226 898 luci
1247 837 1367 899 densior
1381 847 1528 912 occurrat.

179 925 306 988 Densior
328 943 401 986 vero
425 924 554 987 occurrit
577 926 635 988 luci
659 943 697 986 ex
720 925 849 1006 obliquo.
897 923 946 986 Sit
1183 959 1236 1024 rig.
1259 957 1299 1007 70.
1331 931 1333 941 '

178 1015 206 1075 Α
229 1013 290 1082 lux,
313 1012 367 1075 BC
392 1013 520 1076 medium
545 1015 682 1088 densius,
697 1014 774 1088 AB,
799 1015 863 1075 KM
886 1032 944 1092 pa·

178 1102 272 1164 ralleli
296 1103 344 1164 vel
374 1103 459 1182 quasi
487 1123 525 1165 ex
549 1103 635 1172 Sole,
667 1103 815 1165 distantia
843 1121 943 1163 eorum

178 1192 205 1252 in
235 1191 475 1271 perpendiculari
502 1193 573 1254 ML.
629 1191 705 1254 Cum
735 1192 826 1272 igitur
855 1191 944 1252 BLM

176 1289 276 1342 rectus
300 1280 342 1342 sit
360 1287 392 1340 et
406 1280 494 1342 LBM
518 1291 646 1360 ponatur
666 1280 802 1360 obliquus
826 1287 943 1353 acutus,
1044 1320 1053 1327 -

177 1369 234 1432 erit
256 1367 348 1470 igitur
366 1369 455 1431 LBM
478 1370 574 1431 minor
598 1389 690 1450 quam
705 1365 803 1442 BLM,
828 1377 860 1430 et
883 1369 1000 1430 LM

177 1459 256 1518 latus
295 1458 401 1519 minori
439 1458 548 1538 angulo
582 1460 607 1520 B
640 1458 809 1562 oppositum
847 1459 942 1519 minus
1145 1477 1149 1485 ’

177 1548 233 1608 erit
251 1546 313 1608 ΒΜ
328 1547 432 1622 latere,
454 1549 531 1627 quod
549 1549 608 1627 maj
613 1548 655 1611 ori
676 1548 785 1627 angulo
801 1548 827 1608 L
846 1565 942 1626 oppo-

177 1636 264 1696 nitur.
312 1633 375 1696 Sed
398 1595 460 1697 L'M
490 1637 613 1699 metitur
643 1636 833 1698 latitudinem
861 1633 951 1696 medii
980 1639 1164 1702 occurrentis
1195 1639 1253 1701 luci
1276 1647 1358 1716 recte
1389 1639 1528 1720 illapsae,

176 1725 244 1803 quia
267 1723 357 1785 BLM
385 1733 433 1786 est
466 1733 580 1799 rectus,
613 1725 676 1786 ΒΜ
706 1743 775 1786 vero
808 1723 996 1788 latitudinem
1029 1729 1214 1790 occurrentis
1244 1727 1302 1790 luci
1331 1747 1368 1789 ex
1397 1729 1527 1809 obliquo.

176 1813 248 1874 Plus
278 1811 369 1892 igitur
398 1811 561 1876 densitatis
590 1810 672 1875 est
665 1834 694 1875 m
722 1813 784 1874 ΒΜ
813 1833 901 1893 quam
930 1812 958 1873 in
988 1816 1058 1876 LM.
1106 1817 1207 1897 MaJor
1237 1815 1329 1896 igitur
1355 1816 1530 1879 resistentia

177 1901 232 1962 hoc
255 1908 404 1980 respectu.
955 1947 957 1950 -
1459 1937 1461 1942 .

262 1987 476 2069 Propositio
509 1991 566 2052 Ill.
622 1991 906 2053 Retractiouum
943 1939 1071 2070 anguli
1109 2001 1286 2057 crescunt
1323 1993 1529 2073 majoribus

176 2079 357 2141 rationum
390 2079 649 2154 incrementis,
685 2099 786 2160 quam
819 2079 1028 2160 obliquitas
1063 2081 1307 2144 incidentiae.
1363 2082 1443 2144 Nam
1475 2099 1529 2161 per

175 2167 287 2247 primae
311 2168 509 2237 corollarium,
534 2169 560 2229 si
581 2169 672 2250 etiam
693 2169 759 2230 sola
783 2169 988 2231 consideretur
1010 2169 1156 2247 densitas,
1181 2178 1269 2233 eruut
1288 2171 1390 2250 anguli
1414 2171 1530 2232 retrac-
1554 2243 1560 2258 ἢ

176 2257 287 2318 tionum
321 2256 562 2336 proportionales
581 2257 775 2318 'incidentiis
822 2257 892 2318 Jam
926 2276 996 2319 vero
1029 2277 1083 2339 per
1107 2259 1269 2322 secundam
1300 2259 1408 2320 miscet
1436 2277 1468 2320 se
1498 2267 1530 2320 et

174 2346 327 2424 proportio
358 2346 418 2406 LM
449 2345 488 2406 ad
511 2345 583 2406 ΜΒ.
630 2344 827 2426 componitur
860 2365 930 2424 ergo
965 2347 1091 2427 angulus
1124 2347 1314 2411 retractionis
1349 2367 1385 2409 ex
1418 2347 1528 2426 aliquo,

175 2435 250 2513 quod
275 2443 324 2494 est
344 2433 570 2513 proportionale
599 2434 783 2510 incidentiis,
809 2443 841 2496 et
864 2435 978 2516 aliquo,
1010 2438 1089 2516 quod
1113 2445 1160 2499 est
1188 2436 1412 2516 proportionale
1441 2435 1530 2497 lineis

175 2523 242 2584 ΒΜ.
291 2525 337 2584 At
365 2522 462 2585 lineae
490 2522 552 2583 ΒΜ
580 2531 719 2584 crescunt
747 2523 831 2585 initio
860 2543 980 2603 parum,
1011 2525 1039 2585 in
1069 2525 1173 2588 humili
1200 2525 1363 2586 incidentia
1391 2531 1530 2586 crescunt

176 2612 334 2685 multum,
352 2619 386 2673 nt
416 2612 549 2673 ostendit
573 2612 678 2673 tabula
710 2613 894 2682 secantium,
930 2613 980 2674 ubi
1014 2615 1190 2695 aequalibus
1227 2613 1371 2694 gradibus
1409 2631 1529 2692 semper

175 2701 301 2780 maj0res
327 2708 416 2782 atque
440 2700 571 2779 majores
595 2709 735 2762 secantes
760 2702 951 2781 respondent
990 2701 1072 2783 Ergo
1094 2721 1166 2784 pars
1191 2703 1292 2780 anguli
1316 2701 1530 2764 retractiouum

174 2789 418 2891 proportionetur
435 2789 616 2862 incidentiis,
641 2809 712 2869 pars
732 2790 895 2870 majoribus
916 2791 1042 2854 rationis
1063 2789 1255 2854 incrementis
1276 2791 1529 2852 nesciemus

175 2877 265 2956 igitur
289 2878 417 2956 angulus
441 2879 605 2957 majoribus
629 2879 820 2940 incrementis
844 2880 964 2941 crescit.

261 2965 482 3046 Propositio
515 2967 570 3028 IV.
621 2969 728 3029 Lucis
761 2969 891 3030 tenuis
924 2977 962 3030 et
994 2968 1085 3030 lucis
1119 2967 1305 3029 densioris
1337 2966 1438 3028 nulla
1471 2973 1530 3027 est

173 3054 398 3117 differentia
421 3055 685 3131 retractionis,
711 3057 851 3118 ceteris
873 3057 1034 3137 paribus.
1071 3057 1150 3120 Nam
1173 3057 1200 3118 si
1224 3074 1299 3134 quae
1323 3055 1439 3116 tenuior
1461 3056 1530 3134 plus

174 3145 344 3206 sinceretur
368 3145 506 3206 emedio
531 3145 676 3220 densiori,
707 3145 849 3206 retractio
873 3154 957 3208 esset
985 3147 1111 3208 allectus
1135 3165 1195 3207 non
1219 3151 1331 3218 motus,
1357 3144 1443 3205 sed'
1435 3144 1530 3224 rpsius

174 3233 247 3294 lucis
272 3252 366 3293 causa
384 3252 456 3294 suae
482 3234 644 3304 essentiae.
682 3235 727 3296 At
750 3234 893 3296 retractio
914 3243 963 3296 est
982 3235 1188 3297 tantummodo
1207 3241 1306 3295 motus
1331 3232 1529 3314 dispersionis

175 3321 329 3382 diminutio
353 3341 407 3382 seu
430 3321 582 3396 inhibitio,
609 3330 641 3384 et
668 3329 767 3384 motus
790 3324 838 3385 bic
867 3324 964 3385 nullos
992 3322 1103 3402 accipit
1131 3324 1236 3385 modos
1261 3344 1280 3382 a
1302 3321 1458 3404 densitate
1480 3322 1529 3384 vel

176 3411 324 3471 tenuitate
358 3411 441 3487 locis,
467 3411 495 3472 h.
521 3431 548 3472 e.
580 3411 619 3472 ab
643 3413 708 3490 ejus
742 3411 915 3474 tortitudine
946 3413 993 3474 vel
1018 3411 1190 3486 debilitate,
1223 3409 1448 3491 propinquitate
1481 3410 1530 3472 vel

175 3499 353 3573 remotione,
379 3518 445 3561 cunr
469 3501 564 3560 omnis
589 3501 706 3561 omnino
736 3509 834 3562 motus
858 3501 933 3564 lucis
957 3501 998 3562 sit
1025 3501 1198 3562 celerrimus
1223 3508 1256 3561 et
1277 3501 1367 3580 plane
1391 3517 1529 3561 momen·

175 3595 291 3649 tabens.
330 3587 412 3667 Ergo
436 3589 577 3650 retractio
602 3588 675 3650 nibil
695 3589 886 3652 adebilitate
911 3590 986 3651 lucis
1008 3591 1154 3651 variatur.
1192 3588 1290 3667 Hujus
1313 3586 1530 3668 propositionis

175 3677 218 3737 ris
242 3677 273 3737 in
304 3677 440 3757 exemplo
469 3677 567 3757 magis
597 3686 644 3739 est
675 3673 854 3757 conspicua,
883 3679 924 3740 sit
952 3684 1096 3758 punctum
1125 3677 1248 3740 radians
1276 3677 1306 3738 in
1335 3675 1530 3755 praecedenti

174 3765 335 3838 schemate,¹
349 3765 378 3828 in
395 3766 432 3841 A,
458 3767 630 3845 superficies
655 3767 745 3845 igitur
768 3766 859 3829 medii
882 3767 1053 3848 intercepta
1071 3767 1150 3830 inter
1165 3763 1221 3829 ΔΟ
1242 3763 1528 3844 perpendicularem,

174 3861 204 3914 et
233 3853 290 3914 AB
325 3854 477 3933 obliquam
510 3855 709 3918 radiationem
742 3864 988 3936 repraesentatur
1017 3853 1122 3917 aBC.
1169 3853 1241 3916 Jam
1273 3853 1302 3914 in
1333 3852 1440 3914 eadem
1471 3850 1529 3913 AB

173 3941 341 4005 radiatione
370 3943 400 4004 Α
429 3944 596 4006 descendat
623 3941 652 4005 in
683 3943 722 4018 S,
757 3953 788 4006 et
821 3944 954 4008 demissa
985 3940 1224 4024 perpendiculari
1257 3940 1353 4012 minor
1386 3941 1444 4002 erit
1472 3939 1529 4000 BN

174 4051 261 4112 quam
284 4030 360 4107 Bc,
384 4033 437 4093 sed
461 4033 518 4095 BN
541 4040 755 4112 repraesentat
778 4032 963 4114 superficiem
991 4034 1190 4112 interceptam
1218 4030 1297 4092 inter
1320 4029 1373 4092 SN
1396 4046 1528 4108 perpen-

175 4119 337 4183 dicularem
368 4129 400 4183 et
427 4121 477 4185 SB
511 4122 662 4204 obliquam
694 4123 916 4198 radiationem;
951 4131 1057 4202 estque
1085 4121 1116 4183 in
1145 4121 1201 4184 BN
1234 4118 1413 4180 tantundem
1442 4116 1528 4192 lucis,

175 4218 317 4288 quantum
346 4210 428 4290 prius
452 4211 482 4272 in
505 4209 559 4276 Bc
588 4211 709 4289 majori,
744 4231 811 4274 cum
843 4220 986 4291 punctum
1013 4211 1043 4272 A
1073 4217 1155 4272 esset
1186 4208 1340 4271 remotius.
1387 4204 1422 4267 Si
1446 4223 1528 4285 ergo,

175 4297 242 4376 quia
265 4300 384 4360 tenuior
407 4307 456 4360 est
478 4300 529 4361 lux
560 4299 653 4380 ipsius
678 4301 707 4362 A
731 4301 761 4362 in
785 4299 854 4370 ΒΟ,
880 4320 968 4382 quam
998 4300 1093 4380 ipsius
1119 4297 1141 4360 S
1166 4298 1195 4359 in
1218 4297 1291 4371 BN,
1322 4301 1408 4356 tanto
1432 4293 1529 4373 magis

176 4385 264 4448 etiam
298 4387 535 4468 refringeretur:
570 4407 641 4469 ergo
672 4389 701 4450 in
736 4388 841 4450 eadem
874 4389 1039 4451 incidentia
1062 4389 1119 4450 AB
1149 4387 1287 4449 diversae
1320 4383 1531 4462 contingerent

175 4476 372 4538 retractiones
388 4478 427 4538 ab
451 4479 555 4540 eodem
578 4477 684 4553 medio,
709 4497 763 4556 pro
788 4497 912 4540 accessu
931 4479 979 4539 vel
1003 4497 1125 4539 recessu
1148 4476 1243 4555 ipsius
1258 4475 1288 4536 A
1312 4473 1340 4534 in
1365 4473 1445 4533 linea
1459 4473 1527 4534 AB.

178 4564 210 4626 ld
239 4574 340 4626 autem
374 4567 577 4647 experientiae
611 4575 768 4645 repugnat.
817 4567 957 4629 Omnium
986 4567 1064 4628 euim
1096 4564 1239 4627 luminum
1268 4571 1330 4624 tam
1364 4559 1528 4642 appropin-

177 4655 328 4732 quantium
354 4673 444 4734 quam
472 4656 689 4718 discedentium
715 4655 791 4718 radii
820 4657 924 4718 ecdem
949 4656 1059 4735 angulo
1083 4654 1112 4715 in
1142 4652 1275 4732 ejusdem
1306 4649 1396 4712 medii
1420 4667 1528 4728 super-

177 4742 268 4804 ficiem
300 4742 403 4823 illapsi
441 4745 546 4806 eodem
577 4744 686 4824 angulo
715 4744 923 4824 infringuntur.
971 4747 1006 4806 ld
1026 4745 1058 4818 in
1088 4761 1183 4822 aqua,
1215 4740 1299 4820 cujus
1330 4738 1528 4801 retractiones
