3718 5528
299 277 366 346 330
469 227 471 231 v
790 272 1043 347 aeconomiasfl’ara
1061 281 1160 346 opens.

390 457 582 519 Manentibus
612 456 689 518 enim
718 459 828 520 ceteris
857 465 888 520 et
920 456 980 519 GH
1013 457 1185 537 eclipticam
1215 473 1318 516 veram
1345 460 1596 534 repraesentante
1623 472 1663 516 ex

302 546 331 608 A
355 554 459 608 centro
484 546 605 613 Terrae,
630 545 673 606 lK
697 565 769 608 vero
792 545 941 608 visibilem
966 565 1004 606 ex
1026 547 1052 606 Β
1077 547 1142 608 loco
1166 545 1197 606 iu
1221 543 1393 624 superficie,
1418 544 1460 604 sit
1481 543 1570 606 Luna
1592 542 1624 604 iu
1648 543 1662 606 l

301 636 352 706 vel
375 634 413 708 K,
440 635 483 697 sic
506 642 540 695 ιιι
563 642 718 712 spectetur
742 653 779 695 ex
802 635 829 696 B
853 633 941 696 lineis
955 634 1009 708 BI,
1032 634 1091 696 ΒΚ
1113 635 1144 696 in
1168 634 1309 714 ecliptica
1327 632 1474 713 siquidem
1489 631 1660 694 visibiliter.

304 722 380 786 Cum
405 741 475 803 ergo
498 721 551 796 Al,
577 722 638 784 ΑΚ
660 731 811 802 ponantur
844 723 1002 804 aequales,
1035 731 1068 784 et
1090 723 1164 784 IBK
1188 723 1229 784 sit
1251 741 1312 784 nna
1334 729 1430 794 recta,
1464 730 1553 784 erunt
1575 718 1663 792 AJK,

303 812 379 874 AKI
412 820 443 874 ει
475 830 577 873 οιιιιιεε
601 811 632 873 bi
656 813 773 893 anguli,
807 831 873 874 cum
905 812 997 893 plano
1029 831 1084 892 per
1111 812 1158 874 IK
1190 820 1292 874 erecto
1325 810 1501 885 constituti,
1534 809 1664 872 invicem

304 901 456 980 aequales.
503 903 548 962 At
571 899 601 962 hi
625 909 858 980 repraesentant
889 901 1060 983 parallaxiu
1091 901 1277 975 latitudinis,
1311 900 1381 980 quia
1402 900 1430 962 B
1453 900 1537 963 locus
1561 905 1609 962 est
1632 898 1664 960 iu

303 991 393 1070 plano
417 989 520 1052 circuli
544 989 723 1053 latitudinis.

393 1094 520 1171 Quarto,
546 1096 640 1176 qnod
662 1093 909 1177 longitudinis
933 1095 1143 1173 parallaxiu
1168 1095 1293 1168 attinet,
1318 1099 1538 1156 connectantur
1561 1090 1597 1167 Ο,
1622 1091 1660 1156 Ε.

303 1185 345 1247 Ει
368 1186 409 1247 εἰι
427 1187 491 1266 jam
517 1182 598 1247 OBL
621 1193 732 1260 rectus,
758 1186 816 1248 erit
838 1191 870 1246 et
893 1181 963 1245 OBl
987 1193 1098 1258 rectus,
1123 1182 1194 1265 quia
1209 1182 1262 1246 ΟΒ
1286 1191 1335 1245 εει
1357 1183 1387 1244 in
1411 1183 1502 1263 plano
1523 1182 1563 1244 ad
1577 1181 1664 1244 ΑΒΕ

304 1275 426 1355 planum
457 1283 549 1337 recto.
596 1273 664 1337 Erit
693 1274 786 1354 igitur
814 1270 898 1337 Acts
930 1273 1096 1352 parallaxis
1130 1280 1244 1354 quanta
1277 1281 1325 1334 est
1357 1272 1485 1334 omnium
1517 1271 1660 1345 maxima,

306 1364 460 1426 occidente
484 1364 570 1425 Luna
603 1365 642 1426 ad
675 1365 788 1436 visum,
821 1380 915 1443 eaque
938 1363 968 1424 in
999 1361 1110 1424 circulo
1138 1361 1276 1424 verticuli
1300 1379 1352 1423 seu
1375 1362 1572 1440 μηκοιιλαπις.
1618 1359 1662 1422 Ει

306 1454 376 1534 quia
400 1451 486 1514 ΟΕΑ
509 1459 610 1514 rectus
644 1455 707 1527 (est
737 1453 814 1514 enim
842 1453 907 1532 jam
932 1449 957 1512 Ο
981 1450 1125 1531 inplano
1149 1449 1224 1514 ΙΟΚ
1248 1450 1431 1530 adplenum
1455 1449 1540 1512 ΑΒΕ
1562 1449 1663 1524 recto)

306 1551 338 1607 ει
360 1539 445 1604 ΑΟΕ
468 1541 634 1621 parallexis
657 1542 838 1616 latitudinis,
863 1540 1015 1602 eritECB
1031 1539 1226 1619 longitudinis
1250 1539 1280 1601 in
1302 1539 1467 1614 horizonte,
1492 1535 1662 1620 quiaBEA

305 1639 416 1695 rectus.
455 1631 499 1692 Ut
523 1638 623 1693 autem
646 1633 728 1692 sinus
752 1638 836 1693 totus
859 1630 898 1690 ad
922 1631 1019 1692 sinum
1042 1629 1206 1691 distantiae
1230 1627 1333 1690 zeuith
1357 1651 1375 1690 a
1397 1629 1467 1710 polo
1492 1628 1663 1707 eclipticas,

304 1721 348 1783 ita
371 1720 428 1782 AB
453 1719 535 1781 sinus
558 1720 725 1800 parallauis
748 1719 855 1782 totalis
878 1719 908 1780 iu
931 1719 1086 1780 horizonte
1111 1719 1149 1780 ad
1172 1717 1226 1780 ΒΕ
1251 1717 1348 1779 εἰιιιιιιι
1371 1717 1536 1798 parallaxis
1561 1716 1663 1795 longi·

305 1809 418 1872 tudinis
442 1808 472 1870 in
496 1807 662 1870 horizonte.
709 1805 772 1871 Sed
795 1809 887 1871 etiam
911 1815 943 1869 ut
967 1805 1022 1869 ΟΕ
1052 1808 1091 1870 ad
1122 1808 1219 1870 sinum
1251 1807 1353 1886 auguli
1377 1803 1476 1878 ΟΒΕ,
1508 1805 1557 1868 vel
1581 1803 1663 1880 ΟΒΙ,

306 1897 481 1961 distantiam
498 1897 602 1958 Lunae
627 1919 646 1959 a
669 1900 863 1977 nonagesimo
887 1897 1036 1958 visibilem
1060 1907 1339 1978 quantamcumque,
1365 1896 1409 1959 sic
1432 1893 1488 1956 ΒΕ
1511 1895 1551 1957 ad
1565 1895 1664 1957 sinum

306 1988 408 2067 anguli
421 1984 504 2048 ΒΟΕ
523 2004 576 2047 seu
594 1986 763 2066 parallaxin
782 1986 977 2066 longitudinis
999 1987 1217 2065 respondentis,
1239 1986 1326 2066 idque
1347 2005 1386 2046 ex
1405 1984 1542 2046 doctrina
1563 1983 1664 2046 triau-

306 2077 452 2156 gulorum.
499 2074 610 2153 Igitur,
646 2075 743 2154 quoad
771 2094 959 2155 processum,
985 2093 1022 2136 ex
1044 2075 1205 2157 hypothesi
1233 2083 1366 2138 motuum
1390 2073 1552 2136 Lunariom
1575 2074 1667 2136 datur

306 2163 461 2244 proportio
485 2160 542 2225 ΑΟ
567 2164 605 2224 ad
629 2165 696 2225 AB.
743 2163 792 2226 Ex
815 2165 976 2226 altitudine
1000 2183 1072 2227 vero
1096 2163 1283 2244 nonagesimi
1307 2181 1360 2243 per
1384 2163 1551 2226 doctrinam
1572 2161 1665 2242 primi

305 2251 426 2314 mobilis
456 2271 510 2314 seu
537 2251 674 2314 tabulam
699 2250 858 2332 Oopernici
891 2253 942 2314 fol.
966 2247 1036 2328 42„
1063 2254 1152 2316 datur
1174 2253 1232 2314 ΑΕ
1256 2260 1289 2314 ει
1309 2251 1404 2322 ΑΙΕ,
1437 2252 1591 2332 operando
1614 2251 1665 2313 vel

306 2359 360 2421 per
383 2340 466 2402 sinus
481 2340 529 2401 vel
550 2359 604 2420 per
623 2341 758 2403 tabulam
773 2341 924 2423 Tychonis
938 2342 1167 2421 parallacticam
1188 2342 1240 2404 iol.
1259 2340 1663 2423 120.Progymnas1natnm.

306 2428 348 2491 Et
372 2429 441 2509 quia
463 2426 548 2491 ΑΕΟ
572 2437 673 2492 rectus
696 2439 730 2492 ut
753 2439 784 2492 et
807 2431 902 2506 ΑΕΒ,
927 2440 959 2492 ει
980 2428 1076 2506 ΑΟΕ,
1101 2431 1175 2494 ΑΙΕ
1199 2431 1359 2511 aequales,
1383 2431 1452 2492 ideo
1476 2430 1586 2493 dantur
1607 2427 1664 2492 ΕΟ

307 2527 339 2579 ει
353 2519 417 2580 ΕΒ.
446 2519 489 2580 Ει
511 2518 581 2600 quia
605 2516 687 2582 ΟΒΕ
710 2527 821 2595 ιεειιιε,
847 2521 937 2582 datur
959 2519 1028 2583 hinc
1052 2530 1083 2583 et
1105 2539 1160 2601 per
1184 2517 1255 2582 OBI
1276 2519 1443 2601 parallaris
1468 2519 1665 2600 longitudinis

306 2604 389 2672 ΒΟΕ
422 2608 461 2669 ad
493 2626 699 2690 quamcunque
732 2601 988 2684 altitudinem.⁸⁷)
1035 2608 1116 2680 Quia
1147 2627 1219 2671 vero
1243 2609 1299 2672 ΔΟ
1332 2615 1380 2670 εει
1410 2607 1518 2688 exiguo
1548 2607 1666 2688 longior

309 2715 397 2776 quam
410 2694 476 2772 ΕΟ,
500 2697 758 2777 operaepretium
781 2717 899 2760 rursum
923 2704 971 2760 est
994 2698 1112 2774 videre,
1137 2705 1267 2778 quantus
1290 2714 1374 2760 error
1396 2697 1614 2767 committatur,
1638 2695 1666 2758 si

307 2783 364 2848 ΔΟ
395 2804 450 2865 pro
473 2785 528 2849 ΕΟ
561 2795 729 2866 usurpetur.
775 2787 906 2850 Rursum
939 2794 1057 2862 antem,
1092 2787 1210 2867 quaudo
1233 2787 1287 2849 BF
1314 2794 1364 2848 eet
1385 2781 1464 2862 45⁰,
1499 2805 1583 2850 error
1615 2792 1667 2847 est

307 2876 466 2938 maximus.
511 2875 592 2938 Nam
616 2876 691 2938 siB
715 2876 809 2938 sitin
834 2877 883 2952 M,
917 2885 988 2938 tnnc
1010 2875 1065 2939 ΕΟ
1099 2885 1131 2939 ει
1159 2874 1215 2939 ΑΟ
1246 2875 1428 2938 coincidunt.
1475 2873 1530 2937 Sin
1561 2881 1665 2938 antem

308 2964 338 3025 in
362 2966 396 3038 F,
421 2972 493 3026 tuuc
517 2965 600 3026 uulls
623 2971 672 3026 est
694 2965 860 3043 parallaxis
885 2964 1089 3044 longitudinis.
1138 2964 1188 3028 Sit
1210 2965 1256 3028 Al
1279 2961 1323 3028 54
1346 2964 1575 3034 semidiametri,
1607 2961 1667 3025 erit

306 3053 379 3114 ΑΙΕ
402 3049 458 3115 45’
486 3050 536 3114 i“.
571 3051 673 3124 Quare
695 3051 739 3114 El
763 3053 812 3116 vel
833 3051 887 3115 ΕΟ
913 3048 1077 3117 5399532.
1110 3052 1195 3126 Quae
1219 3054 1300 3116 linea
1322 3072 1390 3116 cum
1412 3052 1466 3115 ΕΒ
1491 3073 1549 3116 nou
1573 3049 1664 3116 dimi-

307 3140 388 3202 dium
411 3142 573 3204 secundum
598 3143 771 3206 foeneratur
794 3143 904 3223 angulo
927 3139 1019 3218 ΕΟΒ,
1044 3160 1133 3223 quam
1157 3142 1184 3204 si
1206 3141 1274 3218 AO,
1300 3150 1332 3204 et
1354 3161 1408 3223 pro
1422 3139 1506 3206 ΕΟΒ
1521 3142 1665 3223 angulum

307 3226 393 3290 ACD
418 3228 666 3294 adhibuissemus.
682 3223 727 3305 ⁸⁸)

395 3317 439 3378 Et
461 3318 535 3399 quia·
554 3319 705 3400 Tychouis
729 3318 835 3381 tabula
856 3337 1020 3399 paucarum
1043 3326 1091 3381 εει
1118 3319 1336 3393 columnarum,
1365 3338 1419 3381 nec
1442 3337 1497 3399 per
1524 3317 1667 3382 absoluta

306 3406 403 3488 prima
418 3409 558 3487 scrupula
576 3409 697 3482 incedit,
713 3409 766 3469 sed
788 3409 968 3488 appendices
990 3407 1184 3471 secundorum
1204 3409 1299 3471 habet
1312 3407 1404 3470 etiam
1418 3409 1449 3470 iu
1464 3407 1578 3482 houte3
1601 3415 1667 3470 tum

307 3495 409 3571 etiam,
433 3495 504 3577 qnia
526 3496 556 3557 in
575 3515 642 3557 eam
666 3498 699 3559 fit
717 3496 871 3578 ingressus
889 3495 1008 3576 proprie
1031 3515 1085 3576 per
1102 3514 1191 3559 veras
1212 3497 1398 3572 altitudines,
1420 3513 1477 3558 nos
1495 3515 1573 3559 vero
1586 3495 1663 3558 visis

306 3585 490 3665 indigemus:
525 3583 651 3666 deniqne
679 3585 749 3667 qnia
777 3584 807 3647 in
840 3587 976 3666 margine
1004 3585 1097 3648 habet
1125 3605 1184 3648 uon
1215 3587 1380 3648 distantias
1404 3585 1575 3661 avertice,
1609 3586 1665 3646 sed

306 3674 495 3749 altitudines,
531 3693 680 3754 quaeres
704 3673 908 3737 confusionem
940 3673 1027 3736 nobis
1059 3681 1195 3755 pareret,
1228 3674 1276 3737 his
1300 3676 1338 3736 de
1361 3673 1463 3737 causis
1486 3674 1590 3737 addidi
1611 3673 1663 3736 hic

305 3763 443 3827 tabulam
465 3763 661 3844 purallaxeon
684 3763 938 3827 universaliorem.
952 3756 997 3836 8ἰ

394 3853 473 3915 Hinc
487 3862 680 3934 praeceptum
696 3853 767 3915 tale.
791 3863 857 3918 Per
873 3861 1068 3919 doctrinam
1082 3861 1183 3934 primi
1198 3863 1339 3918 mobilis
1354 3867 1519 3933 computa
1531 3862 1665 3918 distau-

305 3945 394 3999 tiam
414 3943 636 4015 nonagesimi
655 3946 789 4016 gradus
805 3943 1008 3999 etrerticis
1030 3942 1178 4015 ejusque
1198 3943 1503 4014 complementum,
1523 3943 1589 3996 hoc
1608 3949 1667 3998 est

306 4024 536 4080 altitudinem
549 4023 787 4095 nonagesimi,
803 4041 864 4078 seu
879 4024 1047 4097 angulum
1061 4024 1156 4078 inter
1169 4023 1375 4093 eclipticam
1388 4027 1425 4077 et
1437 4023 1665 4078 horizontem.

304 4105 386 4160 Hunc
406 4105 515 4176 quidem
534 4104 620 4159 etiam
640 4105 742 4159 tabula
755 4103 899 4176 Copemici
920 4105 968 4160 iol.
983 4103 1032 4160 42.
1054 4104 1173 4160 exhibet
1192 4103 1323 4160 crassiori
1335 4103 1480 4167 itinerum
1501 4103 1579 4158 illem
1597 4117 1666 4156 vero

303 4185 453 4240 Reinholdi
472 4185 681 4255 parallaeticae,
702 4185 914 4240 Prutenioarum
934 4185 982 4240 iol.
1005 4185 1052 4242 99.
1075 4191 1106 4240 ει
1126 4201 1202 4255 seqq.
1228 4187 1265 4238 ad
1293 4182 1375 4238 initia
1401 4183 1543 4256 signorum
1563 4189 1593 4236 et
1613 4181 1665 4236 ali·

305 4272 373 4336 quot
392 4265 451 4334 poli
472 4263 641 4320 altitudines.
683 4265 767 4319 Inde
788 4282 847 4335 per
875 4264 1091 4320 distantiam
1117 4264 1339 4335 nonagesimi
1360 4263 1537 4318 avertice
1563 4263 1665 4318 tabu·

304 4345 370 4399 lam
391 4350 553 4400 nostram
572 4344 849 4414 parallacticam
869 4345 1058 4417 ingredere
1073 4343 1282 4416 margine,
1304 4343 1564 4414 permaximam
1583 4357 1666 4398 vero

306 4423 432 4480 sideris
451 4415 679 4495 parallaxin,
706 4441 808 4495 qnam
827 4425 861 4482 in
881 4425 1069 4480 horizonte
1100 4417 1250 4479 obtinet
1281 4421 1446 4492 (collocatur
1467 4429 1561 4478 autem
1581 4438 1617 4478 ea
1636 4419 1667 4476 in

306 4503 397 4558 fronte
418 4505 514 4560 statim
534 4505 586 4559 sub
607 4504 742 4559 distantia
762 4503 858 4558 sideris
880 4521 898 4558 a
918 4511 1012 4559 centro
1033 4500 1165 4572 Terrae),
1186 4503 1378 4574 ingredere
1399 4495 1418 4558 a
1437 4501 1568 4568 fronte,
1596 4500 1666 4574 pri·

306 4599 389 4638 mum
408 4602 472 4656 per
492 4583 638 4656 integra
657 4583 772 4654 prima
792 4584 980 4654 scrupula,
1002 4585 1125 4640 deinde
1145 4599 1205 4654 per
1227 4585 1400 4648 secunda,
1422 4583 1451 4638 si
1468 4583 1609 4650 adsint,
1631 4587 1668 4636 et

306 4679 390 4718 area
419 4663 613 4719 exhibebit
641 4663 859 4735 parallaxiu
887 4663 1109 4729 latitudinis,
1139 4663 1214 4718 illic
1234 4662 1409 4734 inprimis
1430 4667 1466 4718 et
1485 4661 1666 4728 secundia,

305 4740 363 4795 hic
383 4742 418 4797 in
439 4744 601 4799 secundis
623 4742 817 4809 ettertiie,
848 4742 900 4798 uti
928 4741 1011 4798 fieri
1041 4745 1137 4799 solet
1157 4741 1279 4798 iubis.
1322 4747 1415 4814 Atque
1434 4741 1586 4798 hacetum
1605 4753 1666 4796 σοι·

305 4819 466 4888 rectissime,
488 4837 549 4878 cum
568 4823 643 4878 sidus
664 4821 811 4878 visibiliter
831 4828 877 4878 est
896 4821 925 4878 in
945 4821 1090 4894 eohptica,
1112 4829 1144 4880 ut
1162 4823 1243 4894 Luna
1261 4821 1291 4878 in
1310 4821 1409 4894 eclipsi
1424 4821 1507 4880 Solis.
1542 4818 1666 4896 Longi·
