3476 5532
387 309 453 378 802
895 313 1084 368 Phneaomenon
1102 313 1224 381 singulare

386 491 599 574 proferuntque
623 492 721 554 locum
743 509 781 554 cx
808 492 970 554 canonibus
994 491 1156 558 Clementis
1179 491 1325 564 Romani,
1358 507 1483 572 qnorum
1514 487 1612 568 aliquos
1628 491 1668 570 Epi

386 581 514 663 phanias
538 587 694 662 suspectus
717 580 811 643 habet
833 578 985 644 novitatis.
1023 585 1085 648 Alii
1109 603 1145 646 ex
1169 581 1300 646 oratione
1324 581 1363 643 D.
1389 577 1589 662 Chrysostomi
1606 579 1633 640 de
1648 581 1668 640 di

387 670 492 735 Natali
516 670 711 732 recentiorem
739 671 852 732 faciunt
884 671 1027 752 originem
1061 672 1235 736 festivitatis
1257 669 1288 732 in
1310 666 1364 733 25.
1388 669 1532 732 Deccmh.
1572 667 1614 730 Sic
1631 670 1668 731 enin

387 759 570 832 existimant,
594 760 620 821 si
643 767 706 820 tam
729 759 852 842 antiqua
875 763 1057 826 consuetudo
1081 762 1195 836 fuisset,
1220 779 1278 822 non
1300 759 1452 821 dictorum
1475 757 1563 819 fnisse
1584 755 1668 838 Chryso

389 857 528 924 atomum,
551 867 582 910 se
607 847 689 924 illam
713 867 770 910 non
794 849 839 912 ita
866 850 1000 930 pridem,
1035 859 1104 913 aute
1129 869 1222 912 anuos
1246 849 1348 912 decem
1380 847 1515 921 scilicet,
1543 846 1668 908 aRonmi

387 945 543 1018 acceptam
572 937 863 1020 Constantinopolim
895 940 1065 1003 invexisse:
1105 958 1198 1020 neque
1231 956 1370 1000 ausurum
1406 937 1501 998 fnisse
1532 933 1668 1016 Epiphanio

391 1025 538 1092 affirmare
563 1027 660 1090 adhuc
684 1047 736 1089 suo
761 1048 844 1103 aevo,
871 1027 1023 1092 Christum
1047 1039 1149 1092 natum
1172 1025 1202 1092 6.
1226 1027 1373 1090 Jannarii.
1411 1026 1489 1087 'l'um
1512 1031 1601 1085 antem
1619 1043 1668 1103 appa

386 1135 451 1178 rere
483 1117 586 1188 facile,
619 1117 726 1196 quibus
758 1119 939 1198 argumentis
965 1117 1127 1200 Conceptio
1152 1117 1265 1182 Christi
1293 1117 1322 1178 in
1346 1115 1495 1178 Martium
1521 1113 1668 1186 incidenti

387 1207 431 1267 ita
453 1207 490 1268 de
514 1205 744 1268 auctoritatibus
767 1214 798 1268 et
817 1208 975 1269 traditione
999 1209 1116 1270 nonsit
1138 1226 1212 1288 opus
1236 1207 1378 1286 cogitare.
1414 1201 1494 1268 Cum
1517 1203 1588 1265 enim
1605 1205 1668 1282 legen

388 1295 495 1375 aliquis
510 1295 540 1357 in
553 1295 736 1375 Evangelio:
757 1313 877 1358 mense
901 1305 1017 1360 autem
1037 1305 1141 1360 sexto
1165 1296 1298 1358 missus
1322 1302 1380 1355 est
1404 1294 1555 1374 angelus
1573 1289 1668 1352 Gabris

389 1384 431 1446 ad
456 1383 660 1465 Virginem,
684 1404 740 1446 non
764 1385 898 1466 respexit
921 1388 958 1448 ad
980 1386 1212 1468 praecedentia:
1244 1383 1443 1446 Elisabeth
1477 1381 1644 1444 abscondit
1657 1401 1668 1441 s

387 1493 529 1536 menses
554 1473 722 1555 quinque,
747 1476 798 1536 sed
827 1477 945 1557 accepit
966 1477 1021 1538 hoc
1044 1476 1156 1538 dictum
1180 1474 1215 1536 de
1238 1473 1368 1536 Judaica
1395 1471 1476 1533 serie
1499 1471 1631 1541 mensium,
1646 1489 1668 1530 m

389 1584 409 1624 a
428 1563 524 1624 Nisan
548 1563 602 1625 sed
622 1563 743 1632 attan.
766 1565 844 1644 quod
867 1565 941 1627 illud
965 1566 1053 1627 fuerit
1076 1564 1191 1628 initium
1213 1563 1362 1624 vetustius
1378 1561 1450 1622 anni
1464 1559 1587 1622 Judaici.
1613 1561 1668 1637 ltaqr

389 1671 456 1714 cum
479 1652 565 1714 Adar
588 1652 629 1714 sit
651 1659 754 1714 sextus
778 1672 796 1714 a
819 1653 910 1724 Tisri‚
934 1655 1107 1717 convenerit
1128 1671 1198 1715 vero
1226 1671 1292 1714 cum
1314 1651 1428 1713 Martio
1452 1649 1592 1722 Romano,
1610 1647 1668 1708 llari

390 1760 492 1803 meuse
525 1741 653 1805 credidit
682 1741 805 1804 missum
837 1743 973 1822 angelum
1004 1746 1041 1807 ad
1074 1743 1228 1824 Virginem
1261 1759 1350 1820 snper
1382 1739 1575 1818 conceptione
1601 1735 1668 1799 Christ

388 1829 486 1893 Addit
510 1829 743 1912 Chrysostomus
772 1831 879 1912 aliique
908 1833 997 1896 etiam
1028 1832 1128 1914 plures
1161 1829 1408 1893 ratiocinationes
1433 1848 1472 1889 ex
1496 1829 1571 1889 dicto
1590 1826 1668 1887 loannis

388 1921 437 2000 qni
453 1919 604 1984 Christum
629 1917 789 1983 affirmavit
811 1929 948 2001 oportere
973 1941 1116 1998 crescere,
1141 1941 1173 1982 se
1193 1939 1264 1981 vero
1279 1919 1387 1992 minui3
1413 1917 1495 1998 quod
1517 1915 1668 1978 transtulero

388 2008 426 2070 ad
451 2009 675 2090 conceptionem
702 2009 792 2071 ctiam
815 2018 847 2072 et
870 2017 965 2072 ortum
997 2029 1112 2079 eorum,
1148 2009 1244 2088 adque
1274 2016 1414 2070 naturam
1442 2025 1546 2068 cursus
1568 2003 1642 2066 Solis:
1659 2019 1668 2060 v

390 2095 530 2160 Christus
563 2098 767 2177 conciperetur
796 2097 826 2160 in
858 2099 996 2161 maximis
1029 2101 1087 2162 diei
1122 2097 1334 2171 incrementis,
1367 2095 1508 2159 Joannes
1535 2093 1564 2173 in
1589 2090 1668 2154 marini

388 2185 586 2249 decrementis
596 2207 612 2253 :.
628 2194 660 2248 et
682 2185 731 2248 ille
756 2196 930 2251 nasceretur
951 2189 981 2251 in
1004 2189 1099 2269 primo
1123 2188 1208 2249 initio
1231 2187 1406 2260 crescentis,
1431 2183 1563 2247 Joannes
1581 2181 1605 2242 in
1622 2181 1668 2259 pta

389 2275 475 2338 initio
500 2275 703 2337 decrescentis
719 2275 794 2351 diei,
819 2277 869 2340 ille
893 2287 1033 2358 surgente
1057 2275 1139 2350 Sole,
1162 2276 1210 2338 hic
1233 2277 1369 2337 cadente.

476 2365 561 2426 Haec
584 2371 732 2444 utcunque
756 2365 825 2440 sint,
851 2375 931 2430 certe
956 2367 1056 2430 seculo
1079 2365 1216 2449 Dionysii
1235 2366 1298 2445 jam
1322 2365 1350 2425 in
1369 2365 1541 2425 universum
1562 2361 1667 2422 obtinum

388 2453 498 2536 opinio,
524 2451 676 2516 Christum
699 2463 874 2536 conceptum
898 2457 927 2517 in
951 2455 1137 2536 aequinoctio
1160 2473 1250 2516 verno
1275 2461 1306 2515 et
1326 2451 1536 2515 sicJoannem
1557 2450 1583 2510 in
1602 2457 1666 2508 autur·

386 2543 457 2605 nali.
495 2541 666 2625 Sequuntur
688 2563 764 2606 nnnc
788 2545 912 2626 reliqna.
951 2545 1026 2608 Cum
1050 2546 1127 2606 enim
1149 2553 1236 2625 pater
1251 2542 1379 2604 Joannis
1399 2540 1564 2603 Zacharias
1583 2535 1667 2598 obtulev

387 2633 539 2696 incensum
562 2633 681 2695 dicetur
701 2634 869 2715 intemplo,
894 2636 1040 2697 creditum
1060 2633 1124 2708 fuit,
1149 2641 1182 2695 ut
1196 2639 1325 2713 apparet
1348 2651 1386 2692 ex
1403 2624 1668 2713 chrysostomum

387 2721 479 2785 fuisse
503 2741 648 2785 summum
672 2723 860 2798 Pontificem,
891 2732 921 2785 et
944 2723 1125 2786 oblationem
1155 2723 1231 2784 banc
1254 2721 1292 2783 ab
1317 2739 1353 2782 eo
1378 2722 1493 2783 factam
1516 2720 1543 2781 in
1565 2718 1625 2778 festu
1639 2712 1668 2772 lv·

385 2811 537 2893 piationis,
562 2811 680 2894 quando
704 2813 760 2873 soli
783 2829 897 2875 snmrno
920 2813 1057 2875 Pontifici
1088 2811 1200 2873 licebat
1230 2811 1349 2890 ingredi
1373 2810 1521 2871 Sanctum
1543 2805 1663 2868 Sanctum

386 2901 475 2964 Vidit
497 2901 574 2962 enim
599 2900 736 2979 angelum
759 2921 824 2963 cum
857 2903 1010 2981 ingressus
1043 2909 1125 2962 esset
1147 2901 1176 2962 in
1201 2900 1364 2979 templum,
1387 2898 1501 2980 populo
1529 2895 1591 2958 furis
1615 2901 1666 2954 staur

386 2989 450 3070 ipse
484 2990 566 3052 solus
598 2990 730 3051 relictus.
782 2991 866 3053 Haec
896 2991 1027 3053 solitudo
1059 2989 1210 3053 offerentis
1239 2989 1401 3050 videbatur
1432 3005 1555 3066 arguere
1582 2981 1665 3070 Sancta

387 3079 575 3141 Sanctorum.
622 3080 716 3159 Atqui
741 3098 835 3160 neque
863 3080 968 3142 summi
992 3079 1144 3142 Pontificis
1169 3085 1216 3141 est
1238 3079 1394 3140 incensum
1417 3093 1538 3158 ponere,
1561 3073 1600 3134 vel
1616 3069 1663 3130 seni

387 3185 491 3230 munus
515 3168 703 3247 expiationis,
729 3169 806 3250 quod
830 3169 887 3232 soli
910 3169 1057 3240 convenit,
1077 3173 1206 3248 (Carolus
1221 3177 1351 3252 Sigonius
1370 3181 1404 3232 de
1419 3179 1518 3249 repub.
1531 3177 1664 3230 Hebraeum

388 3273 484 3334 neque
517 3255 681 3316 Zacharias
715 3277 846 3320 summus
875 3258 1011 3338 pontifex
1044 3257 1114 3329 tuit,
1147 3255 1253 3336 quippe
1286 3257 1406 3319 tribulis
1440 3257 1551 3327 Abiae,
1579 3249 1663 3328 cujusl!

388 3343 497 3422 viginti
529 3353 655 3424 quatuor
682 3345 763 3406 vices
796 3357 883 3408 eraut
913 3356 1059 3409 octavae:
1093 3354 1124 3408 et
1155 3345 1260 3407 summi
1291 3345 1458 3409 Pontifices
1495 3346 1557 3425 ejus
1584 3337 1662 3424 tempti}

389 3431 537 3494 referente
567 3430 700 3510 Josepho
730 3442 817 3496 erant
847 3433 950 3498 Simon
985 3435 1111 3512 Boethi,
1146 3453 1232 3496 socer
1264 3435 1397 3498 Herodis
1429 3453 1507 3498 auno
1536 3420 1661 3495 intimat

389 3539 480 3601 usqne
504 3519 534 3580 iu
558 3517 709 3582 Juliauum
732 3519 793 3597 dl,
817 3525 966 3588 Matthias
989 3523 1145 3604 Theophili
1166 3523 1438 3607 Jemsolymitaui,
1470 3543 1522 3605 per
1547 3535 1631 3583 anum
1645 3507 1659 3609 ll

389 3610 444 3674 suh
476 3607 533 3672 hoc
558 3609 709 3691 Josephus
738 3609 848 3674 Ellemi
880 3623 1026 3694 cognatus
1057 3613 1136 3675 illins
1168 3613 1253 3675 unlus
1285 3613 1346 3675 diei
1376 3615 1524 3694 pontifex.
1566 3602 1664 3680 Theoti

388 3707 502 3762 remoto
526 3698 564 3761 oh
587 3699 765 3762 seditionem
796 3702 978 3764 concitatam
1009 3701 1155 3765 successit
1176 3702 1324 3764 Joasarus
1349 3701 1485 3768 Simonis
1511 3701 1595 3768 filius,
1616 3692 1664 3752 atla

388 3789 532 3864 Herodis,
566 3808 643 3850 anno
666 3787 787 3853 Juliano
809 3786 863 3852 42.
892 3790 1069 3872 functusque
1098 3799 1146 3852 est
1176 3791 1273 3853 officio
1297 3811 1395 3873 nsque
1424 3795 1465 3856 ad
1486 3785 1610 3856 Archelai
1626 3782 1665 3840 lm·

388 3878 549 3941 motionem
571 3877 674 3941 multis
697 3879 782 3941 annis
804 3889 876 3961 post
898 3889 1023 3942 mortem
1045 3879 1173 3942 Herodis
1196 3879 1302 3960 Regis.
1655 3950 1657 3959 Ι

478 3963 541 4028 Sed
564 3983 723 4047 pergamus
746 3969 775 4030 in
799 3969 857 4031 hac
880 3969 1154 4050 argumentatione3
1176 3969 1218 4030 sit
1240 3969 1325 4031 facta
1350 3969 1541 4032 annunciatio
1553 3957 1666 4028 tanniu:

391 4055 469 4118 festo
492 4055 691 4135 Expiationis.
728 4058 804 4121 Illud
824 4075 893 4122 vero
917 4058 1061 4120 celebrari
1082 4057 1212 4138 oportuit
1229 4057 1319 4120 Luna
1331 4059 1376 4122 X.
1415 4055 1597 4130 Quaerendae
1612 4047 1664 4118 itaqu

391 4144 447 4206 fuit
469 4143 615 4226 Dionysio
639 4165 750 4220 eunus,
783 4148 813 4209 in
837 4165 894 4228 quo
916 4147 1004 4211 Luna
1026 4149 1066 4210 X.
1092 4155 1174 4208 esset
1195 4148 1332 4226 proxime
1365 4147 1575 4229 aequinoctium
1598 4144 1664 4225 aum

391 4233 469 4306 nale,
494 4233 572 4312 quod
595 4232 631 4308 is,
656 4233 705 4314 qni
729 4237 848 4298 vernale
872 4236 901 4298 in
925 4233 977 4298 ²5.
993 4235 1096 4298 Martii
1119 4235 1202 4315 ponit
1225 4236 1335 4316 quique
1359 4243 1510 4300 aestatem
1532 4215 1663 4295 diervtlffi

392 4321 475 4393 facit,
500 4329 535 4381 ut
556 4320 680 4397 Plinius,
704 4325 873 4387 necessario
896 4325 926 4387 in
949 4323 1002 4388 27.
1027 4323 1213 4405 Septembris
1236 4326 1364 4389 confert
1412 4327 1508 4409 Atqui
1533 4322 1599 4384 solus
1615 4321 1664 4370 essii

389 4406 528 4470 Julianus
551 4405 604 4472 45.
629 4419 677 4472 est
698 4412 780 4486 talis,
803 4413 832 4474 in
855 4433 913 4494 qno
936 4415 1022 4476 Luna
1039 4415 1080 4476 X.
1105 4414 1186 4475 cadit
1207 4414 1346 4494 proxime
1371 4413 1425 4480 27.
1449 4405 1615 4495 septembria-
1637 4392 1663 4455 [⁸³

391 4498 470 4559 enim
492 4515 528 4559 eo
552 4517 629 4558 nono
653 4519 760 4560 aurens
783 4521 921 4564 numerus
945 4503 968 4563 l.
992 4503 1082 4563 index
1105 4503 1259 4575 novilunii,
1284 4505 1337 4584 qni
1366 4507 1490 4586 ponitur
1510 4503 1545 4563 ad
1566 4491 1603 4559 ifi-
1619 4485 1663 4559 sill

392 4593 524 4666 tempore
546 4587 678 4661 Niceno;
708 4589 808 4668 itaque
832 4601 963 4670 tempore
988 4590 1100 4652 Christi
1124 4591 1322 4664 novilunium,
1353 4603 1391 4656 nt
1413 4595 1528 4676 quidem
1548 4571 1663 4648 eruduit

393 4674 540 4748 ostendit,
574 4675 622 4735 die
649 4675 697 4737 l'l.
720 4675 807 4757 Sept.
840 4699 926 4740 mane
955 4681 1030 4742 hora
1061 4687 1143 4739 ortus
1167 4679 1256 4741 Solis
1305 4681 1348 4742 Et
1373 4683 1511 4765 Scaliger
1530 4697 1562 4740 ex
1582 4673 1662 4752 moolli

393 4759 519 4822 ludaico
541 4761 642 4842 prodit
664 4765 844 4828 novilunium
868 4767 947 4829 Tisri
975 4765 1021 4830 18.
1046 4765 1131 4846 Sept.
1169 4769 1275 4848 ltaque
1299 4768 1355 4833 tr.
1382 4773 1470 4854 Sept.
1493 4773 1550 4833 dies
1567 4762 1621 4825 idem
1635 4749 1662 4808 V

395 4855 427 4907 et
448 4849 628 4929 aequinoctii
649 4851 778 4914 Romani
802 4863 833 4916 et
855 4855 959 4917 Lunae
989 4857 1120 4918 decimae
1144 4857 1240 4918 etsie
1268 4858 1343 4922 festi
1377 4861 1555 4946 expiationis
1588 4847 1620 4910 El
1633 4839 1660 4898 V
