3702 5532
663 297 696 348 de
713 297 783 350 Jorls
802 296 954 351 satellitibus
973 297 1020 352 dte.
1452 301 1518 370 ⁴157

166 475 264 536 aleam
280 471 428 550 Galilaea,
451 473 599 556 vulgoque
622 473 791 552 propalasti
814 473 889 536 haee
908 475 1057 538 coelorum
1076 473 1186 556 adyta,
1211 476 1281 556 quid
1309 477 1389 538 aliud
1410 485 1517 556 restat,

166 581 254 644 quam
284 571 318 624 nt
346 572 521 625 contemnas
550 563 717 625 concitatos
748 563 824 624 istos
855 563 1001 642 strepitus
1024 573 1202 644 gratumque
1226 565 1328 626 stultis
1357 567 1515 628 mercimo-

164 651 263 726 nium,
296 650 464 726 inscitiam,
499 659 625 730 accepta
648 651 829 713 contumelia
852 650 917 711 loeo
947 651 1054 731 pretii,
1089 654 1212 713 vendas.
1261 651 1378 733 Quippe
1411 655 1518 736 vulgus

163 747 346 802 contemtum
367 739 575 820 philosophiae
597 741 627 802 in
652 759 684 800 se
707 738 773 818 ipso
796 740 950 801 ulciscitur
972 747 1120 821 perpetua
1141 741 1323 820 ignorantia.

251 844 372 908 Licebit
395 845 448 908 tibi
474 856 573 907 tannen
598 845 674 906 hanc
699 844 859 924 epistolam
879 842 991 922 publici
1010 844 1087 924 juris
1113 845 1223 918 fucere,
1248 845 1274 906 si
1294 853 1348 907 tua
1370 845 1517 910 interesse

163 935 336 1013 putaveris,
360 954 428 996 mea
451 934 524 997 nihil
548 935 676 995 interest
699 952 753 994 uec
779 932 886 1012 dignor
906 921 1076 1008 hominem,
1102 934 1128 995 si
1152 953 1239 994 uerno
1270 935 1388 996 doctius
1413 946 1519 999 contra

163 1021 277 1084 scribit.
302 1053 344 1064 -
384 1023 463 1085 Vale
495 1031 526 1084 et
557 1021 698 1084 rescribe.
754 1021 873 1099 Pragae
905 1019 933 1080 d.
959 1017 989 1084 9.
1014 1023 1094 1100 Aug.
1128 1018 1221 1084 iiiiii.
1261 1027 1519 1092 (strenuissumus

161 1109 218 1159 Vol.
232 1109 303 1168 viil,
316 1126 341 1174 p.
356 1107 389 1160 92
403 1125 437 1161 ιι.
457 1109 557 1162 eudem
576 1110 649 1160 affert
665 1110 759 1166 literas,
779 1121 840 1174 quas
852 1122 897 1157 uos
916 1114 1089 1172 comparantes
1109 1111 1219 1159 codicem
1232 1110 1400 1162 Viennensem
1419 1113 1516 1164 desum-

164 1182 240 1232 simus
259 1196 290 1232 ex
310 1181 445 1232 Hauschio.
483 1183 538 1232 illio
556 1182 646 1232 desunt
663 1181 753 1240 rerba:
781 1181 818 1240 ,ei
845 1194 918 1228 nemo
939 1180 1043 1240 ‚doctius
1072 1181 1269 1232 contrascribit.“
1308 1181 1368 1232 Dies
1393 1198 1467 1242 rero,
1492 1185 1518 1234 ιιι

162 1251 300 1302 Viennensi
319 1252 404 1304 codice
424 1253 585 1309 desideratus,
605 1252 653 1302 illic
677 1251 775 1302 additus
795 1245 854 1311 est.)

250 1321 344 1383 Quibus
362 1323 465 1388 Kepleri
483 1325 559 1374 literis
577 1322 753 1373 Galilaeus
772 1309 940 1385 respouliitd.
963 1317 1002 1369 19.
1022 1321 1130 1385 Augusti
1153 1322 1218 1372 hunc
1237 1324 1261 1371 iu
1281 1323 1398 1372 modum:
1423 1324 1517 1382 ,Binas

159 1399 216 1444 tuae
234 1395 351 1458 epistolas
375 1396 538 1444 eruditissime
556 1394 665 1457 Keplere
691 1395 795 1456 accepi;
819 1393 892 1455 priori
917 1394 970 1454 lam
989 1391 1034 1440 aba
1052 1401 1077 1441 te
1094 1393 1155 1456 luris
1174 1393 1264 1454 publici
1290 1395 1373 1443 iactae
1392 1395 1417 1444 iu
1437 1395 1517 1444 altera

158 1479 270 1514 mearum
288 1465 485 1515 observationum
511 1465 617 1515 editione
640 1464 800 1528 respondebo.
838 1460 932 1525 (Editio
953 1461 1075 1520 ἭῙιίιιιιιιιι
1096 1463 1176 1512 altera
1194 1479 1243 1512 non
1269 1461 1378 1527 prodiit.)
1414 1465 1517 1516 Interea

159 1537 255 1600 gratim
273 1533 329 1601 ago,
349 1537 414 1602 quod
431 1543 466 1586 ιι
482 1538 603 1599 primns
621 1549 656 1586 ac
673 1536 740 1584 iere
759 1533 862 1591 solus,
880 1548 908 1582 re
921 1533 1021 1582 minime
1034 1534 1156 1597 inspecta,
1175 1549 1239 1599 quae
1261 1543 1358 1585 tuaest
1375 1537 1517 1600 ingenuitas

158 1613 233 1670 atque
251 1607 344 1672 ingenii
363 1607 508 1664 sublimitas,
528 1608 589 1656 meis
609 1605 784 1675 assertionibus
802 1606 926 1668 integram
945 1604 1018 1652 fidem
1037 1605 1187 1667 praebueris.
1226 1605 1356 1655 Secundae
1376 1620 1407 1655 ac
1425 1622 1481 1656 mox
1500 1621 1516 1658 a

157 1692 197 1725 me
215 1685 332 1740 receptae
350 1678 578 1741 responsum-dabo
597 1678 780 1734 brevissimum
799 1677 964 1739 paucissimae
978 1675 1043 1724 enim
1061 1682 1193 1738 supersunt
1211 1677 1244 1726 ad
1261 1677 1417 1726 scribendum
1430 1677 1514 1726 horae.

246 1764 329 1814 Primo
348 1772 432 1814 autem
451 1765 585 1831 significas,
603 1764 745 1828 perspicilla
762 1763 883 1812 nonnulla
900 1763 966 1826 apud
978 1769 1004 1812 te
1020 1777 1083 1823 esse,
1103 1777 1186 1812 rerum
1199 1779 1248 1812 nou
1266 1768 1318 1826 ejus
1336 1767 1514 1828 praestantiae,

159 1841 188 1883 nt
205 1835 306 1897 objecta
324 1837 487 1886 remotissima
505 1838 614 1886 maxima
632 1841 707 1899 atque
726 1835 865 1885 clamesima
882 1839 1077 1896 repraesentent,
1098 1835 1129 1883 ob
1147 1835 1220 1898 idque
1237 1851 1319 1884 meum
1332 1844 1357 1884 te
1375 1843 1514 1898 expectare.

160 1905 255 1956 Verum
275 1907 521 1966 excellentissimum,
550 1907 614 1971 quod
634 1906 700 1972 apud
717 1919 758 1956 ms
777 1913 815 1955 est
833 1905 946 1969 quodque
964 1911 1063 1968 spectra
1080 1902 1135 1968 plus
1153 1919 1226 1968 quam
1245 1906 1332 1956 millies
1359 1907 1514 1970 multiplicat,

158 1991 240 2026 meum
259 1977 364 2041 amplius
382 1993 431 2028 uon
450 1987 496 2029 est.
534 1979 618 2042 lpsnm
637 1973 705 2028 euim
721 1990 737 2026 a
755 1992 794 2026 me
812 1977 885 2040 petiit
903 1975 955 2026 Ser.
970 1975 1103 2024 Hetruriae
1121 1974 1229 2040 Magnus
1242 1976 1307 2034 Dux,
1327 1983 1355 2025 ut
1372 1979 1398 2026 iu
1415 1979 1515 2028 tribum

155 2063 202 2097 sua
221 2049 314 2098 condat
340 2050 421 2112 ibique
449 2051 515 2098 iuter
539 2049 676 2113 insigniora
693 2063 724 2097 ac
742 2049 891 2112 preciosiora
917 2048 942 2094 in
967 2061 1101 2110 perennem
1125 2047 1185 2096 iacti
1210 2050 1354 2098 memoriam
1382 2050 1513 2098 custodiat.

157 2118 229 2168 Paris
248 2119 410 2169 excellentiae
429 2119 524 2169 nullum
542 2120 611 2169 aliud
630 2120 771 2176 construxi,
789 2119 872 2182 praxis
892 2119 956 2166 euim
970 2123 1009 2166 est
1027 2116 1098 2165 valde
1117 2117 1247 2168 laboriosa.
1274 2119 1366 2168 Verum
1385 2119 1514 2169 machinas

156 2189 289 2239 nonnullas
309 2191 342 2240 ad
359 2191 404 2239 illa
421 2191 601 2255 configuranda
619 2196 694 2255 atque
712 2189 859 2252 expolienda
882 2187 1035 2253 excogitari,
1054 2201 1118 2252 qnae
1136 2187 1176 2237 hic
1195 2195 1336 2238 construere
1355 2190 1439 2251 nolui,
1459 2203 1514 2238 cum

156 2261 279 2324 exportari
302 2275 351 2310 uon
376 2268 478 2325 possent
501 2261 660 2318 Florentiam,
680 2261 722 2310 ubi
739 2261 766 2309 in
784 2267 909 2324 posterum
926 2273 984 2310 mea
1002 2259 1085 2308 lutura
1103 2260 1238 2310 ostendes.
1263 2259 1300 2309 Ibi
1319 2262 1514 2324 quamprimum

158 2332 288 2382 conficiam
306 2337 332 2382 et
350 2334 436 2380 amieis
454 2333 560 2382 mittam.
1430 2353 1436 2358 ·

245 2403 281 2452 Ex
299 2404 348 2452 tuis
365 2400 493 2454 adnotatis
511 2404 537 2452 in
556 2403 653 2452 Lunam
679 2402 793 2463 conjicio,
812 2407 883 2449 tuum
900 2400 1065 2463 perspieillum
1086 2399 1216 2449 mediocris
1235 2405 1333 2450 tantum
1351 2415 1406 2451 esse
1425 2401 1509 2452 elfica·

156 2475 219 2534 ciae,
240 2474 271 2522 ob
289 2473 362 2537 idque
381 2475 414 2524 ad
431 2475 547 2537 planetas
575 2472 759 2537 conspiciendos
786 2471 849 2521 forte
877 2472 977 2520 minime
1003 2471 1135 2528 idoneum;
1163 2485 1223 2534 quos
1241 2472 1340 2535 quidem
1361 2473 1512 2537 planetasa

154 2543 178 2593 t.
198 2544 267 2602 Jniii,
285 2547 338 2606 iam
357 2557 412 2594 cum
430 2545 492 2594 Jove
510 2545 634 2594 matutino
651 2545 767 2600 orientes,
786 2543 876 2606 pluries
896 2544 1011 2605 conspexi
1031 2547 1106 2605 atque
1125 2541 1249 2590 adnotari.

242 2633 280 2682 Ex
298 2631 367 2682 coelo
387 2633 492 2697 denique
511 2631 641 2683 descendis
660 2632 693 2682 ad
711 2645 809 2688 orcum,
828 2631 862 2680 ad
878 2629 1016 2680 Bohemum
1034 2643 1069 2678 sc.
1089 2627 1172 2687 illum,
1198 2631 1268 2691 cujus
1292 2637 1366 2679 tanta
1384 2637 1412 2678 ut
1429 2630 1511 2680 vidisti

153 2709 191 2752 ert
209 2704 327 2766 audacia,
345 2703 452 2754 stultitia
470 2711 496 2754 ιι
513 2705 669 2768 ignorantia,
688 2709 717 2752 ιι
734 2702 827 2766 absque
845 2701 950 2750 nomime
975 2699 1040 2748 illias
1058 2699 1137 2764 gloria
1155 2701 1185 2750 de
1204 2714 1234 2750 eo
1253 2701 1328 2750 rerba
1345 2702 1452 2763 prolerre
1471 2702 1509 2750 rel

153 2776 230 2826 ιιιιιι
250 2775 370 2838 injuriosa
386 2776 486 2825 minime
504 2776 633 2839 possimus.
670 2773 764 2824 Latcat
781 2775 855 2839 igitur
874 2771 940 2835 apud
959 2785 1058 2825 orcum,
1082 2771 1206 2836 totiusque
1224 2771 1316 2834 pariter
1336 2771 1402 2836 vulgi
1422 2778 1510 2822 coutu-

153 2845 254 2895 meliam
273 2859 363 2910 amque
381 2846 460 2910 deque
477 2846 613 2904 iaciemns3
639 2858 745 2910 namque
771 2851 857 2893 uonna
874 2843 960 2892 iorem
979 2857 1026 2892 uec
1046 2841 1182 2912 Gigantes,
1206 2842 1296 2891 nedum
1315 2841 1418 2907 Pigmei.
1456 2842 1512 2894 Stet

154 2917 252 2982 Jupiter
270 2917 296 2964 in
316 2916 384 2966 coelo
403 2923 429 2965 et
447 2916 571 2966 oblatrent
590 2915 764 2978 sycophantas,
783 2920 902 2979 quantum
921 2914 1013 2962 rolant.
1249 2950 1255 2958 .

242 2985 321 3044 Petis,
342 2988 467 3036 carissime
485 2987 609 3050 Keplere,
636 2987 697 3034 alios
716 2991 800 3035 testes.
838 2985 959 3048 Magnum
977 2982 1110 3034 Hetruriae
1129 2981 1225 3032 Ducem
1243 2982 1367 3045 produco,
1395 2983 1510 3048 quicum

155 3059 319 3120 superioribus
342 3057 466 3106 mensibus
493 3058 609 3122 planetas
626 3055 754 3106 Mediceos
773 3059 869 3106 mecum
895 3057 993 3118 saepius
1012 3053 1166 3102 observasset
1183 3053 1264 3110 Pisis,
1283 3055 1309 3102 iu
1326 3067 1382 3104 meo
1401 3055 1511 3104 discessu

153 3143 243 3180 munus
260 3129 334 3192 pretii
347 3129 401 3191 plus
414 3143 487 3192 quam
507 3141 636 3178 aureorum
647 3127 714 3178 mille
728 3127 803 3185 dedit,
823 3127 945 3189 modoque
957 3128 984 3174 iu
995 3125 1103 3188 patriam
1114 3138 1155 3172 me
1169 3129 1297 3181 convocat,
1317 3139 1373 3174 eum
1388 3125 1510 3188 stipendio

153 3201 247 3263 pariter
268 3213 397 3248 aureorum
414 3199 522 3248 milleio
541 3200 643 3264 singulis
662 3199 743 3256 aunis,
763 3212 867 3261 cumque
885 3197 956 3245 titulo
974 3193 1111 3260 philosophi
1130 3200 1155 3242 et
1172 3195 1340 3244 mathematici
1353 3195 1510 3245 celsitudinis

153 3285 223 3328 suae,
242 3270 309 3319 nullo
328 3271 427 3332 insuper
445 3284 519 3318 onere
540 3271 660 3333 imposito,
681 3269 724 3318 sed
743 3267 942 3332 tranquillissimo
956 3268 1005 3316 otio
1025 3266 1122 3328 largito,
1143 3280 1189 3329 quo
1202 3280 1270 3314 meos
1288 3266 1361 3315 libros
1380 3268 1511 3316 conficiam

154 3339 365 3400 Meshanicorum,
387 3339 575 3389 Constitutionis
602 3341 722 3396 universi,
751 3353 798 3388 neo
816 3354 865 3388 nou
884 3337 967 3386 Motus
985 3335 1071 3386 localis
1096 3342 1149 3384 tum
1176 3335 1297 3385 naturalm
1320 3345 1373 3386 turn
1401 3337 1510 3395 rioleuti,

154 3414 224 3473 cujus
250 3416 418 3474 symptomata
443 3410 603 3473 complurima
628 3411 742 3460 inaudita
768 3415 793 3459 et
820 3409 967 3458 admiranda
993 3408 1143 3472 geometrice
1170 3408 1318 3456 demonstro.
1355 3407 1403 3457 'Me
1430 3409 1511 3472 ipsum

156 3481 279 3544 produco,
308 3482 391 3544 quiin
408 3480 455 3531 hoc
473 3483 602 3546 gymnasio
630 3482 751 3545 stipendio
777 3482 867 3544 insigni
896 3477 1042 3528 lloreuoram
1059 3475 1095 3524 Μ.
1119 3477 1250 3528 decoratus
1269 3485 1295 3528 et
1313 3479 1385 3542 quale
1413 3480 1508 3528 matha·

156 3555 303 3602 matiearum
321 3553 481 3602 scientiarum
500 3553 620 3614 professor
637 3553 718 3602 nullus
737 3552 824 3600 habuit
841 3563 948 3614 uuquam
969 3556 995 3598 et
1012 3563 1059 3613 quo
1079 3555 1132 3597 tuto
1145 3549 1203 3598 dum
1221 3551 1326 3598 viverem
1340 3552 1385 3598 lrui
1403 3564 1508 3612 possem,

156 3623 234 3672 etiem
251 3622 410 3672 illudentibus
432 3621 539 3685 planetis
558 3631 583 3672 et
601 3622 791 3689 effugientibus:
818 3621 917 3671 discedo
942 3627 1028 3670 temen
1046 3627 1072 3668 et
1090 3633 1119 3670 eo
1138 3634 1178 3668 me
1197 3620 1310 3676 contero,
1330 3621 1370 3668 ubi
1389 3620 1508 3668 illusionis

157 3707 229 3742 meae
247 3705 341 3756 poenas
368 3694 467 3756 inopiae
495 3701 569 3758 atquc
597 3693 721 3744 dedecoris
745 3693 847 3742 luerem.
883 3691 984 3748 dulium,
1003 3691 1104 3739 fratrem
1121 3690 1216 3739 Juliaui
1235 3689 1273 3739 lli.
1293 3689 1403 3738 Oratoris
1421 3689 1508 3754 Magni

155 3762 235 3812 Ducis
254 3763 364 3821 exhibeo,
394 3765 434 3827 qui
452 3763 599 3822 Pisiscum
626 3765 709 3813 multis
735 3763 789 3812 aliis
807 3763 894 3812 aulicis
923 3763 1013 3826 pluries
1040 3761 1156 3824 planetas
1183 3761 1328 3810 observarit.
1368 3759 1468 3820 yemm,
1487 3761 1509 3810 si

157 3839 225 3883 errat
243 3833 397 3884 adversarius
415 3848 493 3894 meus,
514 3835 571 3897 quid
591 3835 695 3898 amplius
713 3847 814 3898 egemus
832 3832 958 3882 testibus?
977 3832 1048 3887 Pisis,
1066 3831 1215 3888 Florentiae,
1228 3829 1366 3886 Bononiae,
1378 3829 1507 3888 venetiis,

154 3904 257 3954 Padusa
277 3905 427 3967 complurimi
445 3905 572 3962 videmus,
598 3906 673 3955 sileat
691 3919 776 3954 ornnes
795 3911 822 3953 et
837 3903 982 3954 haesitant:
1008 3903 1117 3951 maxima
1136 3903 1201 3950 euim
1218 3915 1276 3963 pars
1294 3915 1342 3950 nec
1359 3901 1445 3951 Jorern
1464 3909 1509 3950 aut

152 3973 271 4032 Martem,
290 3976 329 4023 ιιι
348 3975 437 4024 saltem
455 3975 552 4024 Lunam
571 3981 599 4024 ut
617 3976 743 4038 planetam
767 3975 922 4039 dignoscunt.
961 3972 1068 4033 Quidam
1090 3971 1203 4020 Venetiis
1229 3977 1316 4020 contra
1333 3986 1373 4020 me
1391 3971 1506 4036 obloque-

152 4043 225 4094 batur
241 4046 371 4106 jactitans,
391 4059 418 4094 sc
437 4052 504 4094 certo
523 4047 594 4107 scire,
612 4047 697 4094 stellas
715 4059 785 4094 meas
804 4045 968 4095 circatorem
982 4057 1036 4092 ase
1055 4041 1145 4105 pluries
1164 4042 1306 4091 observatas
1323 4043 1439 4105 planetas
1458 4057 1507 4091 uon

152 4129 215 4173 esce,
236 4131 267 4165 ex
279 4131 309 4164 eo
322 4116 386 4179 qnod
405 4115 461 4164 illas
480 4130 576 4179 semper
594 4131 649 4166 cum
661 4115 723 4166 Jove
745 4117 884 4178 spectabat,
903 4118 1030 4179 ipsumque
1044 4119 1089 4163 ant
1105 4126 1190 4161 omnes
1204 4117 1248 4161 aut
1259 4125 1316 4175 pars
1334 4113 1407 4162 modo
1419 4127 1506 4176 seque·

152 4187 250 4246 bantur,
270 4186 402 4248 praeibant
419 4187 499 4235 modo.
526 4185 591 4246 Quid
602 4188 677 4250 igitur
696 4185 842 4250 agendum?
861 4185 922 4235 Gum
935 4184 1076 4234 Democrito
1096 4190 1141 4232 aut
1157 4197 1213 4232 cum
1225 4183 1353 4232 Heraclito
1371 4181 1506 4233 ιιιιιιιιιιι
1613 4213 1622 4258 3

150 4255 224 4314 Volo,
242 4258 277 4304 mi
295 4255 416 4319 Keplere,
443 4262 472 4305 ut
494 4257 619 4306 rideamus
645 4259 768 4320 insignem
794 4257 860 4320 vulgi
886 4256 1025 4306 stultitiam.
1064 4252 1129 4313 Quid
1148 4253 1214 4302 dices
1233 4253 1264 4302 de
1287 4255 1407 4316 primariis
1434 4254 1507 4317 hujus

151 4327 275 4391 gymnasii
293 4325 459 4390 philosophis,
486 4329 528 4390 qui
546 4327 637 4390 aspidis
658 4328 796 4390 pertinacia
823 4326 910 4390 repleti
936 4337 1079 4390 nunquam,
1107 4324 1168 4373 licet
1185 4339 1225 4373 me
1246 4323 1310 4372 ultm
1329 4323 1415 4374 dedita
1432 4339 1507 4389 opera

151 4397 239 4446 millies
259 4395 392 4453 offerente,
412 4413 458 4447 nec
475 4398 604 4461 planetas,
623 4411 670 4447 nec
689 4395 802 4455 Lunam,
827 4411 875 4447 nec
895 4396 1061 4460 perspicillum
1079 4393 1162 4452 ridere
1179 4391 1328 4444 voluerunt?
1356 4394 1458 4455 Verum,
1477 4402 1506 4446 ut

151 4467 193 4516 dle
211 4481 294 4524 aures,
314 4467 350 4516 sle
368 4468 409 4515 isti
427 4467 510 4518 oculos
529 4473 616 4517 contra
634 4468 745 4517 veritatis
763 4467 843 4516 lucem
861 4469 1013 4516 obturarunt.
1039 4463 1135 4528 Magna
1147 4470 1206 4514 sunt
1217 4464 1290 4522 haec,
1309 4465 1402 4516 nullam
1420 4473 1506 4516 tamen

151 4537 211 4586 mihi
229 4537 339 4587 ιιιιιιιιι
357 4537 553 4587 &mundonem
577 4536 655 4587 Putat
673 4539 738 4587 euim
751 4537 797 4586 hoc
815 4538 941 4587 homiuum
958 4551 1045 4603 genus,
1065 4534 1244 4598 philosophiam
1257 4549 1311 4586 esse
1324 4537 1410 4588 librum
1429 4553 1505 4602 queu-

153 4606 218 4667 dam,
237 4607 305 4658 relnt
323 4607 439 4657 Aeneida
456 4613 483 4658 et
501 4608 629 4671 Odyssea:
654 4621 714 4656 rara
732 4613 816 4658 autem
833 4623 884 4658 non
902 4611 928 4656 in
946 4608 1036 4658 mundo
1055 4611 1099 4653 aut
1117 4607 1143 4654 iu
1161 4613 1265 4662 natura,
1285 4608 1329 4657 aad
1347 4610 1373 4657 iu
1392 4609 1505 4658 conhoa-

152 4677 247 4726 tatione
271 4683 384 4728 textuum
402 4675 469 4738 (utor
490 4678 585 4728 illorum
603 4675 695 4738 serbis)
718 4693 772 4727 esse
800 4678 950 4743 quaerenda
988 4677 1038 4726 Gur
1055 4680 1138 4723 tecum
1156 4677 1199 4726 diu
1220 4676 1298 4726 ridere
1316 4693 1366 4727 non
1383 4677 1506 4742 pessumi

154 4743 221 4804 Quos
239 4745 325 4797 ederes
344 4745 478 4797 cachinnos
490 4748 599 4812 Kepiere
617 4747 801 4806 humanissime,
821 4749 842 4798 si
861 4749 960 4799 audires
978 4761 1042 4812 quae
1061 4754 1149 4794 conus
1166 4760 1206 4795 mc
1225 4759 1308 4797 coram
1326 4749 1420 4815 Magno
1432 4749 1506 4801 Duce

151 4813 215 4867 Pisis
234 4829 251 4867 a
267 4815 411 4882 philosopho
428 4817 493 4868 iliius
510 4819 633 4885 gymnasii
650 4818 765 4884 primario
782 4819 881 4884 prolata
900 4818 1008 4879 luerunt,
1027 4815 1085 4867 dum
1104 4817 1256 4882 argumentis
1274 4817 1428 4885 logicatlbus,
1447 4826 1504 4871 tau·
