3674 5538
216 3377 244 3418 ὑ

288 235 331 306 90
711 241 812 292 Literae
828 241 929 306 Kepleri
949 241 1099 306 ahor-amne
1114 209 1216 292 mutuae

288 419 397 500 pedum
426 415 612 486 21500000.
666 420 714 480 Da
743 418 873 482 hominis
906 419 1083 500 longitudini
1115 419 1209 499 pedes
1241 417 1277 492 t,
1312 435 1383 498 erga
1416 416 1519 479 tricies
1553 415 1646 480 semel

289 519 418 572 centeno
441 506 591 570 hominum
615 508 710 570 millia
733 506 859 586 deniqne
884 528 903 567 a
926 508 1081 590 superlicio
1106 510 1218 570 Terrae
1243 509 1280 568 ad
1309 515 1444 569 centrum
1468 503 1647 568 continuata

291 598 369 660 sarie
392 597 575 676 pertingent.
613 596 691 657 Esto
706 597 758 670 ita,
784 591 849 659 000
863 595 1015 677 myriades
1034 597 1184 660 hominnm
1207 595 1368 658 metiantur
1387 593 1506 673 globum
1523 593 1644 668 Terrae,

289 685 401 768 myriae
434 704 493 746 uua
516 686 563 756 (et
592 685 681 762 paulo
714 684 797 764 plus)
828 684 982 764 globorum
1012 686 1121 748 Terras
1151 685 1293 747 metiatur
1325 683 1486 762 sphaeram
1513 680 1645 760 regionis

294 773 457 844 mobilium,
482 791 603 852 qaorum
628 771 771 836 extimum
787 771 954 835 Saturnus:
981 773 1164 836 millenarius
1178 791 1254 836 nnus
1269 771 1387 834 mobilis
1406 770 1506 833 mundi
1530 770 1643 850 sphae-

290 881 389 924 rarum
428 859 570 922 metiatur
608 861 767 940 sphaeram
806 863 931 924 lixarum
964 881 1018 925 sen
1050 861 1276 942 quiescentium.
1334 859 1391 922 Dic
1420 859 1509 933 mihi,
1546 867 1644 920 atrum

290 947 486 1012 credibilius?
510 947 738 1027 Propontionem
762 949 891 1012 hominis
911 952 949 1012 ad
969 951 1091 1030 globum
1110 950 1239 1012 Telluris
1259 951 1401 1022 latentur,
1426 947 1646 1027 proportionem

292 1037 410 1100 rrrobilis
443 1035 543 1098 mnudi
577 1038 615 1099 ad
649 1041 724 1100 lixas
757 1048 884 1118 negant,
920 1058 996 1120 quae
1014 1039 1110 1102 'illius
1149 1037 1350 1120 proportionis
1382 1035 1433 1096 vix
1464 1044 1513 1096 εει
1545 1035 1646 1098 sexies

291 1124 449 1188 millesima
473 1125 631 1206 particula.
678 1129 724 1190 At
745 1127 849 1190 videas
873 1128 1062 1206 analogiam,
1097 1126 1148 1189 ubi
1168 1135 1294 1206 superat
1317 1123 1511 1205 magnitudo,
1546 1122 1646 1186 delicit

290 1213 442 1286 diuinitas,
469 1213 496 1274 iu
520 1213 607 1276 molis
631 1214 855 1278 diminutionem
880 1217 1015 1278 succedit
1042 1215 1194 1278 nobilitas.
1234 1212 1431 1294 Aruplissima
1451 1221 1500 1274 est
1522 1212 1647 1274 &uum

292 1302 431 1382 sphaera,
459 1309 541 1364 motu
566 1303 658 1379 nullo,
681 1305 772 1368 iners.
802 1303 945 1384 Sequitur
959 1305 1085 1367 mundus
1109 1303 1237 1378 mobilis,
1262 1303 1309 1366 hic
1323 1302 1390 1381 jam
1413 1308 1525 1380 quanto
1541 1300 1645 1373 minor,

293 1397 378 1452 tauto
404 1389 541 1462 dirininr,
566 1393 643 1472 qnod
667 1400 780 1455 motum
803 1393 921 1472 accepit
945 1402 1008 1454 tarn
1032 1391 1257 1463 admirabilem,
1288 1401 1350 1452 tam
1376 1389 1555 1452 ordinatum.
1603 1387 1648 1450 Aa

293 1498 350 1540 uon
376 1477 517 1540 discurrit
536 1479 618 1542 locos
635 1481 703 1552 iste,
727 1501 783 1543 non
809 1481 1013 1556 ratiocinatur,
1039 1500 1096 1542 non
1112 1489 1161 1542 est
1183 1480 1346 1560 praeditus,
1361 1477 1507 1540 facultate
1522 1475 1646 1540 animali

294 1573 469 1646 vegetante,
490 1569 567 1646 quod
584 1567 647 1648 agit
666 1589 722 1630 non
748 1571 862 1644 didicit,
887 1571 941 1632 sed
965 1571 1141 1648 impressum
1156 1569 1277 1643 retinet,
1302 1567 1381 1648 qnod
1396 1584 1452 1628 aon
1468 1574 1525 1640 est,
1550 1585 1647 1646 neque

290 1655 358 1728 erit,
386 1673 440 1718 nec
465 1657 623 1735 qandest,
648 1681 665 1718 a
690 1677 722 1718 se
747 1662 940 1721 factumest.
982 1659 1065 1720 idem
1090 1665 1200 1731 manet,
1225 1658 1273 1738 qui
1298 1656 1437 1720 conditus
1460 1661 1517 1716 est.
1565 1653 1647 1716 Snc-

291 1745 374 1806 cedit
401 1762 473 1823 ergo
500 1743 594 1828 pilula
626 1745 701 1808 haec
733 1759 854 1822 nostra,
889 1748 1067 1828 tuguriolum
1097 1755 1250 1820 nostrum,
1284 1744 1394 1806 matrix
1423 1741 1647 1822 vegetabilium.

255 1879 259 1882 .
290 1833 357 1912 ipsa
387 1831 467 1894 intus
499 1832 662 1896 informata
695 1855 752 1896 nna
785 1836 904 1911 anima,
945 1833 1122 1898 mirabilium
1163 1853 1284 1914 operum
1321 1831 1583 1920 architectatrice,
1616 1845 1648 1894 ει

291 1917 460 1984 accendens
484 1921 520 1983 de
548 1941 581 1984 se
605 1922 672 2002 ipsa
696 1932 742 1985 tot
774 1923 924 2004 stirpium,
958 1933 1006 1987 tot
1027 1923 1172 2003 piscium,
1207 1929 1253 1984 tot
1285 1921 1466 1982 insectomm
1500 1919 1647 1982 animulas

291 2009 443 2088 quotidie:
478 2017 510 2072 ut
549 2011 636 2072 facile
668 2012 775 2074 molem
809 2012 953 2094 reliquam
991 2030 1045 2092 pro
1082 2011 1139 2074 hac
1176 2031 1232 2072 sua
1268 2009 1426 2072 nobilitate
1462 2015 1645 2071 contemnat.

289 2097 425 2178 Denique
459 2097 527 2160 ride
557 2097 627 2160 mihi
659 2100 857 2164 animalcula!
908 2101 953 2163 At
982 2101 1023 2162 ibi
1052 2100 1118 2180 jam
1141 2119 1247 2161 sensus
1281 2107 1312 2160 et
1345 2095 1506 2160 voluntarii
1538 2103 1647 2170 motus,

292 2185 495 2248 architectura
528 2205 683 2267 corporum
714 2189 849 2252 infinita:
883 2189 951 2251 vide
975 2187 1046 2252 milri
1070 2189 1149 2250 iuter
1171 2187 1226 2249 illa
1253 2186 1438 2266 pulvisculos
1470 2185 1538 2260 hos,
1573 2203 1647 2266 quos

291 2274 426 2336 homines
452 2273 564 2356 dicant,
588 2277 617 2337 in
643 2277 749 2357 quibus
771 2277 829 2340 Dei
853 2277 962 2358 imago,
982 2278 1033 2358 qui
1050 2276 1170 2338 Domini
1185 2284 1256 2338 snut
1270 2275 1364 2339 totius
1385 2273 1480 2336 molis.
1516 2273 1558 2336 Ει
1580 2271 1647 2352 qais
1685 2345 1699 2360 δ
1745 2279 1750 2284 “

293 2369 341 2424 εει
364 2372 518 2438 nostrum,
545 2364 594 2444 qui
622 2375 708 2446 optet
730 2366 787 2428 sibi
818 2386 925 2448 corpus
957 2367 1057 2428 mnndi
1092 2364 1307 2445 amplitudine.
1343 2371 1376 2425 ut
1399 2381 1452 2442 pro
1475 2379 1511 2424 eo
1543 2368 1648 2424 careat

290 2449 410 2514 anima?
456 2451 616 2514 Discamus
658 2454 749 2534 igitur
794 2457 939 2517 creatoris
977 2453 1143 2534 ingenium,
1184 2471 1240 2514 non
1284 2451 1441 2532 gloriantis
1478 2451 1554 2512 mole
1591 2449 1646 2510 sed

289 2539 477 2602 attentantis
502 2560 553 2613 ea,
582 2561 658 2622 qnae
681 2545 747 2606 vult
771 2544 892 2606 nobilia.
944 2545 1012 2606 Non
1037 2551 1086 2605 est
1108 2542 1235 2604 ruaudus
1259 2541 1325 2602 Deo
1349 2557 1490 2619 magnus,
1514 2539 1566 2600 sed
1591 2557 1646 2598 nos

288 2647 390 2690 sumus
423 2629 533 2692 rarrudo
564 2633 658 2709 parvi.
707 2632 843 2712 Denique
875 2651 928 2712 per
960 2633 1034 2694 lraec
1068 2649 1160 2710 supra
1188 2630 1270 2692 dicta
1304 2627 1463 2692 intervalla
1494 2627 1644 2690 discamus

288 2717 489 2780 conscendere
509 2719 548 2780 ad
568 2721 788 2784 aestimandam
803 2721 921 2783 divinae
945 2720 1099 2800 potentiae
1123 2719 1360 2799 amplitudinem

381 2805 520 2869 Remotis
544 2807 635 2888 igitur
659 2809 897 2887 objectionibus,
932 2829 1006 2890 quae
1030 2815 1172 2889 poterant
1190 2826 1258 2870 esse
1281 2805 1457 2874 obstaculo,
1483 2802 1547 2881 jam
1572 2821 1647 2864 con-

290 2893 464 2957 siderentur
491 2896 635 2959 rationes.
682 2899 784 2960 Prima
808 2899 907 2960 estin
933 2897 1052 2979 Opticis
1075 2916 1140 2976 cap.
1170 2897 1192 2956 l.
1238 2895 1365 2957 Ducitur
1387 2914 1407 2953 a
1424 2899 1545 2954 ‘natura
1574 2890 1649 2954 lucis

290 2984 317 3044 in
343 3002 459 3046 omnem
492 2985 594 3048 orbern
624 3007 657 3047 se
690 2987 873 3068 spargentis.
917 2985 971 3050 Sol
996 2995 1044 3048 est
1068 2987 1133 3047 lons
1159 2984 1242 3046 lucis.
1289 2983 1371 3061 Ergo
1404 2981 1433 3046 ia
1467 2987 1581 3052 centro,
1615 2987 1650 3042 ut

289 3078 418 3150 spargat
440 3079 473 3132 ει
496 3073 694 3152 dispertiatur
717 3076 812 3138 lucem
837 3075 923 3137 lineis
948 3075 1134 3156 aequalibus.

287 3177 288 3182 ¹
380 3159 481 3221 Italici
515 3163 685 3243 philosophi
722 3165 800 3244 aporl
825 3165 922 3228 Arist.
947 3166 983 3226 I..
1009 3165 1048 3226 Π.
1081 3163 1119 3226 de
1152 3160 1252 3233 coelo,
1285 3177 1311 3220 c.
1340 3155 1390 3220 13.
1416 3156 1504 3236 paulo
1538 3153 1647 3218 aliter:

290 3249 399 3322 μαλιςα
422 3271 579 3326 apouqaae
602 3255 807 3326 peramabat
830 3275 864 3314 eo
884 3273 1062 3332 aoprmeaaae
1088 3271 1143 3314 aaa
1169 3269 1287 3320 annoc-
1325 3246 1403 3308 Esse
1427 3253 1528 3306 antem
1552 3245 1650 3308 locum

290 3336 640 3416 praestantissimarum
672 3363 783 3416 μεσοε,
817 3343 887 3422 quia
920 3344 1086 3414 internum,
1121 3340 1221 3419 itaque
1253 3357 1288 3398 aa
1327 3354 1421 3410 aanor
1457 3333 1650 3412 appellarunt

275 3428 363 3512 ,Aaou
388 3427 526 3504 peinana.
566 3427 618 3490 Sic
642 3430 729 3509 ignis,
755 3430 818 3506 Sol,
842 3430 872 3492 in
897 3438 1011 3506 centro,
1036 3428 1191 3492 custodiae
1214 3445 1316 3488 causa.
1355 3423 1389 3486 Si
1412 3445 1447 3484 eo
1469 3425 1650 3496 psuoeAroe

289 3516 413 3591 aalma,
438 3533 509 3595 ergo
533 3538 567 3578 ro
585 3539 642 3598 nup
664 3521 736 3590 Λιος
759 3517 931 3598 ὀφθαλμος,
955 3528 988 3581 ut
1006 3517 1060 3581 Sol
1084 3526 1134 3579 εει
1158 3519 1230 3586 Aaou
1253 3513 1424 3591 dodairws·
1449 3517 1552 3572 011008
1576 3509 1649 3591 vigil

291 3613 321 3664 et
345 3605 517 3683 speculator
536 3607 646 3669 ntundi.
685 3607 765 3688 Ergo
787 3631 822 3670 ro
839 3630 896 3686 nup
920 3609 1135 3671 intellexerunt
1153 3604 1267 3666 Solem.
1306 3600 1453 3671 Quamvis
1477 3600 1533 3662 hoc
1556 3617 1649 3678 argu·

291 3706 423 3754 meutnrn
453 3692 530 3754 infra
552 3695 619 3775 plus
643 3697 803 3760 conveniat
826 3717 893 3759 curn
917 3697 976 3758 alio
1001 3703 1185 3774 argumento,
1210 3691 1304 3754 Arist.
1330 3691 1412 3769 ipsos
1441 3688 1531 3759 ridet,
1562 3685 1650 3750 arides

292 3779 403 3854 αὐτους
417 3787 460 3844 ba
482 3787 686 3862 dopnrlaodm
705 3807 769 3864 nepa
788 3809 822 3848 ro
840 3808 906 3862 aar,
928 3785 995 3846 arida
1014 3783 1138 3864 sinopem
1155 3785 1284 3861 column
1302 3777 1348 3842 e'ar
1366 3798 1401 3840 ro
1417 3797 1544 3856 aenpoe,
1564 3775 1649 3855 quasi

290 3887 345 3950 pro
370 3891 466 3934 remur
492 3873 689 3936 universitate
713 3875 866 3956 trepident
887 3885 918 3936 et
940 3872 1124 3954 praesidinm
1144 3871 1183 3932 ad
1204 3877 1339 3932 centrum
1363 3867 1530 3932 collocent:
1555 3883 1647 3945 qnare

290 3978 396 4040 nempe
426 3960 528 4022 ridet?
559 3961 641 4032 Quia
664 3963 723 4024 etsi
754 3965 869 4026 medius
898 3971 929 4025 et
957 3959 1237 4042 praestantissimus
1266 3957 1349 4020 locus
1382 3955 1444 4035 igni
1477 3954 1663 4026 deberetur,

290 4047 420 4110 r'nediurn
444 4057 476 4110 ει
498 4051 691 4129 praestantia
716 4060 816 4114 tamen
842 4060 891 4114 εει
914 4051 1082 4130 multiplex.

378 4138 443 4199 Iuro
468 4139 678 4214 oAristotele,
703 4142 781 4222 quod
803 4160 861 4202 non
882 4141 972 4201 estin
994 4138 1094 4218 spatio
1118 4134 1259 4208 medinm,
1284 4133 1313 4194 id
1332 4130 1493 4211 improprie
1518 4128 1648 4192 medium

290 4233 338 4287 est
361 4235 392 4289 et
415 4245 468 4308 per
491 4227 579 4306 hujus
603 4230 784 4308 analogiam.
820 4229 899 4292 Nam
922 4234 1109 4309 agnoverunt
1128 4221 1331 4306 Pythagoraei
1358 4219 1544 4282 verissimam
1569 4219 1647 4281 hauc

291 4316 481 4390 sententiam,
507 4316 535 4376 in
560 4318 727 4397 geometria
750 4337 819 4378 esse
844 4319 1039 4398 archetypum
1064 4313 1158 4376 totins
1190 4311 1302 4373 mnndi.
1351 4308 1426 4371 Cum
1451 4325 1523 4387 ergo
1548 4307 1650 4370 mundi

290 4403 478 4484 sphaericum
502 4405 624 4466 sitnon
649 4413 764 4468 tanturn
798 4406 894 4468 locale
922 4405 976 4466 sed
1007 4403 1146 4464 naturale
1178 4399 1388 4479 sphaericum,
1420 4397 1490 4478 quia
1522 4396 1651 4458 mundos

291 4491 368 4552 hanc
391 4494 516 4571 ligoram
549 4495 701 4574 suscepit,
736 4513 806 4572 ergo
838 4503 870 4556 ει
900 4494 988 4574 hujus
1019 4490 1168 4571 sphaerici
1200 4488 1330 4550 medinm
1361 4485 1578 4566 geometricum
1602 4493 1652 4547 εει

291 4579 381 4640 etiam
412 4602 445 4641 aa
469 4603 519 4656 nnc
553 4603 672 4659 φυσεως
702 4605 803 4658 pauor.
851 4583 885 4644 Si
909 4581 1071 4652 animalia,
1104 4597 1180 4660 quas
1205 4575 1390 4638 Aristoteles
1423 4592 1478 4654 pro
1511 4575 1651 4654 exemplo

291 4667 424 4742 adducit,
449 4669 579 4732 rotunda
602 4690 670 4731 esse
694 4671 873 4752 potuissent,
899 4691 951 4734 cor
974 4669 1075 4748 ntique
1100 4669 1128 4728 in
1153 4673 1255 4728 centro
1280 4663 1467 4726 habuissent.
