3694 5528
338 298 403 366 526
915 302 946 352 1n
963 299 1109 366 Dtnrfficen

432 479 555 541 Habent
578 473 699 538 Samiae
727 475 936 558 philosophiae
960 479 1091 566 cultores
1119 477 1227 552 (liceat
1250 479 1329 540 enim
1357 479 1413 540 hoc
1437 478 1613 558 cognomine
1636 479 1690 555 uti,

341 568 382 630 ad
412 567 588 629 indicandos
616 565 681 644 ejus
712 566 882 628 inventores
910 568 1114 649 Pythagoram
1142 573 1173 629 et
1195 567 1404 630 Aristarchum
1429 566 1565 640 Samios)
1598 568 1690 630 etiarn

341 662 450 718 contra
475 661 668 736 apparentem
693 654 786 716 oculis
809 654 1049 718 immobilitatem
1063 657 1174 717 Terrae
1198 663 1338 736 paratum
1350 657 1380 718 in
1396 657 1484 718 Luna
1497 657 1690 736 praesidium.

340 747 492 806 Docemur
516 743 626 823 qulppe
648 742 678 803 in
711 744 838 823 opticis,
872 745 898 806 si
930 745 996 824 quis
1027 752 1163 806 nostrum
1196 745 1226 806 in
1249 745 1337 806 Luna
1370 753 1471 818 esset,
1511 744 1538 805 ei
1571 745 1690 806 omuino

339 834 458 894 Lunam
483 830 663 893 domicilium
687 851 771 893 suum
793 833 914 911 penitus
942 833 1137 908 immobilem,
1162 833 1285 895 Terram
1315 841 1545 895 veronostram
1570 832 1688 896 Solem-

339 939 396 1000 que
430 927 462 981 et
493 927 596 981 cetera
619 919 718 981 emula
741 921 864 982 mobilia
892 921 988 984 visum
1018 921 1074 984 iri:
1108 922 1152 982 sie
1184 921 1263 983 enirn
1295 929 1365 983 sunt
1387 931 1582 1002 comparatae
1606 921 1689 983 visus

338 1008 482 1071 rationes.

428 1094 683 1159 Commemoravit
715 1103 806 1158 antes
838 1098 940 1168 Pena,
969 1097 1116 1176 quomodo
1141 1097 1306 1159 astronomi
1334 1096 1443 1177 opticis
1467 1098 1514 1159 nsi
1535 1095 1690 1176 principiis

339 1203 447 1264 magno
471 1183 733 1247 ratiocinationum
756 1185 909 1248 molimine
932 1185 1011 1248 viam
1040 1187 1170 1248 lacteam
1195 1205 1232 1246 ex
1255 1185 1431 1248 elementari
1455 1186 1575 1262 mundo,
1599 1203 1690 1264 quor·-

282 1339 286 1348 ,
339 1293 402 1336 sum
428 1293 493 1335 eam
517 1273 682 1334 collocarat
705 1271 899 1348 Aristoteles,
924 1275 954 1336 in
979 1293 1149 1354 supremum
1174 1273 1299 1335 aethera
1323 1273 1509 1336 sustulerint.
1548 1273 1593 1336 At
1614 1291 1691 1335 nunc

340 1362 504 1442 perspicilli
526 1379 632 1424 recens
656 1360 769 1422 inventi
792 1361 934 1424 beneficio
957 1362 1015 1442 ipsi
1030 1369 1268 1424 astronomorum
1293 1362 1372 1424 oculi
1395 1371 1480 1424 recta
1503 1361 1691 1423 adducuntur

340 1451 378 1511 ad
410 1450 625 1530 pervidendam
658 1450 726 1510 viae
758 1449 877 1513 lacteae
909 1451 1128 1513 substantiam:
1162 1459 1196 1512 ut
1228 1449 1394 1530 quicunque
1427 1449 1484 1512 hoc
1516 1449 1690 1530 spectaculo

340 1538 463 1614 lruitur,
497 1539 523 1599 is
557 1538 646 1600 fateri
676 1545 818 1616 cogatur,
852 1539 927 1600 nihil
951 1559 1018 1602 esse
1042 1539 1123 1600 aliud
1146 1539 1225 1600 viam
1250 1539 1398 1614 lacteam,
1432 1537 1489 1600 nisi
1519 1538 1691 1618 ‘congeriem

340 1626 606 1688 minutissimarum
630 1626 795 1690 stellarum.
1187 1671 1191 1676 .

430 1713 511 1786 Quid
534 1722 618 1776 esset
640 1715 785 1776 nebulosa
808 1715 915 1789 stella,
948 1715 1068 1794 penitus
1092 1714 1262 1794 ignoratum
1292 1712 1457 1775 hactenus:
1488 1713 1691 1794 perspicillum

341 1821 413 1864 vero
442 1803 472 1864 in
503 1804 596 1865 talem
624 1803 753 1882 aliquam
782 1804 956 1866 nebulosam
984 1802 1223 1864 convolutionem
1252 1804 1302 1875 (ut
1324 1801 1516 1864 Ptolemaeus
1542 1802 1691 1882 appellat)

341 1892 498 1966 directum,
523 1890 657 1953 ostendit
680 1910 795 1953 rursum
817 1899 851 1953 ut
874 1891 903 1952 in
927 1890 978 1952 via
1000 1892 1100 1953 lactes
1123 1890 1213 1964 duas,
1246 1899 1308 1952 tres
1332 1891 1379 1952 vel
1403 1897 1531 1970 quatuor
1554 1890 1690 1953 clarissi-

340 1999 406 2042 mas
430 1981 539 2042 stellas
562 1979 590 2040 in
615 1978 784 2041 arctissimo
808 1979 907 2060 spatio
930 1980 1106 2042 collocatas.
1260 2042 1268 2058 Ι

433 2065 510 2138 Quis
532 2087 604 2129 vero
628 2067 815 2143 credidisset,
839 2069 965 2128 lixarum
988 2085 1141 2130 numerum
1169 2085 1236 2127 esse
1265 2065 1390 2144 decuplo
1420 2073 1473 2128 aut
1501 2066 1580 2128 forte
1603 2065 1690 2146 vige-

345 2157 433 2236 cuplo
456 2158 598 2236 majorem
622 2174 676 2231 eo,
710 2155 759 2234 qui
783 2163 830 2218 est
854 2156 882 2238 in
907 2157 1093 2218 Ptolemaica
1115 2156 1240 2216 fixarum
1264 2154 1486 2234 descriptione,
1519 2154 1546 2215 si
1578 2154 1691 2234 absque

342 2243 399 2304 hoc
422 2244 621 2305 instrumento
645 2243 772 2306 fuisset?
799 2244 840 2306 Et
863 2244 941 2306 uude
965 2263 1077 2325 quaeso
1101 2251 1307 2321 argumentum
1331 2251 1471 2321 petamus
1496 2243 1533 2304 de
1556 2243 1614 2304 flue
1637 2262 1691 2303 seu

341 2331 468 2392 termino
493 2331 581 2409 hujus
605 2331 705 2393 mundi
729 2332 943 2411 aspectabilis,
982 2333 1059 2414 quod
1092 2333 1119 2394 is
1143 2332 1185 2393 sit
1207 2332 1274 2412 ipsa
1298 2331 1427 2411 sphaera
1449 2332 1594 2405 lixarum,
1632 2329 1690 2392 nisi

341 2419 379 2480 ab
403 2420 460 2480 hac
482 2419 552 2498 ipsa
574 2419 698 2481 fixarum
722 2421 912 2482 multitudine
935 2421 1106 2502 perspicillo
1132 2421 1269 2494 detecta,
1299 2438 1375 2499 quae
1406 2427 1454 2481 est
1477 2419 1570 2481 veluti
1595 2435 1686 2500 quae·

342 2507 410 2569 dam
435 2508 655 2570 concameratio
679 2509 781 2572 mundi
804 2509 933 2572 mobilis.

431 2593 584 2667 Quantum
608 2596 699 2659 etiam
723 2605 912 2660 astronomus
936 2605 1016 2660 erret
1039 2598 1068 2660 in
1083 2593 1311 2657 determinanda
1324 2594 1450 2655 fixarum
1473 2593 1689 2673 magnitudine,

341 2685 398 2746 nisi
421 2685 584 2766 perspicilli
615 2705 671 2748 usu
695 2687 802 2749 stellas
826 2687 863 2748 de
887 2705 963 2748 novo
992 2687 1116 2749 lustret:
1145 2681 1259 2746 'videre
1290 2689 1339 2744 est
1367 2682 1472 2744 itidem
1496 2683 1576 2763 apud
1600 2677 1689 2744 Gali-

337 2773 457 2847 'laeum3
484 2781 515 2834 et
538 2774 617 2836 inira
641 2773 732 2837 etiarn
749 2773 893 2837 Germani
916 2776 1069 2855 cujusdam
1092 2773 1198 2835 literas
1217 2772 1247 2834 in
1262 2770 1467 2832 testimonium
1481 2772 1687 2852 producemus.

373 2877 377 2882 ·
429 2861 492 2924 Sed
516 2881 631 2924 omnem
656 2863 882 2925 admirationem
907 2873 1031 2944 superat
1062 2861 1135 2925 illud
1160 2868 1251 2940 caput
1272 2859 1371 2920 nuncii
1400 2860 1523 2930 siderei,
1547 2858 1596 2920 ubi
1620 2877 1691 2940 per-

340 2950 450 3030 spicilli
479 2951 693 3030 perfectissimi
721 2951 864 3014 beneficio
897 2953 975 3014 alter
1005 2951 1091 3020 nohis
1123 2950 1205 3012 velut
1236 2948 1362 3011 mundus
1393 2946 1524 3011 Jovialis
1555 2947 1690 3008 detectus

341 3047 499 3100 narratur:
539 3047 571 3099 et
600 3059 683 3102 meus
707 3040 877 3120 philosophi
906 3059 964 3101 non
989 3041 1053 3102 sine
1077 3047 1200 3120 stupore
1224 3036 1410 3112 considerat,
1440 3055 1507 3100 esse
1539 3035 1689 3116 lugentem

342 3126 469 3206 aliquem
494 3126 623 3206 globum,
648 3128 696 3209 qui
721 3128 799 3190 mole
823 3130 956 3208 corporis
980 3127 1204 3209 quatuordecim
1219 3125 1325 3206 globos
1340 3125 1513 3188 Terrestres
1539 3125 1691 3204 adaequat

342 3213 415 3286 (uisi
439 3213 487 3274 hic
504 3212 636 3277 Galilaei
660 3217 864 3297 perspicillum
888 3217 974 3278 nobis
998 3216 1129 3278 limatius
1153 3214 1266 3294 aliquid
1280 3213 1447 3275 Braheanis
1467 3233 1691 3277 commensura·

339 3301 474 3367 tionibus
501 3302 582 3364 brevi
605 3305 753 3384 proferet)
777 3305 858 3367 circa
881 3324 968 3386 quern
992 3313 1118 3385 quatuor
1141 3305 1245 3366 Lunae
1270 3310 1391 3364 nostrae
1415 3301 1482 3364 huic
1506 3303 1610 3364 Lunae
1633 3319 1691 3364 nou

341 3390 495 3452 absimiles
525 3390 777 3468 circumcurrsut3
808 3393 982 3455 tardissima
1005 3392 1105 3474 spatio
1120 3391 1234 3454 dierum
1256 3391 1480 3472 quatuordecim
1503 3390 1692 3465 nostratium,

340 3485 374 3540 ut
392 3475 551 3540 Galilaeus
573 3479 721 3559 prodidit;
744 3482 882 3561 proxima
906 3483 944 3544 ab
968 3482 1021 3544 illa
1044 3482 1098 3544 sed
1112 3479 1240 3542 maxime
1265 3477 1393 3541 omnium
1408 3479 1570 3559 conspicua
1592 3479 1692 3559 spatio

245 3615 247 3620 .
342 3567 458 3630 dierum
483 3576 571 3643 octo,
609 3575 644 3629 ut
665 3568 731 3648 Ego
756 3570 902 3649 superiori
924 3570 1025 3652 Aprili
1048 3577 1080 3632 et
1102 3569 1184 3649 Majo
1213 3567 1414 3647 deprehendi,
1449 3569 1582 3649 reliquae
1616 3567 1692 3629 duae

340 3657 436 3718 multo
461 3655 557 3718 adhuc
581 3655 710 3719 breviori
733 3659 877 3738 temporis
900 3660 1063 3722 curriculo:
1088 3657 1138 3720 ubi
1162 3657 1240 3720 ratio
1265 3675 1302 3718 ex
1325 3657 1399 3718 meis
1423 3657 1460 3717 de
1483 3656 1584 3718 Marte
1600 3653 1693 3719 Gom-

340 3745 498 3807 mentariis
522 3743 561 3806 ad
585 3763 708 3807 causam
731 3745 858 3809 similem
883 3749 1032 3810 accersita
1055 3746 1164 3809 suadet
1187 3752 1339 3820 statuere,
1371 3745 1463 3807 etiam
1485 3745 1583 3826 ipsum
1606 3744 1692 3806 Jovis

339 3832 460 3913 globum
493 3833 631 3895 convolvi
663 3835 853 3914 rapidissime
886 3843 918 3898 et
940 3838 1045 3917 procul
1070 3835 1160 3897 dubio
1184 3834 1311 3896 celerius
1336 3852 1424 3915 quam
1456 3834 1486 3896 in
1514 3834 1601 3896 unius
1634 3832 1694 3894 diei

339 3922 489 3984 nostratis
523 3921 638 4001 spatio:
676 3931 710 3985 ut
740 3924 818 3987 hanc
851 3925 932 4004 globi
964 3924 1085 3988 maximi
1113 3922 1353 3986 convolutionem
1377 3921 1458 3984 circa
1487 3941 1573 3984 suum
1605 3939 1693 3983 axem

340 4018 469 4090 quatuor
492 4011 610 4073 illarum
629 4011 782 4076 Lunarum
804 4033 951 4094 perennes
975 4013 1116 4076 circuitus
1139 4012 1170 4074 in
1184 4011 1306 4093 plagam
1321 4011 1446 4074 eandem
1462 4019 1692 4091 consequantur.

338 4100 442 4180 Atque
467 4099 526 4162 illis
551 4098 668 4180 quidem
699 4101 773 4164 locis
797 4102 849 4164 Sol
881 4102 928 4164 hic
958 4111 1076 4178 noster,
1106 4101 1269 4164 communis
1300 4109 1331 4162 et
1359 4100 1447 4180 hujus
1471 4098 1639 4161 Terrestris
1663 4109 1695 4160 et

338 4188 419 4250 illius
442 4188 575 4250 Jovialis
599 4189 701 4250 mundi
725 4191 827 4266 locus,
862 4211 949 4270 quem
982 4211 1037 4253 nos
1068 4191 1215 4253 tricenum
1239 4187 1397 4270 plurimum
1421 4188 1603 4252 minutorum
1626 4205 1695 4248 esse

340 4295 505 4352 censemus,
531 4277 583 4338 vix
606 4297 679 4340 seua
703 4287 756 4341 aut
779 4286 905 4359 septena
928 4281 1044 4343 minuta
1058 4279 1182 4359 implet;
1206 4277 1385 4358 interimque
1400 4277 1556 4340 duodecim
1570 4284 1695 4338 nostra-

339 4365 413 4428 tium
437 4385 582 4428 aunorum
607 4367 707 4446 spatio
730 4368 886 4431 zodiacum
910 4389 1047 4432 emensus
1081 4369 1159 4448 apud
1193 4368 1315 4430 easdem
1343 4385 1459 4429 rursum
1482 4366 1559 4427 fixas
1583 4365 1694 4446 depre-

339 4454 490 4516 henditur.
537 4453 644 4536 Itaque
669 4473 745 4536 quae
769 4458 798 4519 in
823 4456 874 4520 illo
893 4458 980 4520 Juvis
1004 4458 1092 4538 globo
1118 4457 1231 4537 degunt
1254 4462 1421 4528 creaturae,
1447 4454 1516 4516 dum
1539 4454 1593 4516 illa
1616 4473 1694 4534 qua-

330 4551 409 4622 ‚tuor
432 4543 585 4605 Lunarum
618 4545 798 4607 brevissima
827 4565 881 4625 per
902 4548 979 4608 fixas
1004 4545 1151 4610 curricula
1173 4545 1433 4623 contemplantur,
1468 4543 1537 4605 dum
1561 4541 1695 4623 quotidie

339 4631 472 4694 orientes
496 4631 725 4712 occidentesque
751 4643 783 4695 et
804 4634 943 4715 ipsaset
962 4633 1065 4697 Solem
1089 4634 1247 4715 aspiciunt,
1273 4632 1381 4695 Jovem
1405 4633 1535 4713 lapidem
1555 4632 1698 4713 jurarent

340 4722 449 4800 (nuper
472 4720 551 4782 euim
575 4739 613 4784 ex
635 4721 695 4783 illis
719 4723 890 4803 regionibus
917 4741 1058 4786 reversus
1081 4724 1213 4797 adsum),
1244 4739 1329 4784 suum
1356 4721 1440 4783 illum
1462 4720 1550 4784 Jovis
1574 4721 1698 4801 globum

341 4809 493 4888 quiescere
516 4827 575 4870 uno
598 4810 664 4871 loco
688 4810 885 4888 immobilem,
918 4813 993 4873 fixas
1017 4830 1088 4873 vero
1113 4821 1144 4872 et
1167 4810 1285 4886 Solem,
1311 4829 1387 4889 quae
1411 4828 1538 4890 corpora
1561 4829 1594 4872 re
1623 4829 1699 4872 vera
