3684 5518
317 329 381 398 tlt
784 329 974 395 rumpamus
992 332 1017 378 u
1036 328 1204 380 eruturum.

316 509 379 581 BF,
402 518 546 588 punctum
569 509 599 570 A
622 525 676 586 per
698 504 768 578 AG,
795 503 865 577 GH,
889 505 946 565 ΗΒ
975 505 1071 566 lineas
1101 505 1268 567 lateraliter
1294 503 1460 582 ingreditur
1482 503 1508 564 B
1532 505 1670 565 oculum:

317 596 431 658 directe
463 613 533 658 vero
566 604 633 656 erat
662 590 879 674 ingressumO
910 593 1037 654 oculum.
1085 592 1187 663 Quare
1218 591 1325 654 videns
1357 591 1441 654 usus
1473 599 1617 672 punctum
1641 593 1672 653 A

317 685 414 747 altero
437 684 522 744 oculo
546 684 677 756 directe,
712 681 809 744 altero
833 681 999 749 indirecte,
1030 682 1097 760 jure
1122 680 1287 754 existimat,
1312 699 1345 742 se
1373 681 1477 742 videre
1510 681 1586 741 dnae
1609 697 1670 742 res.

317 770 434 844 Quodsi
456 770 539 832 visus
563 789 617 831 nec
640 769 670 832 in
693 771 719 831 F
741 787 796 830 nec
824 771 854 830 in
878 771 908 830 H
940 767 1101 848 dirigatur,
1133 768 1250 831 scilicet
1271 769 1300 830 in
1326 769 1423 830 locum
1450 767 1671 836 intermedium,

316 867 388 922 tunc
411 859 438 921 ia
461 859 543 938 globi
566 860 650 921 locus
674 857 788 919 directe
821 857 940 937 quidem
972 857 1140 932 videbitur,
1174 857 1314 937 utrinque
1341 875 1413 918 vero
1441 857 1542 937 imago
1571 857 1673 936 aliqua

316 949 473 1010 indirecte.
862 977 863 982 κ

404 1035 464 1097 Hic
496 1039 619 1114 propter
658 1031 822 1095 schematis
862 1032 1117 1110 opportunitatem
1155 1031 1290 1111 quamvis
1328 1038 1414 1093 extra
1446 1033 1529 1093 oleas
1561 1031 1671 1111 adjicio

317 1122 600 1186 demonstrationem
625 1121 699 1200 ejus,
726 1121 804 1200 quod
828 1121 1012 1183 Aristoteles
1035 1121 1169 1182 sectione
1194 1117 1244 1182 31.
1272 1119 1460 1199 problemate
1487 1121 1536 1184 ll.
1561 1128 1593 1180 et
1618 1119 1670 1181 17.

317 1209 453 1291 quaerit:
487 1222 638 1292 quomodo,
670 1237 729 1273 cunr
756 1225 873 1288 uterque
903 1219 997 1273 oculus
1019 1221 1055 1273 ab
1082 1219 1177 1272 eodem
1206 1218 1340 1288 principio
1360 1217 1398 1272 sit
1418 1223 1546 1288 aptatus,
1576 1221 1672 1272 manen

318 1300 385 1355 insit
405 1299 491 1354 oculis
512 1300 643 1362 facultas,
664 1315 747 1353 uuam
760 1315 817 1351 rem
832 1313 881 1366 pro
902 1299 1015 1368 gemina
1035 1298 1214 1353 aestimandi:
1236 1299 1308 1352 eitra
1326 1297 1410 1352 stiam
1425 1296 1671 1352 considerationem

316 1379 396 1452 globi
418 1379 500 1452 aquei
521 1387 570 1434 aut
591 1379 696 1449 speculi
717 1377 797 1432 eavit
829 1375 1026 1454 Respondeo,
1059 1395 1234 1438 concurrere
1265 1376 1442 1438 dualitatem
1465 1377 1617 1438 oculorum
1639 1383 1672 1436 et

318 1466 542 1530 distinctionem
565 1464 697 1527 directae
724 1464 850 1526 visionis
874 1463 912 1525 ab
936 1464 1070 1543 obliqua,
1101 1482 1154 1526 seu
1185 1464 1371 1543 obliquarum
1399 1465 1438 1525 ab
1465 1464 1594 1526 invicem
1616 1481 1672 1542 par

316 1554 454 1616 diversas
477 1552 643 1633 superficiei
665 1558 781 1632 partes.
819 1551 867 1613 Sit
890 1552 918 1612 in
937 1551 1033 1630 ligura
1048 1547 1100 1614 tt.
1121 1553 1174 1612 ΒΗ
1197 1553 1307 1631 paries,
1332 1551 1410 1613 oculi
1424 1553 1461 1626 Β,
1481 1549 1518 1621 Ο,
1542 1569 1670 1631 quorum

315 1643 397 1706 aciae
420 1643 449 1704 iu
472 1659 562 1704 unum
584 1640 711 1721 parietis
734 1648 879 1719 puuctum
903 1638 1079 1720 dirigantur,
1105 1641 1136 1701 id
1160 1641 1201 1702 sit
1215 1642 1259 1714 F;
1282 1640 1459 1701 intermedio
1484 1641 1549 1701 luno
1572 1639 1670 1700 collo-

313 1740 404 1793 cetur
428 1728 565 1802 risibile,
589 1729 674 1808 nujus
703 1728 819 1809 species
843 1736 892 1789 est
920 1729 1111 1804 geminanda,
1135 1728 1165 1790 id
1190 1728 1231 1790 sit
1253 1726 1291 1789 D.
1339 1725 1414 1788 Cum
1438 1727 1532 1807 igitur
1552 1725 1605 1790 FO
1629 1727 1673 1788 sit

316 1817 384 1882 axia
406 1817 484 1880 oculi
508 1815 533 1878 Ο
559 1816 760 1890 coadunatus,
784 1816 814 1877 D
837 1816 997 1895 apparebit
1023 1817 1108 1878 ooulo
1133 1814 1158 1877 Ο
1182 1817 1212 1876 in
1236 1815 1317 1878 linea
1340 1817 1417 1877 axia.
1463 1816 1595 1877 Etcum
1618 1815 1670 1876 FB

317 1896 361 1970 att
384 1907 450 1968 axis
474 1904 591 1966 oculiB
615 1905 818 1978 continuatus,
842 1904 898 1965 BD
912 1921 982 1964 vero
1006 1904 1048 1964 sit
1071 1903 1150 1965 linea
1173 1903 1234 1965 alia
1256 1922 1345 1983 qnam
1368 1904 1443 1977 axis,
1467 1904 1497 1965 D
1511 1903 1672 1984 apparebit

317 1995 403 2056 oculo
427 1993 453 2056 Β
478 1999 564 2054 extra
588 1992 697 2054 lineam
725 1992 791 2053 axis
814 1993 844 2054 in
868 1993 929 2054 alia
956 2001 1043 2071 parte
1067 1991 1249 2070 superficiei,
1278 1992 1323 2053 ita
1346 2009 1400 2070 pro
1427 1992 1550 2054 diversa
1572 1992 1670 2052 collo-

315 2083 435 2144 catione
460 2081 489 2142 iu
514 2081 608 2142 oculis
632 2079 771 2142 diversas
794 2079 910 2160 species
934 2080 1132 2159 apparebunt.
1174 2078 1310 2141 Ebriosis
1333 2079 1437 2159 itaque
1461 2089 1493 2140 at
1515 2078 1669 2150 morbidis,

318 2180 351 2232 et
374 2168 476 2250 pueris
499 2167 688 2248 senibusque,
714 2176 745 2228 et
764 2186 885 2247 qnorum
904 2167 1066 2228 voluntarii
1089 2174 1188 2228 motus
1207 2167 1344 2245 impediti
1364 2175 1444 2237 sunt,
1468 2168 1524 2228 boc
1548 2167 1669 2230 accidit.

532 2299 585 2364 sig.
608 2295 649 2346 η’
872 2255 1670 2422 ρυηοῗζοξηοοῗξιξῖοᾞίίίῗῗίῖἰεὶῐέιξίίῖιείᾳίἓ

874 2448 1109 2511 quaecunque
1124 2439 1261 2509 puncta
1280 2431 1380 2510 globi
1396 2432 1502 2512 aquei
1518 2430 1668 2510 allapsi,

873 2519 1098 2580 refractione
1128 2519 1277 2597 gemina
1310 2520 1416 2581 iacta
1441 2527 1670 2582 concurrunt

873 2624 952 2668 eum
975 2625 1055 2680 axe,
1086 2605 1154 2667 hoc
1183 2614 1239 2667 est
1268 2626 1344 2670 cum
1371 2608 1483 2680 linea,
1513 2625 1603 2687 qnae
1627 2625 1670 2667 ex

873 2702 1004 2772 puncto
1044 2694 1217 2756 radiante
1254 2712 1319 2773 par
1358 2703 1525 2758 centrum
1567 2694 1669 2771 globi

874 2782 1032 2844 ducitur.
1081 2781 1128 2843 Sit
1151 2781 1182 2842 A
1213 2791 1348 2846 centrum
1371 2781 1425 2846 ΒΟ
1456 2783 1539 2864 globi
1571 2782 1669 2863 aquei,

874 2870 940 2930 axis
962 2871 1058 2932 DAF.
1105 2869 1155 2932 Sit
1182 2877 1324 2948 punctum
1351 2871 1474 2934 radians
1502 2889 1606 2932 versus
1628 2871 1669 2943 D,

874 2956 1037 3019 distantias
1067 2959 1107 3020 ad
1134 2959 1256 3036 globum
1285 2959 1540 3040 incomparabilia.
1586 2959 1669 3036 Ergo

874 3045 972 3106 lineae
996 3065 1015 3105 a
1037 3053 1148 3125 puncto
1171 3047 1223 3109 illo
1247 3047 1285 3108 ad
1309 3049 1503 3129 quodcunque
1526 3056 1668 3127 punctum

874 3133 1021 3212 sphaerae
1058 3134 1167 3196 ductas
1205 3135 1421 3198 insensibiliter
1459 3135 1598 3198 differant
1630 3135 1669 3195 ab

875 3220 1146 3300 aequidistantibus
1174 3224 1224 3283 uxi
1252 3224 1347 3286 DAF.
1394 3222 1462 3285 Sint
1492 3233 1604 3303 puncta
1631 3223 1668 3298 B,

876 3308 920 3382 G,
956 3309 1052 3370 lineae
1083 3311 1249 3388 parallelae
1282 3312 1331 3372 axi
1363 3311 1434 3386 KB,
1467 3310 1536 3374 LG.
1593 3311 1670 3372 Dion

874 3414 1072 3458 concursuras
1094 3415 1161 3460 cum
1184 3417 1241 3460 axo
1264 3400 1359 3461 DAF.
1406 3401 1485 3464 Nam
1509 3400 1580 3480 quia
1601 3399 1668 3473 KB,

874 3482 934 3546 LG
956 3484 986 3547 in
1010 3485 1169 3565 sphaeram
1189 3489 1359 3549 densiorem
1381 3489 1500 3569 oblique
1523 3487 1668 3560 incidunt,

873 3573 1076 3651 refringantur
1111 3592 1182 3654 orgo
1219 3576 1259 3636 ad
1294 3577 1560 3656 perpendiculares
1600 3575 1668 3648 BA,

876 3661 946 3736 Gn,
961 3670 994 3723 st
1007 3661 1104 3734 ΚΒΟ,
1126 3661 1211 3725 LGH
1231 3666 1306 3726 liunt
1319 3665 1407 3728 binae
1427 3665 1524 3728 lineae
1543 3665 1670 3744 angulos

874 3753 904 3813 in
936 3750 972 3824 B,
1004 3748 1042 3823 G,
1077 3752 1231 3815 iacientes.
1283 3754 1364 3833 Ergo
1397 3752 1450 3816 ΟΒ
1485 3761 1571 3816 secat
1601 3751 1668 3826 RK,

876 3857 967 3918 quare
991 3839 1110 3918 atejus
1133 3842 1310 3919 parallelum
1333 3842 1394 3905 DA
1415 3842 1572 3922 producta.
1617 3839 1670 3902 Sic

875 3925 937 3989 HG
959 3937 1046 3988 senat
1062 3927 1128 4002 GL,
1152 3948 1243 4008 quare
1265 3937 1295 3992 et
1319 3931 1385 4011 ejus
1408 3932 1583 4011 parallelam
1597 3928 1668 3990 DA.

875 4016 918 4078 Et
940 4016 1009 4094 quia
1030 4014 1095 4091 ΒΟ,
1121 4014 1182 4079 GH
1204 4037 1402 4082 concursuras
1425 4038 1492 4082 oum
1516 4019 1572 4082 AF
1593 4035 1668 4079 axe·

315 4116 371 4171 unt
399 4110 429 4169 in
462 4104 593 4168 medinm
625 4109 738 4182 rarius,
771 4108 975 4188 refringantur
1007 4103 1098 4183 igitur
1126 4125 1144 4166 a
1175 4107 1473 4187 perpendicularibus
1504 4105 1579 4182 AG,
1609 4105 1669 4167 ΔΗ

316 4197 433 4258 ratione
456 4194 625 4269 annueris,
656 4196 774 4274 angulis
797 4215 868 4258 vero
892 4193 1014 4262 iisdem,
1043 4201 1076 4254 ut
1101 4193 1163 4256 sint
1185 4195 1329 4276 aequales
1352 4193 1447 4270 ΚΒΟ,
1472 4195 1568 4270 BGF,
1592 4195 1670 4258 siout

315 4282 414 4353 LGH,
440 4280 533 4354 GHI,
567 4283 639 4362 quia
668 4285 852 4346 incidentiae
874 4284 901 4345 B
925 4279 1005 4342 etO
1035 4283 1178 4362 aequales
1209 4292 1296 4358 sunt,
1327 4292 1361 4346 ut
1383 4293 1415 4346 et
1438 4282 1478 4359 G,
1501 4285 1541 4346 H.
1590 4283 1669 4344 Vide

315 4369 356 4445 X,
379 4368 409 4435 9.
433 4368 621 4432 Vitellianis.
659 4369 722 4432 Sed
744 4370 798 4433 ΒΟ
819 4372 888 4452 ipsa
911 4377 945 4432 ut
967 4376 999 4431 et
1022 4367 1081 4431 GH
1106 4379 1244 4434 secturae
1269 4381 1356 4434 erant
1371 4373 1436 4441 AF,
1460 4373 1554 4435 multo
1577 4371 1671 4451 igitur

316 4458 413 4538 magis
438 4455 498 4531 OF,
524 4457 570 4519 Hl
592 4457 740 4520 secabunt
759 4459 814 4520 AF
836 4460 866 4522 iu
889 4460 915 4520 F
938 4465 968 4520 at
990 4458 1016 4532 1,
1040 4458 1109 4538 quio
1132 4461 1200 4539 plus
1222 4461 1252 4522 in
1275 4460 1350 4522 illud
1374 4460 1454 4522 lutus
1477 4459 1667 4522 inclinantur.

403 4545 553 4608 Lemma
575 4545 615 4608 ad
639 4545 874 4626 propositionem
893 4547 950 4607 IX.
975 4554 1161 4624 sequentem.
1202 4545 1277 4610 (ium
1301 4550 1339 4610 ab
1363 4547 1542 4630 aequalibus
1565 4547 1668 4610 oirouli

315 4633 443 4696 arcubus
465 4639 568 4696 renus
592 4633 739 4696 ducuntur
762 4633 801 4696 ad
824 4639 969 4716 punctum
988 4643 1075 4696 extra
1097 4636 1250 4710 circulum,
1275 4637 1451 4717 inaequales
1474 4643 1544 4700 sunt
1567 4635 1667 4716 auguli

316 4721 356 4782 ad
377 4728 520 4799 puuctum
543 4721 582 4783 ab
605 4721 782 4802 aequalibus
805 4721 935 4784 arcubus
955 4721 1101 4798 suhtensi,
1126 4731 1158 4786 et
1175 4723 1316 4802 majores,
1341 4743 1467 4805 quorum
1489 4743 1578 4788 arcus
1596 4729 1669 4787 aunt

316 4805 462 4872 diametro
486 4825 542 4890 per
562 4816 706 4889 punctum
730 4808 900 4872 viciniores.

773 3981 796 4030 Iu
