3694 5528
345 275 409 342 524
708 297 710 306 ·
921 276 951 326 In
970 275 1113 337 Dioptrican

434 451 561 516 Sextam
584 453 699 532 optines
729 451 893 514 utilitatem
915 451 999 513 Pena
1029 455 1242 512 commemorat
1272 446 1303 509 in
1330 446 1528 509 convellenda
1556 443 1708 525 opinione

347 541 607 605 Aristotelicorum
630 541 667 602 de
691 540 822 620 galaxia,
847 540 935 601 docet
922 548 993 621 tque
1018 547 1055 601 ert
1078 525 1194 617 dptica,
1229 535 1424 620 galaxiam
1416 557 1445 597 rn
1477 536 1545 616 ipso
1574 534 1707 596 aethere

347 631 520 710 longissime
542 648 632 709 supra
651 628 768 690 Lunam
803 629 1015 692 circumfundi:
1054 628 1161 708 quippe
1185 644 1261 706 quae
1284 623 1536 706 permutationem
1559 623 1619 685 loci
1644 621 1707 682 sub

347 719 413 781 111111
436 719 547 781 nullam
570 736 623 797 per
647 717 768 780 diversa
791 719 949 779 Terrarum
973 718 1039 779 loca
1068 716 1263 795 diversosque
1294 714 1333 775 ad
1360 713 1548 775 horizontem
1579 711 1706 792 positus

348 807 442 870 1111111
467 806 616 886 subjiciat.
656 808 800 886 Magnum
818 806 1025 884 proculdubio
1050 812 1082 865 et
1104 804 1159 865 hoc
1182 805 1298 884 optices
1321 802 1496 865 heneficium
1520 806 1706 881 agnoscent,

348 896 396 976 qui
420 896 566 958 hacteuus
590 893 766 957 Aristotelis
789 895 1038 973 Meteorologiam
1062 901 1262 972 suspexerunt
1283 891 1371 971 inque
1395 891 1492 971 pretio
1517 889 1705 962 habuerunt,

347 986 405 1046 etsi
429 1003 474 1054 ea,
501 1003 576 1064 qnae
600 983 680 1045 circa
702 984 855 1063 galaxiam
881 981 1038 1045 Galilaeus
1063 1000 1118 1060 ope
1142 980 1307 1061 perspicilli
1330 980 1460 1054 detexit,
1485 976 1705 1041 ratiocinatio-

249 1075 254 1080 “
348 1091 415 1136 nem
439 1074 515 1135 hano
539 1073 638 1134 Penas
662 1091 750 1153 porro
773 1073 901 1133 reddent
924 1088 1148 1152 supervacuam.

436 1153 647 1242 Sequuntur'
639 1181 668 1222 ru
693 1162 792 1222 Panae
825 1161 1011 1239 praefatione
1044 1158 1190 1221 deformia
1221 1156 1382 1230 nonnulla,
1417 1155 1524 1236 quibus
1556 1172 1632 1233 rogo
1662 1171 1703 1213 ne

348 1250 464 1353 optices
488 1250 642 1311 studiosus
666 1257 785 1310 moveat
787 1269 830 1310 ur.
878 1249 986 1310 Visum
1008 1249 1070 1310 fleri
1097 1246 1247 1309 radiorum
1268 1245 1441 1325 receptione
1456 1243 1583 1306 Vitellio
1599 1241 1705 1302 veris-

349 1339 423 1401 sime
458 1338 586 1412 statuit;
624 1338 814 1416 comprobavi
848 1356 903 1416 ego
935 1337 1168 1398 evidentissimis
1203 1333 1426 1414 experimentis.
1482 1333 1599 1410 Magna
1632 1337 1706 1390 erat

350 1428 517 1507 optinorum
554 1385 693 1506 gloriatio
728 1433 832 1487 contra
856 1426 1079 1493 Aristotelicum
1104 1423 1293 1486 emissionem
1316 1421 1466 1484 radiorum
1491 1420 1704 1492 defendentes,

348 1523 471 1596 propter
504 1533 680 1577 consensum
713 1515 843 1593 ipsorum
874 1514 952 1576 inter
988 1533 1031 1576 11.
1078 1513 1247 1574 Dolendum
1269 1512 1388 1591 itaque,
1417 1510 1519 1572 Penae
1548 1507 1702 1570 contrario

349 1602 521 1667 testimonio
544 1603 671 1683 gloriam
694 1602 771 1664 hanc
795 1603 959 1681 optioomm
993 1602 1123 1675 foedari,
1157 1601 1336 1680 praesertim
1368 1618 1433 1660 cum
1464 1607 1496 1660 et
1528 1597 1592 1679 ipse
1616 1595 1704 1657 Pena

350 1693 390 1754 sit
413 1693 540 1771 opticus,
566 1700 598 1752 et
622 1711 658 1751 ea
681 1692 748 1771 ipsa
771 1691 799 1752 in
823 1691 1011 1770 praelatione
1026 1710 1063 1770 op
1066 1691 1158 1752 ticam
1173 1689 1370 1751 commendet
1417 1687 1513 1767 Atqui
1530 1683 1704 1766 perpendat

260 1781 264 1784 ’
351 1780 559 1862 philosophiae
592 1775 706 1855 cultor,
745 1799 843 1841 rerum
875 1779 1081 1842 abstrusorum
1114 1777 1375 1880 investigationem
1412 1795 1470 1838 uon
1508 1776 1595 1836 unius
1631 1791 1702 1834 esse

351 1869 463 1943 seculi;
487 1887 579 1948 saepe
598 1867 721 1944 veritas,
748 1868 849 1930 furtim
872 1869 958 1953 quasi
981 1869 1011 1929 in
1035 1876 1227 1946 conspectum
1242 1883 1375 1939 vemens
1391 1864 1586 1943 negligeutra
1600 1861 1700 1942 phrlo

349 1958 510 2038 sophorum
534 1957 647 2017 offensa
670 1916 768 2018 subito
793 1977 825 2018 se
850 1975 966 2018 rursum
990 1956 1138 2029 subducit,
1164 1974 1221 2015 non
1246 1954 1371 2033 dignata
1394 1953 1529 2014 homines
1554 1952 1700 2013 111111-

351 2053 456 2126 spectu
479 2063 572 2114 mero,
596 2044 655 2106 nisi
678 2045 828 2106 officiosos
853 2052 884 2105 et
907 2045 1082 2106 industrios.
1130 2043 1219 2104 Adde
1243 2043 1322 2123 quod
1344 2042 1429 2102 Pena
1451 2038 1588 2113 Euclidi,
1613 2057 1701 2118 quem

352 2155 371 2195 a
400 2152 433 2194 se
462 2131 558 2194 denuo
587 2151 705 2194 versum
737 2134 788 2194 illo
822 2132 923 2194 libello
957 2132 1106 2200 exhibuit,
1145 2131 1320 2193 emissiones
1357 2130 1510 2192 radiorum
1543 2127 1702 2206 usurpanti

351 2229 475 2302 propter
508 2220 675 2298 opinionem
709 2220 897 2300 antiquitatis
931 2220 1044 2301 aliquid
1077 2219 1182 2282 tribuit
1213 2217 1416 2299 impertineuti
1448 2217 1478 2278 in
1511 2214 1702 2298 philosophia

353 2308 461 2372 studio.
514 2309 621 2387 Itaque
655 2328 774 2376 assumo
807 2329 843 2370 ex
869 2327 920 2370 ore
952 2310 1053 2371 Panae
1084 2310 1169 2389 eique
1204 2308 1337 2370 rescribo
1374 2309 1558 2368 sententiam
1595 2323 1700 2366 suam:

355 2398 520 2469 „Physicum
534 2399 597 2451 volo
610 2399 718 2452 minime
739 2400 885 2464 credulum,
908 2401 942 2453 ob
957 2400 1037 2470 idque
1052 2400 1204 2469 opticarum
1219 2398 1481 2451 demonstrationum
1502 2395 1700 2466 experientem,

353 2479 398 2550 qui
413 2478 559 2532 *Euclidem
588 2475 659 2548 (ipse
684 2479 860 2532 Vitellionem
888 2478 1009 2544 dixerat)
1036 2487 1197 2550 ceterosque
1226 2479 1331 2548 opticos
1361 2484 1489 2531 accurate
1511 2476 1653 2530 examinat
1673 2479 1702 2526 et

352 2560 385 2612 iis
407 2563 515 2612 tautum
536 2560 639 2621 credat,
663 2565 795 2629 quantum
815 2561 851 2612 ab
867 2559 899 2612 iis
920 2562 1135 2613 demonstratum
1155 2559 1256 2612 videat.
1284 2557 1334 2610 Vir
1354 2558 1408 2612 fuit
1427 2557 1556 2611 Euclides
1578 2554 1702 2610 doctrina

352 2646 382 2692 et
402 2638 555 2692 eruditione
576 2637 646 2692 nulli
673 2640 820 2702 secundus,
848 2645 881 2692 ut
901 2639 961 2707 ejus
983 2645 1159 2693 monumenta
1185 2643 1355 2701 monstrant,
1382 2639 1431 2692 sed
1458 2653 1530 2708 quae
1557 2635 1701 2690 communis

352 2718 556 2788 disciplinarum
576 2717 721 2772 orientium
741 2725 866 2782 sument,
889 2719 1030 2788 opiniones
1044 2719 1143 2772 habuit
1164 2716 1339 2786 anticipatos,
1362 2733 1430 2787 quas
1444 2735 1495 2786 pro
1518 2715 1702 2770 axiomatibus

353 2797 615 2852 demonstrationum
638 2798 746 2862 obtulit,
769 2797 919 2866 cqjusmodi
940 2798 1007 2851 illud
1026 2805 1077 2862 est,
1099 2803 1241 2867 aspectum
1261 2797 1320 2850 fieri
1337 2813 1389 2865 per
1409 2797 1500 2851 radios
1522 2801 1701 2866 properantes

352 2879 388 2932 ab
410 2877 496 2931 oculis
518 2878 630 2932 adrem
651 2878 746 2940 visam,
770 2881 841 2948 quod
863 2885 955 2932 tamen
973 2896 1027 2932 non
1047 2877 1137 2948 magis
1159 2877 1343 2930 necessarium
1358 2883 1409 2942 est,
1432 2877 1552 2946 quamsi
1573 2875 1702 2930 visionem

351 2957 510 3026 receptione
531 2958 669 3011 radiorum
690 2957 749 3010 fieri
770 2957 872 3011 dioas.“
907 2957 990 3016 Haeo
1013 2956 1133 3036 inquam
1153 2956 1208 3016 hoc
1233 2955 1298 3016 1111
1314 2954 1414 3016 Ρ1111
1439 2955 1606 3034 regerenda
1620 2961 1702 3034 puto.

351 3043 432 3106 Nam
456 3044 494 3104 ad
518 3044 790 3107 demonstrationes
815 3044 961 3124 quasdam
984 3044 1056 3106 nihil
1081 3045 1208 3105 interest
1230 3051 1330 3104 utrum
1353 3062 1456 3104 verum
1477 3045 1538 3105 sit:
1565 3049 1595 3103 et
1619 3040 1703 3102 vides

353 3140 507 3210 utrumque
532 3151 550 3192 a
574 3151 620 3192 me
644 3134 809 3213 promiscue
833 3132 983 3211 usurpari,
1009 3133 1133 3212 Propos.
1159 3128 1189 3194 3.
1215 3139 1246 3192 11
1271 3128 1320 3194 19.
1365 3131 1434 3193 Etsi
1458 3131 1623 3194 notandum
1647 3129 1703 3190 hoc

355 3216 531 3279 discrimen:
566 3220 719 3282 siderei
748 3220 875 3283 lucentis
904 3228 1013 3282 natura
1042 3221 1171 3299 agimus,
1206 3219 1328 3300 expedit
1352 3239 1408 3281 nos
1437 3220 1518 3282 clare
1547 3219 1628 3301 loqui
1650 3235 1705 3278 nec

355 3306 436 3367 aliud
459 3324 548 3385 quam
572 3308 745 3371 emissiones
769 3309 918 3370 radiorum
943 3309 1122 3388 expunctis
1151 3307 1318 3370 lucentibus
1343 3307 1502 3372 inculcare.
1550 3309 1595 3372 At
1618 3307 1643 3368 si
1668 3307 1704 3367 dc

355 3393 471 3455 visione
494 3412 592 3455 rerum
615 3396 777 3458 lucentium
796 3397 890 3476 deque
905 3397 988 3459 visus·
1012 3397 1238 3476 deceptionibus
1259 3396 1414 3476 loquimur,
1440 3416 1531 3479 saepe
1547 3417 1601 3458 nos
1621 3396 1704 3475 ipsae

356 3481 589 3562 deceptiones'
580 3483 712 3544 111111111
741 3487 779 3546 11
809 3485 943 3564 captiose
973 3487 1057 3565 quasi
1086 3485 1264 3586 loquendum
1287 3492 1319 3545 et
1347 3485 1523 3548 emissiones
1556 3484 1705 3547 radiorum

356 3591 394 3632 ex
417 3571 502 3632 oculo
527 3573 723 3652 usurpandas,
749 3593 814 3635 cum
837 3593 869 3634 re
893 3593 966 3636 vera
989 3575 1050 3635 siut
1073 3573 1260 3664 receptiones
1284 3573 1466 3637 radiorum
1458 3594 1488 3636 11
1512 3575 1639 3636 oculum.

445 3655 506 3720 Our
530 3660 645 3722 duobus
669 3662 763 3724 oeulis
787 3661 889 3723 videat
877 3669 925 3723 tur
947 3681 996 3724 res
1019 3683 1097 3736 una,
1120 3645 1207 3723 Ρ111
1228 3667 1310 3723 11111
1334 3663 1448 3726 refellit
1472 3664 1582 3724 falsam
1606 3661 1660 3724 Vit
1661 3660 1704 3721 el-

356 3747 518 3810 lionist
469 3755 518 3809 rat
520 3747 634 3822 ionem,
661 3748 772 3812 611111
796 3769 889 3829 aeque
914 3751 1022 3812 falsam
1046 3751 1150 3811 laudat
1182 3769 1241 3811 non
1264 3745 1372 3811 recte²
1377 3745 1414 3826 )‚
1440 3750 1576 3814 Galenus
1600 3749 1705 3830 opticis

357 3835 494 3898 terminis
518 3855 589 3899 usus
613 3845 662 3900 est
685 3839 803 3902 minima
828 3840 867 3900 ad
891 3839 974 3919 leges
999 3838 1135 3919 opticas:
1171 3839 1255 3919 quasi
1281 3841 1452 3919 pyramides
1476 3839 1619 3913 visionis,
1644 3839 1704 3900 111-

358 3933 458 3986 matae
482 3925 549 4004 ipso
572 3926 693 3990 videndi
718 3935 787 3990 actu
821 3935 853 3990 et
886 3949 904 3989 a
933 3928 999 4003 visa
1028 3947 1078 4003 re,
1111 3927 1205 3988 veluti
1235 3949 1253 3988 a
1283 3930 1431 3992 communi
1455 3928 1521 3991 basi
1545 3928 1585 3991 ad
1608 3928 1705 3990 111111

357 4014 551 4076 continuatae
575 4016 656 4077 reale
682 4016 832 4097 quippiam
856 4017 962 4078 fierent
985 4017 1017 4078 et
1040 4034 1224 4094 corporeum,
1251 4034 1326 4095 quae
1350 4037 1416 4080 cum
1441 4017 1612 4080 detorsione
1632 4014 1705 4078 oculi

358 4102 528 4182 detorqueri
559 4123 657 4166 asua
686 4125 717 4166 re
750 4105 815 4166 visa
847 4113 983 4183 possent.
1031 4105 1145 4165 Veram
1177 4104 1279 4184 itaque
1312 4125 1434 4168 causam
1467 4105 1600 4186 reperies
1631 4105 1706 4167 iufra

359 4190 449 4270 Prop.
475 4187 526 4252 62.

445 4278 686 4359 Explicatiouem
709 4279 842 4354 balonis,
868 4278 968 4352 iridis,
992 4280 1173 4360 pareliorum
1203 4281 1507 4363 parasolenarnmque
1541 4301 1579 4345 ex
1611 4279 1707 4361 optica

358 4366 516 4447 disciplina
534 4370 696 4447 petendam
716 4369 783 4449 jam
806 4369 876 4430 olim
897 4368 974 4429 vidit
987 4368 1190 4431 Aristoteles:
1214 4389 1309 4450 neque
1334 4389 1378 4446 ea,
1405 4389 1481 4451 quae
1506 4371 1604 4438 adhuc
1628 4371 1706 4437 desi-

359 4455 502 4517 derantur
530 4457 559 4518 11
590 4457 836 4536 Meteorologicis
865 4456 1052 4533 Aristotelis,
1078 4457 1198 4520 aliunde
1230 4459 1363 4538 suppleri
1390 4467 1528 4538 possunt.
1582 4457 1706 4540 Cogita·

358 4561 459 4605 veram
485 4553 515 4607 et
539 4563 594 4624 ego
619 4545 665 4607 hio
689 4545 821 4608 libellum
845 4545 889 4606 da
913 4545 1011 4607 iride
1036 4546 1231 4626 subjungere,
1263 4547 1340 4626 quod
1365 4548 1607 4628 supplementum
1631 4556 1708 4610 esset

359 4633 574 4695 Aristotelicas
599 4653 688 4714 super
712 4633 785 4696 iride
810 4633 1036 4714 disquisitionis,
1061 4636 1115 4696 sed
1140 4635 1388 4698 desiderabantur
1411 4637 1509 4699 adhue
1531 4637 1707 4717 pareliorum

361 4721 506 4818 genuinae
530 4741 659 4796 causae,
684 4739 759 4802 quae
784 4731 855 4784 sunt
878 4722 977 4785 causis
1000 4729 1243 4802 portentosarum
1265 4723 1373 4787 iridum
1401 4726 1571 4806 implexae:
1610 4727 1708 4808 itaque

361 4805 392 4868 in
415 4827 560 4888 praesens
584 4811 640 4873 hoc
664 4811 816 4889 negotium
840 4811 967 4873 deserui.
990 4805 1033 4885 ²⁶)
