3652 5532
746 307 827 376 upra
843 308 930 362 Μ
1083 364 1086 375 ,
1445 309 1509 376 733

167 507 257 571 quam
280 487 307 550 si
329 507 436 566 novam
469 495 581 552 sectam
611 489 780 552 suaderent.
825 488 967 551 Krabbus
990 487 1068 550 dixit
1094 489 1199 552 eadem
1229 491 1265 552 de
1293 489 1407 552 oritura
1435 488 1510 552 reli-

167 579 256 659 gione
278 576 394 653 media,
418 577 473 639 sed
496 578 590 642 oculis
613 599 633 640 a
654 578 738 641 coelo
762 577 929 668 inuRagem
952 578 1081 660 aliquem
1103 578 1243 660 Europae
1265 580 1352 662 in‘qne
1375 598 1510 644 rumorm

166 667 327 730 nonnullos
351 667 467 729 aulicos
488 666 622 730 retortis.

254 756 440 819 Mutatioues
463 757 638 837 contingent
659 776 718 819 non
742 757 944 836 spernendae,
973 755 1202 836 magistratibus
1223 756 1272 819 his
1294 756 1509 833 intermortuis,

166 845 228 908 illis
243 845 381 908 diversae
395 845 596 926 professionis
618 845 846 916 succedentibus
862 864 991 927 suasque
1007 865 1108 908 secum
1124 845 1311 909 trahentibus
1328 846 1509 926 provincias,

166 943 198 996 et
219 936 295 1016 quae
317 935 401 1014 prius
424 934 496 997 illae
519 935 688 997 didicerant
709 934 933 998 deducentibus.

250 1024 336 1085 Haec
359 1024 458 1086 omnia
482 1026 525 1086 sio
548 1024 625 1100 dico,
647 1031 682 1085 ut
703 1023 795 1106 isqui
819 1024 916 1086 solam
930 1029 1069 1085 naturam
1084 1023 1225 1086 intuetur.
1249 1023 1373 1086 Interim
1387 1023 1506 1086 divinae

164 1113 370 1193 providentiae
399 1131 458 1175 non
491 1133 556 1176 sum
583 1113 750 1175 immemor:
785 1131 860 1194 quae
884 1113 911 1174 si
932 1120 1040 1174 natura
1062 1111 1210 1175 interdum
1233 1114 1343 1189 utitur,
1366 1120 1400 1175 ut
1422 1131 1511 1194 qnam

165 1202 262 1283 ipsam
283 1201 434 1282 providit,
458 1211 491 1264 at
513 1209 594 1265 certe
618 1222 636 1263 a
658 1210 766 1264 natura
787 1221 847 1264 non
871 1201 981 1284 accipit
1004 1201 1233 1284 leges,'poenas
1255 1201 1510 1266 misericordiam-

166 1311 222 1373 que
248 1305 332 1354 suam
356 1291 434 1353 iuter
457 1311 510 1354 eos
533 1292 583 1374 qui
605 1292 746 1372 placuere
769 1290 973 1372 dispensandi.

255 1381 420 1443 'lirrcarum
451 1382 569 1463 quidem
599 1380 754 1462 imperium
782 1399 882 1442 rerum
912 1378 1117 1459 intelligentes
1146 1381 1273 1444 multum
1303 1381 1355 1442 de·
1371 1379 1510 1462 pristinis

163 1468 280 1531 viribus
303 1469 510 1550 deperdidisse
533 1470 724 1546 existimant;
754 1489 810 1532 neo
829 1471 906 1531 'esse
933 1469 1134 1550 impossibile,
1164 1470 1238 1533 illud
1269 1469 1509 1552 conspirantibus

164 1557 235 1620 inde
257 1559 419 1622 Persarum
440 1559 510 1622 hinc
534 1559 774 1624 Christianorum
797 1558 911 1621 viribus
935 1557 1039 1633 everti,
1067 1559 1094 1620 si
1116 1558 1230 1622 nostris
1253 1579 1308 1622 nos
1330 1559 1444 1622 viribus
1466 1558 1511 1620 uti

164 1646 414 1729 majestatemque
434 1649 594 1729 prudentia
616 1656 784 1728 temperare
805 1666 974 1730 pergamus.
1020 1649 1125 1732 Itaque
1152 1649 1202 1711 hic
1232 1667 1287 1730 per
1310 1648 1449 1710 accidens
1472 1647 1510 1709 iis

166 1735 333 1812 assentior,
367 1737 417 1819 qui
446 1757 483 1798 err
507 1738 599 1800 astris
621 1737 668 1800 illi
690 1737 814 1819 irnperio
837 1737 1013 1799 minitantur
1035 1737 1197 1801 interitum.
1243 1737 1293 1800 Illi
1321 1737 1440 1819 quidem
1471 1736 1511 1798 ad

165 1826 253 1887 inane
277 1826 355 1906 ignis
378 1845 486 1888 nomen
509 1826 683 1907 respiciunt,
707 1827 930 1902 existimantes,
954 1845 1021 1887 cum
1042 1827 1152 1908 dogma
1173 1827 1231 1889 hoc
1254 1826 1309 1889 sub
1332 1845 1427 1908 aqueo
1449 1826 1510 1889 tri-

128 1953 130 1958 ·
164 1933 243 1995 gono
266 1916 409 1996 coeperit,
434 1917 488 1978 sub
511 1917 598 1996 igneo
621 1916 820 1992 interiturum,
843 1935 898 1978 nec
920 1915 1117 1996 perpendunt,
1137 1917 1205 1998 jam
1225 1916 1319 1978 semel
1343 1915 1397 1978 sub
1419 1915 1508 1995 igneo

164 2005 298 2083 trigono,
330 2005 367 2067 ab
391 2025 438 2066 an.
466 2004 581 2068 Christi
604 2001 678 2069 800.
702 2005 734 2066 in
762 2002 854 2068 1000.
884 2023 1068 2086 perennasse
1097 2016 1128 2069 et
1150 2005 1359 2069 convaluisse:
1394 2003 1510 2068 Christi

164 2111 236 2154 vero
260 2093 425 2156 doctrinam
453 2093 538 2174 ajunt
568 2093 622 2157 sub
654 2094 741 2174 igneo
771 2094 922 2174 coepisse,
953 2094 1003 2174 qui
1033 2095 1138 2175 primis
1169 2091 1234 2158 200
1264 2094 1350 2158 annis
1381 2093 1510 2169 durant,

164 2181 347 2264 eandemque
380 2183 433 2245 sub
461 2183 519 2245 hoc
547 2183 636 2264 igneo
667 2183 704 2244 nb
735 2201 813 2244 anno
848 2178 941 2247 1600.
957 2182 1003 2244 ·in
1030 2181 1123 2248 1800.
1155 2184 1247 2247 latius
1269 2183 1508 2265 propagandam:

166 2290 285 2334 rursum
314 2270 408 2346 obliti,
437 2274 519 2354 quod
540 2291 595 2354 per
621 2272 678 2334 bos
708 2268 771 2334 100
799 2291 894 2334 annos
927 2269 981 2333 sub
1014 2291 1108 2355 aqneo
1138 2274 1257 2353 trigono
1287 2273 1511 2353 navigationum

162 2360 274 2442 peritia
302 2360 421 2441 longin's
452 2379 508 2442 per
536 2361 638 2424 orbem
669 2360 867 2423 disseminata
896 2361 937 2423 sit
966 2361 1045 2441 quod
1072 2363 1173 2444 spatia
1199 2364 1360 2424 Terrarum
1391 2361 1511 2436 attinet,

165 2467 253 2532 quam
276 2449 345 2512 inde
369 2471 387 2510 a
408 2451 506 2531 prima
528 2451 593 2531 ejus
618 2451 742 2530 origine.

250 2539 317 2619 Ego
341 2539 399 2600 etsi
422 2549 453 2601 et
476 2547 547 2621 opto
570 2547 602 2602 et
625 2540 743 2602 omnino
766 2537 916 2613 existimo,
938 2537 1003 2618 jam
1024 2557 1111 2600 ruere
1135 2539 1353 2604 Othomanicae
1376 2539 1510 2601 familiae

162 2628 346 2708 potentiam:
378 2630 532 2691 naturales
561 2637 662 2691 tamen
685 2648 794 2690 causas
824 2647 861 2690 ex
884 2627 1003 2707 trigono
1030 2628 1118 2708 igneo
1149 2630 1247 2692 nullas
1270 2629 1375 2704 video,
1403 2629 1510 2711 quibus

163 2715 199 2791 ii,
223 2717 273 2799 qui
295 2718 529 2781 Mahometicam
558 2719 724 2780 doctrinam
755 2717 991 2797 amplectuntur,
1020 2717 1121 2797 potius
1153 2718 1393 2783 Christianorum
1421 2735 1511 2801 quarn

163 2806 324 2868 Persarum
348 2806 512 2870 dominatui
536 2807 687 2870 accessuri
708 2807 881 2888 probentur.
926 2807 1035 2869 Utrum
1063 2815 1163 2869 autem
1191 2808 1304 2890 aliquid
1333 2806 1440 2870 melius
1469 2807 1511 2869 sit

166 2896 414 2976 exspectandum,
441 2905 600 2980 postquam
619 2897 684 2978 jam
707 2896 803 2958 stella·
820 2915 898 2957 nova
920 2895 1046 2971 effulsit,
1078 2897 1181 2959 differo
1209 2897 1240 2959 in
1263 2916 1389 2979 sequens
1420 2903 1511 2977 caput

164 2983 323 3046 disserere.
362 2985 460 3066 Saepe
471 2987 535 3066 jam
550 2986 672 3048 secundi
687 3004 822 3048 rumores
844 2985 939 3047 auditi
962 2991 1031 3046 sunt
1051 2986 1088 3046 de
1103 2987 1198 3048 Persa
1215 2986 1387 3050 Christiano
1411 2985 1508 3062 iact03

164 3073 220 3135 sed
242 3073 264 3134 ii
286 3082 372 3136 tanta
397 3076 557 3138 oscitantia
580 3075 701 3156 scripti,
730 3081 816 3136 tanta
838 3073 1110 3137 verisimilitudinis
1133 3075 1332 3156 negligentia,
1365 3085 1399 3138 ut
1419 3075 1508 3138 facile

163 3170 323 3244 appareat,
353 3172 426 3227 vota
453 3165 553 3246 potius
585 3184 653 3227 esse
677 3163 856 3245 simplicium
878 3183 966 3245 quam
989 3163 1177 3227 narrationes
1201 3171 1399 3245 expertorum.
1444 3163 1510 3226 Nec

162 3253 242 3315 enim
274 3253 416 3329 interest,
449 3273 537 3336 qnam
567 3253 671 3316 multis
709 3252 822 3315 nostris
853 3273 905 3314 seu
937 3252 1087 3333 religiosis
1121 3273 1173 3315 seu
1205 3253 1388 3350 sequioribus
1417 3253 1455 3315 iis
1478 3252 1509 3314 in

163 3341 335 3422 regionibus
359 3342 533 3406 conversari
556 3343 663 3418 liceat,
687 3343 741 3405 sed
764 3361 852 3425 quam
875 3341 977 3404 multis
996 3361 1033 3403 ex
1047 3342 1281 3423 provincialibus
1299 3341 1414 3407 Christi
1436 3342 1510 3404 tides

163 3432 391 3512 persuadeatur.
437 3433 539 3514 Atque
562 3431 677 3494 utinam
699 3434 762 3508 fiat,
787 3431 865 3513 quod
889 3431 1018 3494 omnium
1041 3431 1122 3494 votis
1145 3433 1310 3515 expetitur:
1339 3441 1410 3495 tunc
1433 3450 1512 3494 nova

164 3519 238 3582 mihi
262 3521 426 3602 disputatio
450 3522 508 3584 erit
531 3540 598 3584 cum
621 3521 794 3601 astrologis,
818 3520 924 3602 quibus
946 3521 1004 3583 hoc
1026 3529 1128 3584 tamen
1151 3542 1216 3586 sum
1238 3530 1417 3602 negaturus,
1439 3528 1510 3583 tan-

165 3616 228 3670 tam
251 3610 381 3688 gratiam
402 3610 461 3673 Dei
485 3630 575 3692 snper
605 3610 733 3674 miseras
761 3618 865 3691 gentes
896 3609 1093 3691 significatam
1121 3629 1189 3674 esse
1217 3633 1235 3674 a
1263 3612 1381 3692 trigono
1412 3610 1510 3690 igneo,

165 3697 249 3776 cujus
273 3716 380 3761 nomen
403 3719 530 3776 vanum,
561 3718 700 3763 recursus
730 3719 801 3764 vero
825 3708 924 3762 status
947 3708 996 3763 est
1018 3709 1048 3762 et
1069 3701 1223 3764 naturalis.
1239 3719 1299 3764 non
1323 3698 1510 3772 arbitrarius,

163 3805 223 3850 non
246 3787 343 3849 aDeo
359 3796 535 3870 procuratus
554 3797 640 3853 extra
654 3791 797 3853 ordinem.
836 3789 915 3862 Quin
930 3789 1031 3871 potius
1053 3790 1144 3851 idad
1166 3790 1226 3852 alia
1250 3789 1336 3870 signa
1359 3795 1511 3851 nostram-

167 3893 223 3957 que
247 3876 368 3939 stellam
392 3897 457 3940 sum
478 3878 639 3955 relaturus,
662 3886 697 3941 ut
718 3879 808 3960 paulo
831 3887 902 3961 post
924 3880 1047 3941 dicetur.

257 3963 410 4037 Quantum
432 3967 523 4047 igitur
552 3969 592 4030 ad
622 3967 791 4049 singulares
820 3968 959 4048 regiones
990 3967 1114 4042 attinet,
1147 3985 1236 4048 super
1267 3986 1342 4050 quas
1373 3965 1509 4045 trigonus

163 4055 271 4136 igneus
295 4055 463 4134 significare
486 4056 609 4120 dicitnr:
634 4057 692 4118 etsi
709 4065 779 4120 sunt
800 4057 902 4120 tenuia
917 4057 1017 4139 aliqua
1037 4055 1225 4130 adminicula,
1249 4055 1386 4136 regiones
1410 4061 1510 4116 cartas

163 4141 342 4224 subjiciendi
374 4145 465 4208 certis
496 4146 590 4226 siguis
623 4145 822 4224 coelestibus,
851 4154 993 4229 quantum
1023 4145 1111 4224 hujus
1141 4161 1268 4223 geneses
1300 4142 1510 4225 imperantium

164 4233 285 4316 illisque
317 4234 540 4298 consentientes
573 4235 758 4298 subditorum
789 4245 946 4318 praestare
978 4241 1122 4316 possunt,
1154 4240 1255 4296 umen
1286 4239 1318 4296 et
1348 4251 1385 4294 ex
1418 4229 1508 4294 dictis

165 4341 310 4404 apparere
332 4330 406 4405 puto
429 4331 460 4388 et
483 4331 552 4388 ante
575 4325 735 4388 triennium
758 4324 918 4399 inculcavi,
948 4323 990 4386 nil
1014 4341 1081 4386 esse
1104 4322 1191 4385 nobis
1215 4341 1288 4404 opus
1311 4321 1394 4385 adire
1418 4328 1505 4382 cata-

162 4411 249 4491 logos
272 4411 389 4475 urbium
412 4419 443 4475 et
464 4415 628 4494 regionum,
652 4433 727 4496 quae
751 4414 874 4478 subesse
898 4413 1058 4476 creduntur
1076 4413 1194 4492 trigono
1211 4411 1307 4492 igneo,
1331 4407 1508 4474 nominatim

163 4519 234 4562 vero
251 4500 428 4581 Sagittario.
466 4503 599 4566 Primum
615 4504 703 4578 enim,
722 4504 772 4566 ubi
787 4503 851 4566 alta
865 4519 935 4584 pax,
955 4502 995 4564 ibi
1010 4503 1123 4564 frustra
1139 4501 1325 4582 suspicamur
1344 4501 1509 4562 instantem

164 4588 201 4650 de
223 4589 387 4673 propinquo
416 4593 612 4656 mutationem
640 4592 795 4672 insignem.
841 4592 907 4656 Nec
935 4591 1013 4654 enim
1042 4589 1112 4654 novi
1139 4590 1297 4672 quicquam
1325 4591 1382 4653 hnc
1414 4607 1507 4670 nsque

164 4677 286 4740 obvenit
307 4677 501 4761 Stutgardiae
531 4689 585 4744 aut
605 4681 735 4742 Misniae
765 4690 818 4744 aut
846 4681 921 4761 ipsis
943 4680 1115 4762 Hispaniis,
1146 4681 1204 4742 etsi
1231 4681 1286 4743 sub
1309 4678 1508 4759 Sagittarium
1574 4747 1583 4766 ,

165 4765 342 4830 referuntur.
390 4768 506 4834 Contra
528 4789 599 4832 vero
629 4769 660 4830 in
687 4789 719 4833 se
749 4771 873 4852 quisq'ue
901 4771 1065 4856 descendat
1093 4787 1184 4852 seque
1214 4783 1356 4852 suamque
1377 4767 1508 4850 patriam

165 4853 317 4935 exploret,
345 4875 383 4918 an
406 4877 426 4917 a
446 4856 541 4921 multo
563 4865 696 4938 tempore
718 4867 901 4940 compertum
924 4860 980 4936 ait,
1011 4859 1140 4940 gliscere
1162 4859 1290 4922 dissidia
1312 4857 1505 4943 fraudemque
