3702 5532
666 297 699 348 uo
716 297 786 350 ton·
806 295 958 350 sternuto:
976 297 1031 352 co.
1456 299 1522 369 457

169 476 267 537 aleam
283 471 431 550 Galilaea,
455 473 602 556 vulgoque
625 473 794 552 propalasti
817 473 892 535 haec
912 473 1061 536 coelorum
1079 472 1190 555 adyta,
1214 475 1284 555 qnid
1313 475 1392 536 aliod
1413 483 1521 553 restat,

169 582 258 645 qnam
287 572 322 625 ut
349 575 525 625 contemnas
552 562 721 625 concitatos
751 563 827 624 istos
859 563 1004 641 strepitus
1028 572 1205 650 gratumque
1229 564 1332 626 stultis
1360 565 1519 626 mercimo-

168 651 267 726 nium,
298 652 468 726 inscitiam,
502 659 628 731 accepta
651 651 832 713 contumelia
854 651 920 712 loco
950 651 1058 730 pretii,
1092 653 1216 712 vendas.
1264 650 1382 731 Quippe
1415 654 1521 733 vulgus

167 747 349 803 contemtum
370 733 577 820 philosophiae
601 741 630 802 in
655 759 688 800 se
711 739 776 818 ipso
799 739 953 801 ulciscitur
976 745 1122 820 perpetua
1141 739 1327 818 ignorantia.

255 845 374 909 Licebit
398 843 452 908 tibi
477 857 576 907 tamen
600 846 678 906 hano
702 844 862 924 epistolam
882 842 993 922 publici
1014 843 1091 923 juris
1116 845 1226 916 iacere,
1252 844 1277 904 si
1298 853 1351 907 tua
1374 843 1520 908 interesse

166 935 339 1016 putaveris,
363 955 431 997 mea
455 936 528 997 nihil
552 935 680 996 interest
703 952 757 994 neo
782 933 890 1012 dignor
910 921 1080 1008 hominem,
1106 932 1132 994 si
1156 952 1242 994 nemo
1274 933 1392 994 doctius
1416 944 1522 998 contre

166 1022 280 1084 scribit.
306 1053 348 1065 -
388 1024 467 1086 Vale
498 1032 529 1083 et
560 1021 701 1084 rescribe.
758 1021 876 1099 Progne
908 1020 936 1080 d.
962 1017 992 1083 9.
1018 1023 1097 1099 Aug.
1131 1018 1225 1083 iiiiii.
1265 1028 1359 1091 (suido
1378 1029 1523 1083 Florentino

165 1109 222 1160 Vol.
236 1109 345 1174 v111,p.
360 1109 393 1160 92
406 1125 440 1162 ss.
460 1109 560 1161 easdem
579 1110 653 1160 affert
669 1110 763 1167 literas,
782 1122 843 1174 quas
855 1123 900 1157 nos
919 1113 1092 1171 comparantes
1112 1109 1223 1158 codicem
1235 1109 1404 1160 Viennensem
1423 1111 1520 1162 desum-

168 1183 244 1232 sinnus
263 1197 294 1232 ex
313 1181 449 1232 Hanschio.
486 1182 541 1232 lllic
559 1182 649 1232 desunt
666 1181 755 1240 rerba:
785 1181 822 1239 ,si
849 1194 921 1228 nemo
943 1179 1047 1240 ‚doctius
1075 1180 1272 1230 connascribit.“
1312 1179 1372 1230 Dies
1396 1196 1471 1240 reso,
1495 1184 1522 1232 in

166 1251 303 1303 Viennensi
322 1253 407 1303 codice
427 1253 589 1309 desideratus,
608 1253 657 1302 illic
680 1251 778 1304 additus
798 1245 858 1311 est.)

253 1321 347 1383 Quibus
365 1323 468 1388 Kepleri
486 1324 562 1373 literis
581 1323 756 1372 Galilaeae
775 1309 901 1384 respondit
919 1320 943 1368 d.
968 1316 1006 1368 19.
1027 1321 1134 1385 Augusti
1156 1320 1222 1370 huuc
1240 1323 1266 1370 in
1285 1321 1401 1370 modum:
1427 1321 1521 1382 ,Binan

162 1401 220 1444 tuas
238 1395 354 1458 epistolas
379 1395 541 1445 eruditissime
559 1394 668 1457 Keplere
695 1394 798 1456 accepis
823 1393 896 1454 priori
920 1393 973 1452 jam
993 1390 1037 1440 aba
1055 1399 1081 1440 te
1098 1393 1159 1454 iuris
1178 1391 1267 1454 publici
1294 1395 1377 1442 iactus
1396 1395 1421 1441 in
1440 1394 1521 1443 altera

161 1479 274 1514 mearum
291 1466 489 1516 observationum
514 1465 620 1515 editione
644 1464 803 1528 respondebo.
841 1459 935 1525 (Editio
957 1460 1079 1520 ,Nuncii“
1099 1462 1179 1511 altera
1197 1478 1247 1510 non
1272 1460 1382 1526 prodiit.)
1418 1463 1520 1514 Interea

163 1537 258 1601 gratias
277 1551 333 1600 ago,
352 1537 418 1602 qnod
435 1543 470 1586 tn
486 1538 606 1600 primus
625 1549 659 1585 ac
676 1536 744 1584 iere
762 1533 866 1590 solus,
884 1547 911 1582 re
924 1534 1024 1581 minime
1038 1533 1159 1595 inspecta,
1178 1548 1242 1598 quae
1265 1542 1310 1583 tua
1323 1541 1362 1582 est
1379 1536 1520 1598 ingenuitas

162 1613 237 1670 atque
255 1608 348 1672 ingenii
367 1605 512 1664 sublimitas,
531 1607 593 1656 meis
613 1606 788 1674 assertionibus
806 1606 929 1668 integram
948 1604 1022 1652 fidem
1040 1605 1191 1666 praebueris.
1229 1605 1360 1654 Secundae
1380 1619 1410 1654 ac
1429 1620 1485 1654 mox
1504 1620 1520 1656 a

161 1691 201 1726 me
218 1685 336 1741 receptae
354 1677 581 1742 responsum-dabo
600 1677 784 1733 brevissimum
803 1675 968 1739 paucissimae
981 1675 1047 1722 enim
1064 1683 1196 1737 supersunt
1214 1676 1247 1726 ad
1265 1675 1420 1725 scribendum
1433 1675 1518 1726 horae.

249 1764 332 1814 Primo
352 1773 436 1815 antem
455 1765 589 1831 significas,
608 1763 749 1827 perspicitis
766 1761 887 1812 nonnulla
904 1762 969 1826 apud
982 1769 1008 1812 te
1024 1776 1087 1822 esse,
1107 1777 1190 1811 rerum
1202 1778 1252 1812 non
1269 1767 1322 1826 ejus
1340 1765 1518 1826 praestantiae,

163 1841 192 1884 nt
210 1835 309 1898 obiecta
326 1837 491 1886 remotissima
509 1837 618 1886 maxima
636 1840 711 1899 atqua
729 1834 869 1884 clarissima
886 1839 1081 1896 repraesentent,
1102 1834 1133 1882 ob
1151 1833 1223 1897 idque
1241 1849 1323 1883 meum
1335 1843 1361 1883 te
1378 1842 1518 1897 expectare.

164 1905 259 1956 Veram
278 1907 525 1966 excellentissimum,
554 1907 618 1970 quod
638 1906 704 1972 apud
722 1919 762 1954 me
780 1911 819 1954 est
837 1904 949 1968 quodque
968 1910 1067 1968 spectra
1084 1903 1139 1966 plus
1157 1919 1230 1967 quam
1248 1905 1335 1955 millies
1363 1905 1518 1969 multiplicat,

162 1991 244 2026 menen
263 1977 367 2041 amplius
386 1992 435 2027 non
454 1985 500 2028 est.
539 1978 622 2041 Ipsum
641 1977 706 2026 enim
725 1991 741 2025 a
758 1991 798 2026 me
816 1977 888 2039 petiit
907 1975 959 2024 Ser.
974 1975 1107 2024 Hetruriae
1125 1973 1233 2039 Magnus
1245 1975 1312 2032 Dux,
1330 1981 1359 2024 ut
1376 1978 1401 2025 iu
1419 1978 1519 2028 tribuna

160 2049 317 2098 succendat
343 2050 425 2112 ibique
454 2050 519 2098 iuter
542 2049 679 2112 insigniora
697 2061 727 2098 ac
746 2048 895 2110 preciosiora
921 2047 947 2094 in
971 2060 1105 2108 perennem
1129 2046 1188 2096 iacti
1215 2048 1358 2097 memoriam
1386 2049 1517 2097 custodiat.

162 2118 233 2168 Paris
252 2120 414 2168 excellentiae
433 2120 527 2168 nullom
546 2119 614 2168 aliud
634 2119 775 2175 construxis
794 2118 876 2180 praxis
895 2118 960 2166 enirn
973 2123 1012 2166 est
1030 2116 1102 2164 valde
1121 2116 1251 2166 laboriosa.
1278 2117 1370 2166 Verum
1389 2118 1517 2168 machinas

160 2189 293 2240 nonnullas
312 2191 345 2240 ad
363 2191 407 2239 illa
425 2191 605 2255 configuranda
623 2195 698 2254 atque
716 2189 863 2252 expolienda
886 2187 1039 2252 excogitari,
1058 2201 1122 2251 quae
1140 2186 1180 2236 hic
1199 2194 1339 2236 construere
1359 2189 1442 2249 nolui,
1463 2203 1518 2238 cum

160 2261 283 2324 exportari
306 2273 354 2310 non
380 2268 482 2324 possent
505 2261 664 2318 florentiam,
684 2261 726 2309 ubi
744 2261 770 2308 in
788 2265 913 2323 posterum
930 2273 987 2308 mea
1005 2259 1089 2307 intusa
1107 2264 1146 2308 est
1163 2259 1242 2308 sedes
1267 2258 1304 2308 Ibi
1323 2261 1518 2324 quamprimum

163 2332 292 2382 conficiam
310 2339 336 2382 et
353 2333 440 2382 amicis
457 2333 564 2382 mittam.
1434 2352 1440 2358 ·

249 2403 285 2452 Ex
303 2404 352 2452 tuis
369 2401 497 2454 'adnotatis
515 2404 541 2452 in
560 2403 657 2452 Lunam
683 2402 797 2464 conjicio,
816 2407 887 2449 tunm
904 2400 1069 2463 perspicillum
1090 2399 1220 2448 mediocris
1239 2405 1337 2449 tantum
1355 2413 1409 2450 esse
1429 2400 1513 2451 effica-

160 2475 223 2535 ciae,
244 2474 274 2523 ob
293 2475 366 2537 idque
385 2475 418 2524 ad
435 2475 550 2538 planetas
578 2473 763 2537 conspiciendos
790 2471 853 2521 forte
881 2472 981 2519 minime
1007 2470 1138 2526 idoneum3
1167 2485 1227 2534 quos
1246 2471 1344 2534 quidem
1365 2472 1516 2536 planetarea

159 2543 183 2593 5.
203 2545 271 2602 Julii,
289 2547 342 2606 jam
360 2558 417 2594 cum
435 2547 496 2596 Jove
514 2546 637 2594 matutino
656 2544 771 2601 orientes,
790 2542 880 2605 pluries
899 2543 1015 2604 conspexi
1034 2547 1109 2604 atque
1128 2539 1253 2590 adnotari.

246 2633 284 2682 Ex
302 2631 371 2682 coelo
391 2632 496 2697 denique
515 2632 645 2683 descendis
664 2632 697 2682 ad
715 2645 813 2688 orcum,
833 2630 865 2680 sd
882 2629 1020 2680 Bohemum
1039 2641 1073 2677 sc.
1093 2626 1175 2687 illum,
1202 2631 1272 2691 culus
1297 2635 1370 2678 tanta
1387 2635 1416 2679 nt
1433 2629 1514 2678 vidisti

158 2709 196 2752 ert
214 2704 331 2766 aumcia,
349 2703 456 2753 stultitia
474 2711 500 2755 et
518 2705 673 2769 ignorantia,
692 2709 721 2751 nt
738 2702 831 2764 absque
849 2701 954 2750 nominis
979 2699 1044 2748 illias
1061 2697 1141 2763 gloria
1158 2699 1189 2748 de
1209 2713 1238 2748 eo
1257 2700 1331 2749 rerba
1349 2701 1456 2762 prolerre
1475 2700 1512 2748 rel

158 2776 235 2826 etiarn
254 2775 374 2838 injuriosa
390 2776 491 2824 minime
508 2775 638 2838 possimus.
674 2773 768 2822 Lateat
785 2774 860 2838 igitur
878 2772 944 2834 apud
963 2784 1062 2824 orcum,
1085 2771 1210 2834 totiusque
1228 2771 1320 2834 pariter
1341 2769 1406 2835 vulgi
1425 2776 1515 2821 contn-

158 2846 259 2894 meliam
277 2860 366 2910 suaque
385 2846 463 2910 deque
481 2846 617 2904 iaciamns3
643 2858 750 2909 namque
776 2850 862 2892 contra
879 2842 965 2892 Jorem
983 2855 1031 2891 nec
1050 2840 1186 2911 Gigantes,
1209 2841 1301 2890 nedum
1319 2841 1422 2906 Pigmsi.
1460 2841 1516 2892 Stet

159 2916 256 2982 Jupiter
274 2917 300 2965 in
320 2915 388 2966 coelo
407 2923 433 2965 et
451 2917 576 2966 oblatrent
594 2914 768 2978 sycophantes,
788 2919 906 2978 quantum
925 2913 1017 2961 solunt.
1253 2949 1260 2956 .

246 2985 325 3044 Petis,
346 2988 471 3038 canusima
489 2987 613 3051 Keplere,
640 2987 701 3034 alios
719 2991 804 3034 testes.
842 2984 963 3048 Magnum
981 2981 1114 3032 Hetruriae
1133 2979 1229 3030 Ducem
1247 2981 1371 3044 produco,
1399 2981 1514 3046 quicum

160 3058 323 3120 superioribus
346 3058 471 3107 mensibus
497 3057 613 3122 planetas
630 3056 758 3106 Medieeus
777 3059 874 3105 mecum
899 3056 997 3118 saepius
1016 3053 1170 3102 observasset
1187 3052 1268 3109 Pisis,
1287 3053 1313 3101 in
1331 3067 1386 3102 meo
1405 3053 1515 3103 discessu

158 3143 247 3180 munna
265 3130 338 3192 pretii
350 3129 405 3192 plus
418 3143 491 3192 qnam
511 3141 640 3178 aureorum
651 3127 718 3178 mille
732 3127 808 3182 dedit,
827 3127 949 3188 modoque
962 3127 988 3174 in
999 3124 1107 3188 patriam
1119 3137 1159 3172 rna
1173 3128 1301 3181 convocat,
1321 3138 1377 3174 curn
1392 3123 1514 3186 stipendio

159 3201 252 3264 pariter
272 3213 401 3248 cursorum
418 3199 484 3248 mille
500 3201 526 3248 in
545 3200 647 3264 singulis
666 3199 747 3255 annis,
767 3211 871 3262 cumque
889 3196 961 3244 titulo
979 3192 1115 3258 philosophi
1134 3198 1159 3242 et
1176 3194 1344 3244 mathematici
1357 3193 1514 3244 Celsitudiuis

158 3284 227 3328 snae,
247 3271 314 3320 nullo
332 3271 431 3332 insuper
449 3284 523 3318 onere
544 3270 665 3333 imposito,
685 3269 729 3318 sed
748 3267 946 3331 tranquillissimo
960 3267 1009 3316 otio
1029 3265 1126 3327 largito,
1147 3279 1194 3328 qno
1206 3279 1275 3314 meos
1292 3265 1365 3313 libros
1384 3266 1515 3315 conficiam

159 3339 370 3400 Machanicornm,
391 3339 579 3390 consecutionis
606 3341 727 3396 universi,
755 3352 802 3388 nec
820 3353 870 3386 non
888 3337 972 3386 bintus
990 3335 1075 3385 localis
1100 3341 1153 3384 tum
1180 3334 1301 3384 naturalis
1324 3344 1378 3385 tum
1404 3337 1514 3394 violenti,

159 3414 230 3473 cujus
255 3415 422 3474 symptomata
447 3411 607 3474 complurima
633 3411 746 3461 inaudita
772 3415 798 3458 et
824 3408 972 3458 admiranda
998 3407 1147 3472 geometrice
1174 3407 1323 3456 demonstro.
1360 3406 1407 3456 'Me
1434 3409 1515 3470 ipsam

161 3481 283 3544 produco,
312 3483 395 3545 quiin
412 3481 459 3530 hoc
477 3483 606 3546 amussis
634 3482 755 3545 stipendio
782 3481 872 3544 insigni
900 3478 1046 3528 florenorum
1063 3475 1099 3524 Μ.
1123 3477 1254 3526 decoratus
1274 3483 1299 3526 ct
1317 3479 1389 3541 qualo
1417 3478 1512 3527 maths-

161 3555 308 3602 maticarum
326 3553 486 3602 scientiarum
503 3553 625 3614 professor
641 3553 722 3602 nullus
741 3552 828 3600 habuit
845 3563 953 3614 unquam
973 3556 999 3598 et
1017 3562 1063 3612 quo
1083 3554 1136 3596 tuto
1149 3549 1207 3597 dum
1226 3550 1330 3597 viverem
1344 3551 1389 3596 irai
1408 3563 1512 3612 possem,

162 3623 238 3671 etiam
256 3621 414 3672 illudentibus
436 3623 543 3685 planetis
563 3629 589 3672 et
606 3622 796 3689 effugientibus:
822 3620 921 3670 discedo
947 3627 1032 3669 tamen
1051 3624 1077 3666 et
1095 3633 1123 3669 eo
1142 3633 1182 3668 me
1201 3619 1314 3676 coniers,
1333 3620 1374 3668 nbi
1393 3619 1512 3667 illusionis

162 3705 234 3742 meae
253 3706 345 3755 poenas
373 3693 471 3755 inopiae
499 3700 574 3757 atque
602 3693 726 3743 dedecoris
751 3692 851 3742 luerem.
888 3690 988 3748 lulium,
1008 3691 1108 3738 fratrem
1126 3689 1220 3738 iuliani
1239 3689 1277 3738 Ill.
1297 3688 1407 3738 Oratoris
1424 3687 1513 3753 Magni

160 3762 240 3812 Ducis
259 3763 368 3820 exhibeo,
398 3765 439 3826 qui
457 3763 535 3822 Pisis,
549 3777 603 3812 cnm
630 3764 713 3813 multis
739 3763 794 3812 aliis
812 3763 898 3812 aulicis
928 3762 1018 3825 pluries
1045 3761 1161 3823 planetus
1188 3761 1332 3809 observarit.
1372 3758 1472 3818 Yernrn,
1491 3760 1513 3808 si

163 3839 230 3882 errat
248 3833 402 3884 adversarius
420 3847 497 3894 mens,
518 3835 576 3897 quid
595 3835 699 3898 amplius
718 3847 819 3898 egemus
837 3831 962 3882 testibus?
982 3832 1052 3886 Pisis,
1070 3829 1220 3887 florentiae,
1233 3828 1370 3885 Bononiae,
1390 3828 1511 3886 venetiis,

159 3903 262 3954 Padusa
282 3904 431 3967 complurimi
450 3905 577 3962 viderunt,
603 3905 678 3954 silent
696 3918 780 3954 omnes
800 3910 826 3952 et
842 3903 986 3954 haesitant:
1012 3901 1121 3950 maxima
1140 3901 1206 3950 enim
1223 3914 1280 3962 pars
1299 3913 1346 3949 nec
1363 3900 1449 3950 lovem
1468 3907 1513 3948 ant

157 3973 275 4030 Martem,
295 3977 334 4023 ria
352 3975 441 4023 saltem
459 3975 557 4024 Lunam
576 3981 604 4024 ut
621 3976 748 4038 planetam
771 3974 926 4038 dignoscunt.
965 3971 1072 4032 Quidam
1094 3970 1208 4020 Venetiis
1234 3975 1321 4020 uonna
1337 3985 1377 4018 me
1396 3970 1510 4034 obloque-

157 4043 230 4094 batur
246 4045 375 4107 Jactitans,
396 4059 423 4094 se
442 4052 509 4094 certo
528 4047 599 4107 scire,
617 4046 702 4095 stellas
720 4057 789 4094 meas
808 4045 972 4094 circisionem
986 4057 1002 4091 a
1014 4056 1041 4090 se
1060 4041 1149 4104 pluries
1168 4041 1311 4090 observatas
1328 4042 1443 4104 planetas
1462 4055 1511 4090 non

158 4129 219 4172 ease,
241 4129 271 4164 ex
283 4131 313 4164 eo
327 4116 391 4179 qnod
409 4115 466 4164 illas
485 4129 581 4179 semper
599 4131 654 4166 cum
666 4115 727 4165 Jove
749 4116 889 4178 spectabat,
908 4117 1035 4178 ipsumque
1048 4118 1093 4161 aut
1110 4125 1195 4161 omnes
1208 4117 1253 4160 ant
1264 4125 1321 4174 para
1338 4113 1411 4161 modo
1424 4125 1510 4175 seque·

157 4187 255 4246 bantus,
274 4187 407 4249 praeibant
423 4187 503 4235 modo.
531 4187 596 4247 Quid
608 4188 682 4250 igitur
701 4184 846 4250 agendum?
866 4185 927 4234 Germ
939 4183 1081 4234 Democrito
1101 4189 1145 4232 aut
1161 4196 1218 4232 cum
1230 4181 1358 4232 Heraclito
1375 4180 1511 4232 standum?
1617 4212 1626 4256 ζ

155 4255 229 4314 Volo,
247 4258 282 4306 rni
299 4255 421 4319 Keplere,
448 4263 476 4305 ut
499 4257 624 4306 rideamus
650 4258 772 4320 insignem
800 4256 865 4320 vulgi
892 4256 1030 4305 stultitiam.
1068 4252 1134 4312 Quid
1152 4253 1218 4302 dices
1238 4251 1268 4300 de
1292 4253 1412 4314 primariis
1438 4253 1511 4316 hujus

156 4328 279 4391 gymnasii
297 4325 463 4390 philosophis,
491 4328 533 4390 qui
551 4327 642 4390 aspidis
662 4328 801 4390 pertinacia
828 4326 915 4390 repleti
941 4337 1084 4390 nunqnam,
1111 4323 1229 4372 licetine
1251 4322 1315 4370 ultro
1334 4322 1420 4373 dedita
1437 4337 1512 4388 opera

157 4397 244 4446 millies
263 4396 397 4453 offerente,
416 4413 463 4447 nec
481 4397 609 4461 planetas,
628 4411 675 4447 nec
694 4396 806 4456 Lunam,
832 4411 879 4446 nec
901 4395 1066 4460 perspicillum
1083 4393 1166 4451 ridere
1185 4391 1332 4443 rolnemnt‘i
1361 4391 1463 4454 Verum,
1481 4401 1510 4444 ut

156 4467 198 4516 ille
216 4479 299 4524 aures,
318 4467 355 4516 sic
372 4467 414 4515 isti
432 4467 515 4518 oculos
534 4474 621 4517 contra
638 4469 750 4516 veritatis
768 4467 848 4516 lucem
865 4467 1018 4516 obturarunt.
1043 4461 1140 4527 Magna
1152 4469 1211 4513 snut
1222 4463 1294 4522 haec,
1313 4465 1407 4515 nullam
1425 4471 1511 4514 tamen

157 4537 217 4586 mihi
234 4538 344 4587 laimunt
363 4537 557 4588 admimdonem.
582 4536 660 4587 Putat
678 4539 742 4586 eninr
755 4537 803 4586 hoc
820 4537 945 4587 huminum
963 4551 1049 4602 genus,
1069 4533 1248 4598 philosophiam
1261 4547 1315 4584 esse
1329 4535 1415 4586 librum
1433 4550 1510 4600 qnan-

158 4606 223 4668 daos,
242 4608 310 4658 relat
328 4607 443 4658 Aeneida
461 4613 488 4658 et
506 4608 634 4671 Odyssea:
659 4621 718 4656 sera
736 4614 820 4658 antem
838 4621 889 4657 non
907 4609 933 4656 in
950 4607 1041 4656 mundo
1060 4610 1105 4652 aut
1121 4605 1148 4652 in
1166 4611 1270 4662 natura,
1289 4607 1334 4656 sed
1352 4609 1378 4655 in
1397 4609 1509 4656 ooniron-

158 4677 253 4726 tatium
276 4683 389 4728 textuum
407 4676 474 4739 (ntor
496 4679 590 4728 illorum
608 4676 700 4738 verbis)
723 4692 776 4727 esse
804 4678 955 4743 quaerenda
993 4676 1042 4726 Cur
1059 4679 1143 4722 tecum
1161 4675 1204 4724 din
1224 4675 1303 4726 ridere
1321 4693 1372 4726 non
1388 4677 1510 4740 possum?

159 4743 227 4804 Quos
245 4746 330 4798 ederes
350 4746 483 4798 cacffinnos
495 4749 604 4812 Keplere
621 4749 805 4806 humanissimo,
825 4751 846 4798 si
866 4749 964 4798 audires
982 4761 1047 4812 quae
1066 4752 1154 4794 contra
1170 4760 1211 4794 me
1230 4759 1313 4796 eoram
1331 4747 1425 4814 Magno
1437 4748 1511 4800 Duce

156 4813 221 4866 Pisis
239 4829 257 4867 s
272 4817 416 4883 philosopho
433 4817 497 4868 illius
514 4819 638 4885 gymnasii
655 4819 770 4884 primario
787 4819 886 4884 prolata
904 4818 1012 4878 fueraut,
1031 4814 1090 4866 dum
1109 4817 1261 4880 apamensis
1278 4817 1433 4885 logicalibas,
1452 4825 1509 4870 tan·
