3700 5530
751 293 783 344 ιε
801 291 881 345 sune
898 293 978 345 uon.
1476 291 1534 362 001

186 489 247 534 uon
279 469 413 550 quotidie
445 475 529 534 creat
561 471 660 534 omnia
691 489 746 552 per
768 471 892 533 Terram
916 467 1092 545 nascentia,
1125 475 1206 532 certe
1239 471 1402 534 secundum
1435 491 1563 535 sacras·

187 559 293 621 literas
317 566 350 621 et
371 559 554 640 theologos?
577 561 754 641 quibusdam
779 579 816 621 ex
840 559 931 622 nihilo
950 568 1035 622 creat
1057 558 1173 620 animas
1188 559 1331 638 quotidie.
1377 561 1423 624 Tu
1445 563 1540 624 mira-

188 648 257 710 cula
279 647 431 710 miraculis
455 659 592 723 excusas,
615 649 722 712 stellas
746 669 822 722 esse,
848 669 905 710 non
929 658 1030 710 tamen
1046 647 1191 710 visibiles.
1237 647 1313 709 Mihi
1335 650 1458 729 perinde
1482 661 1539 725 est,

187 737 258 800 dum
280 737 373 798 sciam
397 737 511 817 fulgere
534 738 591 799 hoc
616 739 698 812 loco,
734 737 813 818 qnod
845 737 915 798 olirn
939 757 997 798 non
1022 737 1124 810 l'ulsit,
1158 736 1222 798 eive
1255 737 1296 798 sit
1327 739 1391 798 sive
1423 747 1540 802 tantum

187 835 345 906 appareat.
391 826 456 888 Neo
489 827 650 907 quidquam
681 828 823 907 proficere
857 826 969 888 videris
1000 825 1181 905 disputando
1212 844 1231 886 a
1261 815 1476 905 signhloationa
1500 830 1539 890 ad

188 914 359 978 essentiam.
407 915 440 976 In
465 915 521 976 hoc
545 934 655 995 genere
678 935 736 978 non
760 933 824 976 som
852 915 1046 977 exercitatus.
1093 913 1126 976 Si
1155 932 1214 995 qua
1236 913 1362 996 physica
1385 917 1443 979 dici
1465 937 1540 998 pos-

189 1011 273 1077 sunt,
306 1003 370 1065 dixi
402 1004 432 1064 in
457 1002 594 1083 Optiois;
631 1024 688 1066 uon
721 1022 792 1064 vero
823 1004 860 1065 de
890 1011 957 1064 ortu
989 1004 1043 1064 sed
1076 1003 1112 1063 de
1137 1003 1271 1065 essentia
1294 1023 1345 1066 seu
1370 1007 1538 1085 quantitate

188 1092 343 1155 materiae.
389 1091 455 1153 Hoc
480 1111 517 1152 ex
542 1093 598 1154 iis:
637 1091 733 1155 Omne
758 1110 882 1172 opacum
907 1101 955 1154 est
987 1091 1198 1166 illuminabile,
1229 1112 1315 1155 omne
1346 1094 1540 1157 illuminabile
1627 1095 1632 1106 '

188 1181 316 1243 visibile.
364 1179 398 1242 si
422 1199 493 1260 ergo
519 1182 592 1256 luit,
617 1189 648 1244 et
671 1201 767 1263 opaca
790 1182 847 1243 luit
869 1189 901 1242 et
924 1180 1051 1243 visibilis
1073 1180 1142 1242 fuit.
1189 1179 1223 1242 si
1246 1181 1394 1257 visibilis,
1427 1191 1460 1245 at
1483 1203 1540 1245 uon

190 1271 264 1344 visa,
290 1270 379 1350 igitur
403 1277 500 1331 tecta:
527 1271 619 1351 quid?
642 1291 700 1332 non
724 1279 758 1333 ut
771 1271 858 1332 Luna
876 1288 941 1331 cum
959 1267 1039 1343 Sole,
1065 1269 1119 1331 sed
1143 1288 1159 1330 e
1183 1269 1304 1347 regione
1324 1271 1416 1334 etiam
1437 1272 1540 1336 illius?

189 1357 268 1430 Quid
293 1359 385 1421 habet
408 1359 631 1422 commoditatis
655 1361 751 1435 Deus,
777 1370 810 1422 ut
832 1360 933 1438 potius
955 1377 1010 1438 per
1032 1377 1111 1420 nova
1134 1375 1261 1438 corpora
1282 1359 1432 1439 significet
1454 1361 1540 1422 nobis

189 1467 276 1527 quam
300 1467 354 1528 per
377 1466 470 1508 novas
495 1449 709 1528 quantitates?
753 1448 834 1510 Ecce
857 1449 948 1509 alium
964 1447 1021 1509 Dei
1045 1464 1167 1509 morem.
1215 1445 1350 1527 Corpora
1373 1458 1444 1512 sunt
1466 1452 1541 1512 sub·

188 1537 339 1612 santiae,
375 1544 474 1598 motus
502 1545 551 1598 est
574 1538 730 1610 accidens,
763 1557 820 1598 non
852 1545 938 1598 erunt
960 1536 1086 1616 pulchra
1108 1554 1235 1616 corpora
1258 1538 1315 1599 nisi
1338 1546 1539 1601 moverentur.

187 1625 231 1688 Ut
253 1625 345 1706 igitur
368 1631 558 1687 moverentur
582 1626 620 1688 ob
652 1626 792 1688 accidens
825 1626 898 1700 hoo,
933 1624 1049 1688 creavit
1069 1624 1153 1687 Deus
1177 1626 1206 1686 in
1228 1625 1291 1687 illis
1315 1627 1452 1706 spiritum
1475 1647 1540 1690 mo-

186 1721 318 1789 ventem,
344 1715 393 1794 qui
421 1719 469 1774 est
489 1715 618 1776 maxime
641 1713 822 1776 substantia.
868 1714 919 1776 Ita
949 1733 1006 1775 non
1031 1721 1079 1775 est
1101 1713 1167 1776 Deo
1191 1714 1250 1776 vile
1274 1717 1413 1779 accidens
1437 1736 1540 1779 creare

186 1803 237 1865 vel
260 1802 409 1872 ordinare,
434 1811 468 1863 et
490 1801 517 1862 si
540 1804 630 1866 aliter
652 1803 768 1883 nequit,
793 1803 831 1863 ed
856 1803 996 1865 accidens
1019 1802 1210 1866 obtinendum
1235 1813 1320 1865 creat
1342 1805 1539 1868 substantias.

100 1969 106 1977 Ι
185 1891 251 1956 Νεε
266 1892 446 1972 superfluum
465 1891 560 1953 habet
575 1891 725 1973 quippiam
745 1892 790 1952 ita
810 1891 933 1968 faciens,
950 1891 1019 1972 qnia
1033 1899 1166 1954 creatum
1180 1891 1300 1955 abolere
1315 1894 1417 1955 itidem
1427 1904 1539 1975 potest.

278 1979 340 2044 Sed
365 1979 442 2042 enim
467 1999 526 2042 non
551 1989 599 2042 est
622 1982 696 2044 artis
720 1981 818 2042 dicere
843 2000 898 2057 ea,
932 2000 1007 2062 quae
1031 1989 1103 2042 sunt
1125 1989 1212 2044 extra
1235 2000 1352 2043 ornnem
1373 1982 1540 2063 inquirendi

186 2071 286 2131 aleam
309 2068 428 2148 posita:
462 2076 497 2129 ut
519 2088 585 2131 cum
608 2071 667 2146 ais,
692 2089 760 2130 esse
782 2088 890 2131 novam
915 2071 980 2131 loco
1004 2069 1142 2149 pristino,
1166 2079 1200 2132 at
1226 2089 1284 2132 non
1314 2072 1417 2135 videri.
1465 2073 1541 2134 Mihi

187 2158 297 2220 sufficit
320 2158 494 2237 conjectura
517 2157 591 2221 haec
615 2158 781 2234 contraria,
808 2160 886 2239 quod
908 2160 1055 2238 paulatim
1078 2160 1266 2234 minuantur,
1297 2160 1388 2240 igitur
1411 2179 1539 2222 evanes-

185 2255 267 2310 cant.
314 2248 392 2308 Item
415 2241 482 2308 edm
513 2247 578 2320 ais,
611 2267 700 2310 unam
724 2247 772 2308 vel
795 2266 910 2327 paucas
942 2267 1010 2309 esse
1034 2267 1144 2324 novae,
1170 2256 1202 2309 et
1224 2249 1425 2310 translatione
1449 2267 1542 2310 caeca

180 2355 239 2416 pro
274 2335 336 2398 alia
368 2343 460 2416 atque
493 2335 555 2397 alia
576 2338 715 2418 ‘diversis
748 2345 849 2398 tamen
882 2337 1019 2416 partibus
1051 2336 1166 2399 haberi.
1212 2337 1288 2398 Mihi
1318 2337 1431 2400 suflicit
1454 2339 1540 2414 scire,

185 2425 363 2506 quandoque
388 2424 462 2486 duos
486 2425 575 2487 simul
598 2425 719 2488 fulsisse
743 2433 886 2500 cometas,
912 2433 944 2488 et
966 2427 1048 2502 olim,
1073 2425 1121 2507 qui
1145 2445 1220 2488 unus
1244 2425 1309 2499 suit,
1332 2427 1363 2488 in
1386 2429 1461 2488 duas
1476 2427 1540 2488 dis-

183 2513 313 2576 cessisse
346 2521 460 2593 partes.
499 2518 596 2587 (eomp.
616 2522 673 2573 Vol.
693 2523 714 2574 1.
733 2537 758 2587 p.
779 2518 853 2584 ott.)
889 2514 1036 2576 Libenter
1063 2531 1134 2594 ergo
1165 2515 1306 2594 conjicio,
1341 2516 1541 2577 translatione

182 2603 241 2666 loci
265 2621 322 2664 uon
349 2602 424 2666 fieri.

272 2687 339 2772 Ego
363 2709 434 2753 vero
457 2711 515 2752 non
541 2691 630 2771 longe
654 2691 761 2753 absum
786 2712 804 2753 a
828 2689 962 2754 Cornelii
987 2689 1133 2753 Gemmas
1156 2690 1364 2772 philosophia,
1400 2690 1450 2771 qui
1474 2691 1540 2752 exi-

186 2780 310 2855 stimat,
339 2781 439 2842 inesse
470 2799 558 2842 unum
589 2789 620 2842 et
653 2781 779 2842 eundem
811 2780 949 2860 spiritum
972 2781 1008 2842 iu
1039 2789 1105 2841 toto
1129 2781 1268 2842 universo
1291 2801 1542 2860 peropopqomo

185 2870 327 2950 quotidie,
354 2868 403 2949 qui
427 2877 500 2949 agat
519 2875 567 2932 dcc
581 2891 615 2931 το
635 2871 752 2932 aarum
773 2893 819 2933 και
832 2871 955 2948 dolator,
970 2877 1001 2930 et
1015 2869 1133 2931 noverit
1147 2868 1266 2949 quidex
1281 2870 1415 2951 qnalibet
1430 2870 1540 2932 redun-

185 2958 270 3020 danti
291 2958 418 3020 materia
434 2958 498 3019 fieri
517 2959 757 3020 commodissime
776 2960 892 3039 possit;
916 2967 1079 3039 propterea
1098 2959 1236 3022 sudorem
1256 2959 1384 3021 feminae
1405 2965 1436 3020 et
1454 2958 1539 3020 canis

184 3047 335 3110 convertit
357 3047 387 3109 in
410 3046 525 3127 pulices
549 3047 674 3128 capitis,
704 3048 926 3129 inpedientes,
951 3066 1048 3110 rorem
1070 3048 1100 3110 in
1124 3047 1270 3124 bruchos,
1301 3067 1426 3121 erucas,
1448 3047 1540 3110 linum

183 3135 215 3198 in
240 3135 399 3218 anguillas,
425 3136 565 3215 uliginem
580 3137 610 3198 in
626 3156 726 3210 ranas,
751 3138 904 3219 aquamiu
923 3137 1032 3218 pisces,
1058 3146 1169 3199 terram
1192 3137 1221 3198 in
1244 3138 1383 3217 plautas,
1412 3137 1542 3199 cadaver

183 3226 213 3287 in
238 3243 364 3296 vermes,
389 3234 506 3288 stercus
529 3225 560 3286 in
584 3227 775 3302 scarabaeos,
802 3234 832 3288 et
846 3225 963 3288 infinita
981 3244 1059 3288 nova
1074 3244 1109 3287 ac
1125 3225 1304 3302 insolentia3
1326 3227 1406 3288 aeris
1428 3225 1541 3288 halitus

183 3315 212 3377 in
238 3321 469 3389 διαταποπας,
493 3315 652 3376 aethereae
684 3315 813 3396 regionis
837 3314 866 3376 in
891 3325 1024 3378 cometas
1056 3315 1180 3378 tandem
1209 3326 1240 3377 et
1262 3316 1378 3379 stellas.
1424 3313 1541 3378 Videas

183 3403 280 3466 ubivis
303 3405 435 3466 existere
467 3405 646 3484 uliginosum
679 3405 850 3486 quippiam,
885 3405 962 3487 quod
995 3404 1141 3467 rationem
1173 3405 1307 3467 continet
1338 3402 1541 3480 seminariam,

185 3493 337 3572 efficitque
362 3492 527 3573 specierum
551 3493 749 3566 varietatem,
783 3503 817 3556 ut
849 3513 908 3556 non
942 3513 979 3555 ex
1012 3495 1143 3575 cujusvis
1175 3493 1291 3557 arboris
1315 3493 1394 3556 foliis
1418 3493 1541 3574 quaevis

185 3599 275 3642 eruca
299 3590 457 3657 nascatur,
490 3583 544 3642 sed
568 3601 606 3642 ex
629 3583 756 3662 singulis
790 3584 852 3644 fere
886 3583 1034 3662 singulae.
1076 3583 1131 3644 llle
1155 3601 1227 3644 vero
1250 3583 1413 3645 communis
1446 3583 1540 3643 totius

189 3670 291 3731 mundi
314 3669 438 3749 spiritus
461 3670 517 3731 hoo
540 3680 697 3751 praestare
719 3673 848 3746 videtur,
874 3680 908 3734 ut
931 3671 1171 3734 omniainvioem
1186 3672 1371 3746 ordinentur,
1395 3671 1543 3732 accedant

189 3775 287 3820 novae
311 3767 467 3820 creaturae
490 3760 691 3822 instrumenta
714 3760 847 3840 corporis
877 3760 1096 3823 convenientia.
1143 3759 1178 3822 Si
1207 3759 1281 3822 nihil
1309 3760 1444 3827 viveret,
1475 3759 1542 3838 ipse

187 3854 284 3908 totam
308 3847 464 3909 materiam
491 3848 671 3926 vivificaret,
696 3860 730 3911 nt
752 3851 857 3924 Terra,
882 3849 908 3911 si
931 3850 1003 3912 nihil
1027 3856 1212 3919 moveretur,
1235 3849 1304 3928 ipsa
1326 3845 1427 3910 omnia
1449 3847 1541 3909 adse

188 3937 367 4012 attraheret,
393 3937 453 3998 alia
475 3937 597 4017 propius
622 3939 700 4002 aliis.
746 3939 791 4002 Ut
812 3939 921 4018 igitur,
954 3938 1024 4020 quia
1046 3938 1075 3999 in
1100 3956 1147 3998 me
1171 3945 1215 3999 est
1241 3938 1359 4007 anima,
1382 3944 1542 4016 propterea

187 4045 296 4106 eorpus
321 4045 419 4088 mcum
437 4026 502 4106 jam
525 4027 555 4088 in
581 4027 701 4090 sublimi
729 4036 796 4102 est,
830 4029 1042 4107 prostrandom
1073 4025 1198 4106 primum
1231 4036 1321 4106 atque
1354 4021 1542 4088 desereretur

187 4115 227 4178 ab
250 4116 306 4177 heo
331 4115 440 4186 anima,
465 4117 508 4178 sio
532 4116 632 4193 etiam,
658 4116 810 4197 quiajam
833 4116 932 4178 anima
956 4117 988 4177 in
1011 4134 1058 4176 me
1077 4125 1134 4190 est,
1159 4134 1234 4195 quae
1249 4115 1419 4177 dominatur
1433 4115 1541 4176 humo-

186 4204 269 4267 ribus
293 4215 325 4266 et
355 4204 411 4264 toti
443 4205 515 4266 moli
546 4206 696 4286 corporis,
729 4224 806 4286 quae
837 4223 874 4266 ex
901 4205 1003 4267 multis
1032 4205 1191 4284 praecipue
1222 4204 1378 4284 uliginosis
1410 4211 1541 4278 constat,

188 4294 257 4355 ideo
291 4293 455 4355 eommunis
482 4294 534 4355 ille
568 4295 669 4355 mundi
702 4295 825 4374 spiritns
859 4294 987 4355 formare
1020 4313 1058 4354 ex
1089 4311 1154 4354 meo
1187 4311 1310 4374 corpore
1340 4293 1413 4356 nihil
1441 4299 1544 4372 potest

187 4381 277 4444 aliud.
324 4382 455 4444 Primum
480 4390 580 4445 antem
613 4391 703 4464 atque
734 4383 864 4464 aliquam
887 4384 1046 4445 deseruero
1069 4381 1257 4463 particulam,
1292 4401 1345 4444 εειι
1377 4382 1457 4444 intus
1489 4399 1543 4462 per

187 4470 376 4534 debilitatem
398 4471 610 4534 intestinorum
635 4480 667 4533 et
689 4491 842 4535 recessum
865 4471 982 4533 animae
1006 4478 1169 4532 naseuntur
1187 4489 1313 4546 vermes,
1339 4489 1391 4534 seu
1415 4471 1488 4533 loris
1512 4469 1542 4532 in

190 4566 323 4624 stercore
357 4560 523 4635 ascarides,
548 4579 601 4622 seu
631 4560 661 4622 in
684 4561 752 4641 ipsa
784 4561 917 4641 corporis
949 4559 1076 4622 materia
1104 4559 1194 4641 plane
1227 4559 1399 4622 discedente
1432 4559 1541 4621 anima.

190 4644 276 4718 Quae
299 4648 391 4730 igitur
414 4657 516 4711 terrea
538 4657 618 4724 sunt,
642 4647 671 4709 in
695 4659 823 4725 terram,
846 4668 921 4730 quae
945 4665 1056 4729 aquea,
1079 4648 1110 4710 in
1134 4667 1258 4728 aquam,
1284 4668 1360 4730 quae
1383 4655 1488 4723 abrae,
1511 4647 1541 4709 iu

190 4741 291 4798 aerem
314 4738 426 4800 abeunt
433 4756 444 4812 ;
474 4746 506 4800 ct
528 4739 588 4812 sic,
614 4756 690 4818 quae
715 4738 871 4813 aetherea,
896 4737 926 4798 in
950 4738 1118 4814 aetherem,
1144 4757 1197 4800 seu
1221 4757 1297 4819 quae
1320 4738 1486 4820 uliginosa,
1511 4737 1542 4800 iu

188 4823 371 4888 animalcula
392 4825 514 4903 abeunt,
538 4844 614 4908 quae
637 4834 747 4908 postea
769 4827 861 4890 etiam
878 4827 1012 4912 reliquas
1027 4826 1172 4892 materias
1187 4827 1322 4892 alimenti
1336 4829 1401 4892 loeo
1417 4827 1540 4892 habent.
