3464 5524
327 337 370 404 52
744 335 844 386 therae
862 334 964 399 Keplari
983 335 1133 398 altorumque
1152 341 1254 385 mutuae

327 533 384 577 non
409 515 450 576 sit
472 513 525 576 iris
548 513 645 594 major
664 512 865 587 semicirculo,
890 513 947 573 erit
971 511 1040 592 quia
1063 511 1134 574 Sole
1158 511 1352 575 occumbente
1377 512 1472 574 Terra
1494 510 1610 572 avertit
1630 528 1675 570 ra·

327 603 394 665 dios
419 603 495 682 ejus.
543 601 592 664 Sit
614 602 700 664 EAF
723 595 829 683 22Ἲῖο
852 607 883 661 et
905 600 932 662 E
956 600 1041 675 halo;
1069 600 1161 662 ducta
1183 600 1227 662 EI
1250 601 1398 680 parallelo
1427 600 1484 679 ipsi
1509 599 1579 674 AF,
1608 597 1676 658 inci-

328 693 382 754 det
415 691 444 753 in
478 698 611 753 centrum
638 689 719 752 Solis
750 708 808 751 non
842 690 939 750 minus
964 709 1053 770 qnam
1081 690 1137 752 AF
1159 697 1282 769 propter
1314 689 1590 752 insensibilitatem.
1636 685 1680 748 Sit

328 787 430 842 autem
455 779 538 843 GAB
563 775 639 853 45⁰,
663 778 722 839 erit
745 776 824 841 CFB
848 775 890 840 2²
900 770 931 859 Ἰ,
944 773 964 838 ⁰.
1012 776 1045 840 Si
1065 778 1129 857 jam
1152 778 1235 839 visus
1258 786 1419 858 poneretur
1440 778 1471 840 in
1496 775 1539 851 Ο,
1562 775 1677 836 videre-

329 878 379 932 tur
402 869 456 932 Sol
490 869 601 930 directe
634 887 688 948 per
711 868 821 929 lineam
845 865 909 928 CH.
958 865 1047 936 Quod
1080 867 1105 927 si
1135 867 1256 946 insuper
1279 867 1373 929 etiam
1396 874 1480 929 esset
1504 865 1612 926 eadem
1634 882 1677 926 re-

331 960 438 1021 tractio
462 957 545 1020 iridis
569 976 646 1036 qnae
670 957 801 1030 balonis,
825 956 892 1017 visu
916 954 986 1017 ioC
1010 955 1109 1035 posito
1125 954 1178 1017 Sol
1202 957 1332 1017 refracte
1356 957 1509 1018 videretur
1532 973 1587 1033 per
1605 950 1679 1014 CFK

330 1055 363 1111 ut
385 1048 468 1126 prius
492 1065 545 1127 per
568 1045 652 1107 AEI.
701 1043 782 1115 Quid
805 1044 918 1123 igitur?
941 1045 991 1105 Au
1015 1044 1079 1105 risu
1104 1045 1133 1106 in
1151 1041 1175 1106 C
1190 1045 1304 1125 posito,
1328 1053 1359 1107 et
1382 1039 1576 1124 contingente
1603 1040 1679 1101 iridis

329 1135 525 1204 refractione,
559 1131 613 1195 Sol
635 1153 689 1214 per
718 1131 805 1195 CAK
829 1133 1031 1212 spectabitur,
1057 1142 1088 1193 et
1117 1132 1161 1193 sic
1186 1152 1223 1194 ex
1246 1133 1356 1195 circulo
1379 1153 1433 1212 per
1463 1133 1488 1193 F
1524 1131 1609 1192 circa
1631 1127 1679 1190 CD

329 1243 416 1285 axem
441 1224 493 1284 fiet
514 1223 606 1284 halo?
652 1222 728 1284 item
752 1242 790 1283 an
813 1221 880 1282 visu
903 1221 932 1282 in
957 1221 983 1282 Ε
1006 1221 1121 1300 posito,
1150 1220 1220 1283 Sole
1245 1221 1274 1282 in
1297 1221 1341 1283 EI
1365 1231 1396 1283 et
1418 1220 1603 1282 refractione
1627 1219 1677 1279 ha-

328 1314 428 1374 lonum
452 1311 646 1391 contingente
674 1310 703 1372 io
727 1311 838 1372 circulo
861 1328 914 1389 per
937 1311 967 1371 A
991 1309 1072 1370 circa
1094 1309 1138 1372 EI
1161 1329 1257 1382 axem,
1285 1311 1440 1390 continget
1468 1309 1605 1390 spectari
1633 1307 1679 1368 iri-

329 1402 417 1463 dem?
448 1399 491 1460 Et
506 1399 642 1480 amplius,
670 1419 707 1460 an
727 1399 892 1460 concedent
906 1399 978 1460 mihi
1000 1399 1105 1478 optici,
1131 1407 1166 1461 nt
1187 1399 1267 1462 nullo
1283 1397 1387 1461 habito
1410 1407 1548 1479 respectu
1571 1397 1680 1476 figurae

218 1493 220 1498 ’
328 1490 409 1552 abris
435 1487 478 1550 sic
505 1488 694 1550 considerem
717 1488 812 1562 illum,
848 1507 883 1548 ac
907 1488 933 1548 si
955 1486 1004 1548 rel
1028 1506 1132 1550 versus
1156 1487 1252 1548 visum
1275 1489 1324 1550 vel
1347 1507 1452 1550 versus
1476 1487 1579 1549 Solem
1606 1491 1682 1545 esset

270 1649 281 1674 t
327 1577 460 1658 planus?
506 1575 636 1638 Omnino
660 1577 716 1638 boc
740 1576 866 1638 videtur.
913 1577 992 1636 Nam
1015 1575 1070 1637 illa
1092 1575 1217 1650 nebula,
1251 1577 1280 1638 io
1305 1597 1365 1658 qua
1390 1578 1460 1638 olim
1484 1575 1544 1637 vidi
1568 1574 1678 1646 iridem,

329 1667 505 1747 agitabatur
528 1687 547 1726 a
571 1665 761 1746 rapidissimo
785 1673 884 1738 vento,
910 1663 992 1725 nullo
1015 1673 1099 1726 certa
1121 1663 1225 1744 figora.
1271 1665 1315 1727 Et
1337 1665 1390 1727 iris
1409 1683 1527 1745 semper
1546 1663 1679 1735 circulus,

331 1753 386 1818 Sol
410 1774 467 1816 non
492 1773 624 1834 semper,
662 1773 719 1816 non
751 1753 943 1816 circumcirca
966 1753 1140 1833 aequalibus
1164 1753 1282 1833 angulis
1305 1755 1334 1814 in
1358 1754 1470 1834 figurae
1494 1759 1598 1814 aerem
1622 1759 1679 1811 ter-

327 1844 472 1907 minantis
496 1843 682 1922 superficiem
706 1842 833 1915 incidit,
867 1849 932 1915 aot,
967 1841 992 1902 si
1017 1842 1128 1914 mavis,
1162 1843 1192 1904 in
1222 1860 1364 1922 aquarum
1397 1851 1428 1902 et
1451 1849 1607 1922 guttarum
1631 1841 1679 1900 de·

328 1932 535 1995 scendentinm
565 1940 682 1994 tractos
716 1938 826 1992 rectos.
872 1931 937 1990 Nec
970 1929 1048 1991 enim
1081 1949 1199 2010 semper
1231 1931 1348 2010 delapsi
1378 1933 1454 1993 recti
1477 1938 1556 1992 sunt.
1605 1929 1678 2007 Ergo

328 2042 386 2084 non
409 2021 505 2100 figura
528 2019 613 2082 atris'
636 2019 690 2081 sed
713 2020 780 2098 ipsa
802 2019 992 2098 profunditas
1021 2027 1146 2098 generat
1175 2019 1300 2081 halones
1325 2027 1357 2082 et
1379 2019 1480 2082 irides.
1526 2017 1677 2098 Amplius:

329 2130 366 2172 an
392 2107 557 2171 consistere
581 2109 711 2188 poterit,
737 2116 770 2169 ot
793 2115 877 2179 aere,
901 2115 935 2168 ut
957 2107 1002 2168 ita
1025 2107 1141 2183 dicam,
1167 2105 1371 2187 gottescente,
1402 2107 1545 2170 retractio
1569 2105 1613 2168 sit
1635 2105 1678 2166 di·

329 2198 422 2261 midio
445 2197 555 2273 minor,
589 2216 677 2277 qnam
696 2197 767 2276 jam·
784 2196 964 2276 depluente?
1009 2196 1051 2256 Et
1074 2214 1165 2274 quare
1192 2197 1274 2258 circa
1296 2196 1399 2259 Solem
1422 2198 1504 2259 nulla
1526 2195 1580 2257 iris
1607 2193 1677 2267 (sci-

329 2287 403 2349 licet
425 2285 572 2349 diametro
597 2281 686 2360 90⁰),
711 2285 739 2347 io
764 2285 903 2365 opposito
918 2283 1000 2346 Solis
1023 2284 1121 2346 nullus
1144 2285 1214 2346 halo
1239 2287 1296 2359 (sc.
1314 2287 1461 2348 diametro
1476 2279 1573 2359 tob?
1598 2281 1675 2344 Nihil

329 2376 414 2437 dicas
438 2375 474 2436 de
497 2374 660 2455 phantasia
683 2372 780 2448 risus;
805 2381 910 2435 teneas
934 2391 988 2453 pro
1012 2381 1108 2448 certo,
1134 2374 1212 2455 quod
1232 2383 1263 2435 et
1277 2375 1345 2437 halo
1361 2383 1392 2436 et
1415 2375 1476 2436 iris·
1493 2392 1547 2453 per
1570 2372 1677 2434 realem

329 2463 527 2528 radiationem
541 2464 581 2525 ad
599 2463 716 2526 oculum
734 2462 854 2535 veniat;
878 2461 1002 2541 probavi
1025 2462 1056 2522 in
1079 2480 1148 2523 mea
1166 2481 1301 2538 camera3
1325 2483 1394 2526 narn
1412 2463 1568 2543 paralium,
1584 2459 1676 2540 portio

329 2555 366 2616 de
392 2551 510 2628 halone,
536 2572 574 2624 ex
596 2552 723 2614 nubibus
740 2571 772 2612 se
787 2549 885 2630 pinxit
907 2551 995 2612 intro.
1041 2549 1084 2611 Et
1106 2559 1221 2626 tamen,
1247 2553 1273 2614 si
1288 2552 1414 2635 quilibet
1431 2551 1583 2632 propriam
1600 2549 1676 2610 videt

330 2640 435 2705 iridem
464 2649 497 2702 et
525 2642 678 2716 halonem,
712 2647 766 2701 ant
794 2659 853 2701 oon
886 2639 981 2700 omnis
1013 2645 1065 2700 aer
1094 2641 1223 2702 collocet
1248 2641 1417 2703 coloribus?
1463 2638 1576 2702 Confer
1598 2654 1675 2718 prop.
1719 2679 1720 2720 3

329 2725 460 2794 23-28
485 2730 543 2790 mei
571 2729 681 2811 capitis
704 2730 730 2792 I.
778 2725 812 2790 Si
845 2727 971 2808 quilibet
1002 2727 1152 2807 propriam
1175 2729 1259 2792 videt
1291 2729 1410 2800 iridem,
1442 2728 1587 2809 possibile
1611 2743 1676 2805 ergo
1719 2723 1720 2728 ’

329 2827 391 2894 est,
426 2827 460 2881 ut
483 2819 591 2899 aliquis
613 2818 718 2880 videat
741 2817 848 2878 iridem
870 2816 901 2877 in
925 2817 991 2878 loco
1015 2816 1073 2876 mei
1095 2817 1193 2891 visns;
1229 2819 1268 2879 ad
1293 2819 1390 2880 locum
1413 2836 1484 2897 ergo
1520 2817 1578 2878 mei
1602 2815 1677 2875 visos

328 2907 471 2972 allabitur
495 2909 646 2969 coloratus
669 2906 781 2968 radius.
826 2905 871 2966 At
895 2903 1036 2966 allabitur
1051 2904 1090 2966 ad
1104 2905 1200 2967 locum
1223 2907 1281 2968 mei
1304 2906 1387 2968 visus
1410 2907 1514 2970 radius
1529 2904 1610 2968 Solis
1629 2920 1677 2982 per

330 3017 436 3078 aquas,
460 2995 579 3075 pluviae
603 3002 656 3056 aut
679 3014 805 3075 aqueum
831 3000 939 3055 adrem.
973 2993 1052 3053 Nam
1067 2991 1138 3055 Sole
1161 2994 1359 3057 interlucente
1384 2996 1463 3058 inter
1476 2993 1595 3074 pluvias
1610 2991 1638 3053 h.
1654 3009 1676 3050 e.

305 3139 306 3142 ,
330 3104 396 3148 cnm
420 3083 474 3146 Sol
497 3085 631 3157 ridetur,
656 3083 775 3144 videtur
798 3090 829 3143 et
852 3081 921 3155 iris;
945 3099 1015 3143 nam
1039 3101 1158 3161 semper
1180 3101 1239 3144 una
1263 3083 1317 3146 Sol
1341 3093 1478 3165 apparet.
1526 3081 1587 3145 Cor
1609 3097 1675 3158 ergo

330 3173 435 3236 Solem
459 3190 515 3252 ego
539 3191 596 3232 oon
620 3171 708 3232 video
731 3171 865 3246 viridem,
891 3172 1014 3245 flavum,
1040 3169 1173 3242 rubrum,
1197 3174 1382 3248 caeruleum,
1408 3173 1434 3233 si
1457 3172 1533 3232 visio
1548 3169 1677 3249 seqnitur

330 3262 450 3323 modum
474 3259 705 3323 illustrationis?
729 3259 836 3322 Dicam
859 3257 988 3337 aliquid,
1023 3266 1055 3319 ut
1079 3259 1194 3321 habeas
1217 3261 1287 3340 quid
1311 3261 1468 3341 impugnes
1492 3267 1546 3320 aut
1566 3255 1676 3320 exami—
1718 3255 1719 3286 r

329 3369 403 3411 nes:
438 3347 518 3410 Solis
541 3349 619 3411 radii
643 3367 700 3410 non
725 3349 912 3418 colorantur,
945 3346 1003 3407 uisi
1027 3345 1056 3407 in
1081 3355 1165 3408 certa
1188 3350 1359 3427 quantitate
1389 3347 1588 3411 retractionis.
1624 3345 1674 3405 ln-

333 3439 458 3520 gredere
482 3457 633 3500 cameram
656 3437 788 3518 opticam
811 3455 878 3498 cnm
902 3435 991 3514 globo
1016 3453 1125 3515 aquae,
1159 3456 1213 3517 per
1237 3457 1324 3518 quem
1347 3440 1448 3501 radios
1473 3437 1554 3500 Solis
1576 3445 1674 3497 mans-

331 3527 429 3590 mitte.
467 3525 533 3587 Duc
562 3544 633 3610 ergo
657 3525 714 3605 ipsi
737 3524 794 3588 Ao
809 3525 973 3604 parallelas
993 3532 1181 3604 quotcunque
1208 3544 1262 3604 pro
1283 3527 1397 3589 visibus
1414 3527 1497 3599 aliis,
1523 3545 1573 3588 eas
1595 3523 1673 3583 visus

330 3635 414 3678 meus
438 3615 468 3676 io
486 3615 518 3676 A
532 3614 696 3676 intuebitur
719 3622 752 3676 ut
774 3615 885 3687 lineas,
910 3612 1007 3675 solam
1029 3611 1087 3674 AO
1111 3623 1144 3674 nt
1166 3621 1319 3693 punctum.
1354 3613 1491 3685 Quilibet
1513 3632 1582 3694 ergo
1597 3609 1672 3672 Solis

328 3705 430 3769 radius
444 3721 616 3783 quocunque
633 3703 708 3778 loco,
734 3719 840 3780 nempe
856 3702 968 3763 etinF
991 3708 1024 3762 et
1051 3701 1081 3762 in
1103 3702 1134 3763 A
1157 3703 1313 3776 dividitur,
1338 3710 1373 3766 ut
1396 3723 1433 3765 en
1456 3705 1537 3765 linea
1559 3701 1674 3764 radiosa

329 3793 385 3854 fiat
415 3791 513 3872 portio
537 3791 766 3870 hemisphaerii,
800 3789 884 3869 cnjus
909 3790 1034 3852 concavi
1068 3790 1195 3868 angulus
1220 3791 1261 3852 sit
1285 3785 1355 3855 90⁰.
1401 3792 1444 3854 Et
1467 3812 1506 3852 ex
1528 3792 1581 3852 hoc
1602 3805 1672 3848 cono
1717 3797 1718 3858 ξ

330 3881 387 3943 soli
421 3878 546 3943 extremi
577 3879 657 3958 apud
689 3879 756 3940 coni
789 3878 975 3958 superficiem
1008 3878 1189 3940 colorantur.
1235 3879 1304 3941 Etsi
1328 3880 1419 3959 igitur
1442 3881 1560 3960 aliquae
1583 3877 1673 3938 lineae

329 3969 472 4044 visionis,
503 3976 537 4030 ut
558 3967 630 4041 AL,
665 3968 799 4029 incidunt
822 3967 851 4028 in
876 3967 1026 4028 coloratas
1051 3967 1142 4042 alias,
1167 3975 1200 4028 ut
1223 3968 1286 4030 MN
1309 3969 1338 4029 in
1366 3977 1478 4049 puncto
1503 3967 1545 4043 O,
1576 3975 1672 4028 tamen

330 4056 358 4119 0
382 4065 525 4137 punctum
549 4057 659 4116 saltem
682 4064 739 4130 est,
765 4057 867 4117 ethic
891 4056 972 4117 color
996 4057 1159 4117 evanescit.
1205 4057 1269 4118 Imo
1294 4057 1363 4137 quid
1388 4059 1489 4119 verbis
1514 4055 1603 4136 opus?
1625 4071 1671 4114 res

331 4147 370 4208 ad
384 4145 592 4220 Aristotelem,
618 4155 653 4206 nt
667 4144 764 4218 video,
788 4143 967 4218 revolritur;
992 4145 1205 4224 temperabooe
1220 4145 1292 4206 mihi
1307 4165 1326 4206 a
1342 4146 1533 4228 Pythagoreo
1556 4139 1673 4206 anilo?

331 4231 403 4295 Sive
427 4233 457 4295 in
481 4253 601 4295 camera
625 4233 727 4311 optica
750 4233 806 4308 sis,
832 4233 896 4293 sive
920 4241 1026 4294 contra
1042 4233 1130 4294 orbes
1153 4234 1267 4294 vitreos
1291 4241 1370 4310 stes,
1396 4235 1460 4296 sive
1483 4232 1621 4296 matutino
1645 4228 1672 4287 in

331 4341 397 4385 roro
426 4322 606 4395 inambules,
641 4321 748 4401 ubique
777 4321 896 4383 obvium
927 4328 975 4384 est
999 4339 1120 4383 cernere
1148 4329 1264 4383 certum
1287 4330 1319 4383 et
1342 4323 1508 4384 dimensum
1531 4319 1672 4400 angulum,

332 4428 389 4490 qno
413 4411 523 4488 angulo
554 4410 696 4490 splendor
718 4408 799 4472 Solis
830 4410 859 4470 in
893 4428 972 4486 rore,
1007 4410 1035 4470 in
1068 4409 1161 4482 vitro,
1194 4410 1224 4471 in
1253 4430 1333 4491 aqna
1365 4413 1518 4475 coloratus
1541 4407 1671 4476 cernitur,

331 4499 412 4560 nullo
436 4499 495 4560 alio
519 4501 639 4579 angulo.
674 4497 723 4560 Sit
754 4517 825 4577 ergo
849 4503 902 4559 air
925 4507 1079 4577 guttarum
1094 4499 1221 4577 undique
1244 4500 1366 4579 plenos,
1392 4502 1451 4563 erit
1474 4508 1505 4564 et
1528 4499 1602 4562 linea
1618 4491 1671 4554 AC

331 4586 422 4666 plena
445 4594 477 4647 et
500 4588 542 4648 sit
555 4587 643 4650 AOH
658 4586 708 4648 ille
733 4587 859 4666 angulus
884 4587 1031 4648 colorans.
1066 4584 1157 4648 Color
1181 4587 1272 4665 igitur
1294 4589 1445 4652 videbitur
1459 4591 1488 4652 in
1513 4587 1594 4650 lineis
1607 4580 1672 4652 AC,

333 4692 392 4734 non
417 4672 488 4747 AO,
522 4675 593 4754 quia
615 4673 702 4737 AOE
726 4695 784 4737 non
809 4683 857 4738 est
880 4676 1006 4754 angulus
1029 4677 1178 4737 colorans.
1225 4676 1294 4737 Jam
1318 4677 1392 4739 AEI
1416 4686 1465 4740 est
1493 4685 1603 4739 tantum
1622 4690 1672 4734 re-

333 4761 462 4832 fractus,
494 4761 582 4824 AGH
615 4771 663 4824 est
686 4771 879 4842 repercussus
904 4763 991 4825 simul
1021 4771 1053 4824 et
1076 4763 1232 4825 refractus.
1278 4764 1321 4827 Et
1345 4766 1412 4828 hinc
1438 4768 1564 4830 sortasse
1586 4779 1674 4824 causa

333 4847 546 4928 duplicationis
570 4850 767 4930 angulorum?
812 4851 905 4915 Nulla
927 4851 1073 4914 coloratio
1096 4870 1117 4913 a
1138 4851 1220 4914 nuda
1232 4853 1459 4933 repercussione
1482 4853 1544 4917 sine
1566 4851 1673 4915 reiran-
