3464 5524
1143 119 1160 150 ἡ

320 304 360 376 14
732 297 833 350 Literas
851 281 953 361 Kapleri
972 295 1122 362 dierumque
1141 300 1243 346 numae

318 491 434 568 logum,
467 491 565 558 pergit,
600 479 688 542 modo
722 475 874 546 desidero,
913 474 976 536 scio
1001 474 1183 536 laboriosum
1217 493 1284 535 esse
1313 477 1482 541 describere
1512 463 1698 530 “iculum

319 577 387 656 Ego
412 576 438 634 si
462 571 597 634 vicissim
618 569 705 630 Hurn.
730 564 812 624 Tuae
831 563 860 623 in
885 581 1059 642 quacunque
1080 581 1112 624 re
1141 564 1304 642 gratificari
1325 575 1445 646 potero,
1470 567 1610 630 libenter
1640 565 1698 625 ia-

320 665 409 727 ciam.
457 661 500 723 Et
523 676 612 738 spero
636 657 698 718 lore
722 653 769 713 hic
793 651 950 724 nonnulla,
974 669 1051 730 quae
1075 651 1228 714 desideres
1252 652 1398 732 inspicere
1423 665 1455 718 e't
1478 673 1698 734 cognoscere.

320 752 456 815 Obsecro
482 757 583 812 autam
606 763 659 824 per
682 749 802 804 nostras
827 748 923 813 artes,
948 759 985 800 na
1006 740 1052 800 ita
1073 742 1164 819 plane
1188 741 1412 806 obmutescas.“

334 883 339 894 ·
411 854 477 905 Nihil
497 857 581 903 autern
598 843 896 911 responditbtaertliuur‚
915 859 962 909 quo
980 851 1061 894 motus
1079 845 1177 896 silentio
1190 846 1312 909 Keplerus
1325 861 1420 913 quoqu„
1439 849 1576 907 obmutuit,
1602 847 1699 898 dm„

323 941 389 979 auno
409 922 479 975 tuot
497 920 655 988 sequentibus
673 917 750 967 literis
769 915 909 966 absolutam
927 915 1002 966 refert
1020 915 1149 979 Optlesm:

746 1073 882 1136 Salutem
906 1081 937 1134 et
961 1073 1098 1136 foelicem
1122 1093 1241 1138 annum.

410 1201 585 1268 Clarissima
601 1199 671 1274 Vir,
696 1199 879 1276 Praeceptor
902 1198 1036 1259 colende.
1082 1197 1164 1272 Etsi,
1189 1199 1280 1262 toties
1299 1201 1364 1280 jam
1379 1201 1530 1282 repulsam
1554 1219 1697 1280 passus,

323 1293 502 1376 apetendis
527 1291 581 1352 abs
605 1289 644 1350 H.
669 1287 735 1347 Tua
758 1287 854 1348 literis
879 1285 1090 1348 abstinendum
1122 1306 1189 1348 esse
1219 1291 1337 1368 putavi,
1373 1297 1460 1370 nrget
1491 1309 1539 1350 me
1573 1299 1697 1350 tamen

322 1382 491 1447 necessitas
515 1376 719 1441 astronomica
742 1374 781 1436 ad
795 1375 976 1453 repetendos
990 1382 1116 1436 conatus
1140 1373 1217 1436 illos.
1251 1379 1383 1440 Accedit
1396 1379 1536 1441 voluntas
1551 1377 1696 1456 Magni-

322 1473 370 1535 lici
393 1470 452 1533 viri
473 1467 600 1530 Joannis
623 1463 777 1544 Barwitii,
801 1461 892 1524 Caes.
917 1462 983 1523 Mn·
1011 1463 1167 1524 secretarii
1191 1463 1301 1540 intimi,
1332 1467 1417 1546 cujus
1441 1484 1594 1527 consensu
1623 1466 1693 1526 ista

320 1561 429 1623 scribo.
475 1557 552 1618 Peto
578 1561 678 1616 auteur
702 1551 757 1612 abs
780 1552 868 1612 Hum.
894 1551 960 1612 Tua
983 1551 1127 1629 majorem
1149 1551 1179 1613 in
1203 1554 1337 1632 modum,
1370 1563 1404 1616 ut
1432 1556 1470 1617 ad
1499 1573 1546 1615 me
1572 1561 1695 1614 trans-

320 1651 426 1712 mittas
450 1653 638 1726 quotcunque
661 1639 808 1720 partiales
823 1637 959 1700 deiectus
973 1639 1077 1700 Lunae
1101 1641 1295 1720 consignatos
1319 1643 1423 1706 habes.
1457 1643 1537 1704 Nam
1561 1641 1590 1702 si
1613 1641 1696 1720 plu-

321 1757 371 1801 res
394 1736 473 1798 idsm
497 1753 530 1794 so
554 1730 667 1792 vidisse
690 1727 854 1790 aestiment
877 1726 952 1800 (scis
977 1736 1076 1790 autern
1092 1730 1303 1792 aestimatione
1323 1751 1387 1793 rem
1400 1732 1537 1811 peragi),
1564 1731 1695 1791 certio-

321 1845 371 1890 res
395 1823 547 1886 reddimur
569 1819 606 1880 de
630 1817 799 1898 quantitate
824 1817 970 1878 defectus.
1008 1815 1096 1894 Rogo
1112 1817 1203 1878 etiam
1226 1821 1352 1894 totales,
1377 1818 1533 1900 inquibus
1559 1818 1696 1879 duratio

322 1921 408 1976 certa
431 1919 488 1974 est.
534 1908 615 1970 Nam
637 1903 692 1966 tibi
717 1905 754 1965 de
778 1905 880 1978 initio,
914 1905 990 1980 fine,
1023 1903 1190 1984 ingressus,
1226 1925 1365 1985 egressus
1396 1905 1532 1971 articulis
1557 1907 1694 1967 credam
1726 1979 1727 1984 γ

323 2002 436 2082 magis,
462 2016 550 2078 quam
574 1993 711 2056 lusciosis
735 1991 898 2073 aliquibus,
934 2009 1057 2072 qnorum
1073 2012 1089 2054 e
1105 2013 1226 2056 numero
1250 1995 1315 2075 ipse
1339 2017 1415 2060 sum.
1449 1994 1577 2058 invenio
1604 1997 1695 2056 euim

322 2089 490 2168 negotium,
515 2083 705 2146 altitudinem
729 2079 811 2144 Solis
835 2099 874 2142 ex
894 2079 1064 2160 quantitate
1088 2081 1225 2146 defectus
1249 2087 1420 2159 extruendi,
1448 2083 1633 2163 perplexius
1661 2091 1695 2144 et

322 2175 531 2258 periculosius,
564 2190 653 2251 quam
686 2170 835 2248 bucusque
863 2187 918 2248 per
946 2169 1022 2230 banc
1055 2172 1249 2232 securitatem
1282 2181 1313 2234 et
1345 2171 1693 2235 Ptolemaei·tiduciam

323 2264 518 2337 credidimus,
552 2261 628 2322 adeo
655 2258 742 2320 utin
766 2257 937 2320 Lunaribns
960 2257 1110 2338 Tycbonis
1140 2260 1231 2339 (quae
1255 2261 1376 2340 qnidam
1399 2259 1597 2323 Christianus
1626 2259 1693 2321 Se-

323 2353 435 2426 verini,
468 2351 588 2424 Danus,
622 2347 763 2430 Tychone
796 2345 971 2408 domesticis
1000 2345 1079 2408 curis
1103 2345 1265 2424 distracto,
1295 2350 1502 2422 concinnavit)
1526 2349 1609 2411 ratio
1638 2348 1691 2410 di-

323 2442 509 2506 mensionum
532 2437 622 2517 plane
638 2438 794 2498 destructa
817 2435 872 2507 sit,
898 2434 1002 2496 umbra
1017 2435 1169 2497 obtusiore
1184 2437 1350 2512 existente,
1376 2457 1464 2517 quam
1479 2445 1528 2499 est
1552 2437 1693 2516 angulus

324 2549 382 2611 quo
405 2528 460 2591 Sol
484 2533 654 2607 spectatur,
688 2523 767 2606 quod
791 2523 949 2583 manifeste
975 2522 1082 2584 falsum
1106 2531 1164 2585 est.
1211 2525 1267 2586 His
1300 2527 1336 2586 de
1360 2527 1459 2588 causis
1479 2525 1542 2604 jam
1569 2525 1601 2586 in
1629 2543 1690 2604 po-

324 2627 437 2681 sterum
464 2616 530 2677 Deo
559 2621 708 2675 annuente
741 2629 842 2673 curam
876 2611 953 2671 hanc
983 2609 1137 2688 eclipsinm
1170 2631 1332 2689 resumam,
1366 2633 1489 2694 eumque
1523 2613 1561 2676 ad
1596 2615 1691 2675 linem

324 2705 569 2784 consignationes
592 2701 661 2764 illas
685 2708 749 2762 ate
774 2707 855 2780 peto.
890 2697 977 2770 Quod
1002 2699 1028 2760 si
1052 2699 1261 2778 impetravero,
1278 2701 1447 2764 memineris
1462 2721 1498 2764 eo
1521 2703 1591 2764 loco
1617 2721 1691 2764 esse

323 2795 362 2860 D.
378 2792 567 2866 Barwitium,
592 2791 641 2871 qui
658 2787 783 2852 Caesari
808 2797 890 2850 tuam
913 2786 1091 2850 industriam
1114 2792 1323 2852 commendare
1347 2799 1380 2852 et
1402 2792 1690 2870 compensationem

323 2885 485 2964 impetrare
508 2887 623 2961 posset.
671 2877 780 2957 lnjecit
813 2877 1008 2948 mentionem,
1044 2895 1081 2938 an
1111 2897 1166 2957 per
1199 2878 1367 2958 Principem
1394 2878 1689 2958 wirtembergicum

324 2971 469 3035 Caesaris
493 2969 613 3031 nomine
637 2967 679 3028 sis
703 2965 946 3044 compellandus:
977 2983 1033 3043 ego
1058 2967 1198 3028 confusus
1222 2987 1278 3028 nec
1299 2967 1464 3048 respiciens
1487 2967 1518 3028 id
1540 2967 1601 3028 tibi
1629 2969 1689 3028 bo·

323 3061 389 3122 nori
413 3060 557 3131 loturum,
582 3055 659 3128 dixi,
684 3073 730 3114 me
755 3055 798 3114 sic
822 3053 904 3132 prins
928 3053 1005 3114 velle
1030 3055 1169 3133 experiri.
1207 3055 1313 3134 ltaque
1338 3055 1497 3137 acquievit.
1535 3055 1603 3118 Sed
1627 3075 1689 3136 po-

324 3147 398 3212 terit
420 3145 603 3208 commodius
626 3143 689 3204 fieri
705 3141 733 3202 in
754 3141 815 3202 alia
829 3161 929 3203 re.·-
952 3141 1042 3202 Adde
1058 3143 1173 3204 duobus
1187 3143 1301 3218 verbis,
1327 3145 1396 3226 quid
1417 3145 1454 3206 de
1475 3144 1567 3206 stella
1583 3143 1688 3226 Cygni

324 3234 478 3313 incognita
500 3231 631 3306 sentias,
656 3249 732 3311 quae
752 3229 817 3308 jam
840 3229 869 3289 in
894 3230 1000 3308 globos
1014 3249 1068 3310 pro
1087 3249 1166 3292 nova
1188 3231 1318 3311 irrepsit.
1345 3263 1387 3276 -
1410 3232 1444 3296 Si
1460 3232 1530 3313 quid
1544 3251 1688 3294 mearum

325 3323 569 3386 observationum
597 3328 703 3381 contra
731 3317 823 3398 petis,
860 3317 1008 3398 significa,
1043 3318 1085 3380 nil
1113 3321 1263 3398 gravabor
1291 3322 1422 3383 mittere.
1449 3351 1489 3364 -
1513 3321 1686 3402 Responde

326 3429 438 3492 quaeso
461 3429 515 3490 per
540 3407 629 3471 Cellii
652 3406 879 3485 Esslingensem
903 3406 1106 3482 occasionem,
1140 3409 1210 3488 quid
1239 3407 1320 3471 dicto
1343 3411 1471 3472 Domino
1495 3411 1689 3490 respondere

325 3499 466 3568 debeam,
499 3496 578 3577 quod
601 3495 639 3558 ad
664 3493 827 3558 Caesarem
851 3495 973 3557 referat.
1021 3493 1161 3565 Quantus
1191 3498 1233 3560 sit
1254 3498 1284 3558 in
1308 3499 1477 3577 Republica
1499 3515 1557 3560 non
1586 3499 1687 3560 audeo

325 3587 423 3650 literis
446 3586 640 3648 concredere:
665 3583 767 3664 itaque
789 3603 828 3645 ne
853 3581 1022 3662 vilipendas
1046 3584 1142 3664 ipsum
1167 3585 1321 3648 ludificari.
1358 3585 1524 3666 Opticam
1547 3587 1685 3648 Astro-

324 3677 466 3739 uomiae
498 3683 647 3754 partem
671 3673 728 3734 cal.
753 3671 821 3732 Jan.
847 3671 956 3743 obtuli,
985 3673 1050 3751 jam
1083 3673 1187 3735 laboro
1211 3682 1245 3735 ut
1268 3675 1428 3754 recipiam:
1463 3674 1520 3736 nisi
1552 3675 1614 3736 boc
1639 3694 1685 3736 me

323 3764 508 3846 impedierit,
532 3763 629 3825 lucem
653 3759 767 3822 ridebit
791 3761 829 3821 ad
853 3759 1012 3822 nurrdinas.
1051 3763 1084 3824 in
1109 3782 1144 3824 eo
1169 3781 1259 3843 opere
1274 3772 1306 3826 tu
1323 3763 1414 3826 fontis
1430 3771 1521 3844 caput
1535 3783 1577 3840 cs,
1607 3764 1685 3825 unde

324 3872 469 3934 maguum
493 3853 602 3914 flumen
626 3869 709 3912 meos
733 3867 823 3927 agros
847 3848 962 3927 irrigat.

413 3942 492 4004 Vale
516 3941 703 4020 Praeceptor
728 3935 913 3999 Charissime
937 3947 969 3998 et
992 3938 1135 4000 rescribe.

417 4047 535 4126 Pragae
563 4042 613 4108 10.
638 4041 724 4118 (20.)
748 4042 818 4105 Jan.
847 4037 942 4105 1604.
1084 4043 1280 4106 Heminae
1303 4043 1494 4122 gratissimus
1518 4044 1685 4126 discipulus

1226 4133 1355 4196 Jononn
1376 4133 1508 4215 Keplcr.

415 4258 572 4322 Quamquam
585 4256 708 4320 Kaplerns
726 4255 764 4306 hic
784 4255 904 4319 singulari
921 4261 1007 4305 utatur
1025 4255 1138 4314 artificio,
1157 4255 1303 4306 Barnitium
1321 4259 1346 4306 iu
1365 4271 1467 4307 scenam
1486 4259 1637 4322 producens,
1658 4265 1685 4308 ut

283 4369 286 4375 .
325 4337 467 4394 permoveat
486 4328 645 4379 Maestliuum
665 4327 697 4376 ad
715 4326 912 4383 rescribendum,
943 4326 982 4376 bic
1001 4333 1086 4376 tumen
1106 4343 1137 4377 nc
1165 4335 1218 4378 tum
1236 4329 1335 4394 quidem
1354 4328 1494 4392 respoudit,
1526 4329 1588 4380 alite
1616 4337 1684 4381 certe

325 4401 386 4449 sads
405 4401 504 4449 timidus
522 4401 547 4449 in
565 4399 638 4449 rebus
656 4398 769 4462 politicis.
809 4395 892 4458 Quare
911 4397 1033 4460 Keplerur
1052 4397 1101 4447 fine
1128 4399 1226 4448 demum
1246 4400 1305 4448 anni
1326 4395 1407 4459 1804,
1434 4413 1507 4462 opere
1534 4415 1597 4456 auu.
1629 4416 1684 4452 curn

328 4483 402 4533 aegre
429 4477 526 4521 emeret
548 4469 675 4521 Maertliui
701 4469 925 4526 observationibus,
953 4469 1076 4532 perfecto,
1104 4469 1184 4534 ipsum
1212 4471 1274 4519 adiit
1303 4471 1342 4520 die
1371 4467 1413 4518 14.
1432 4469 1495 4522 Dec.
1525 4467 1593 4518 tect
1622 4473 1684 4522 hacc

327 4539 451 4589 scribens:
475 4581 477 4584 .
1607 4553 1613 4568 .

417 4627 492 4688 Cum
519 4637 664 4708 perpetuo
689 4634 755 4697 tuo,
779 4625 947 4689 Maestline'
965 4627 1148 4708 Praeceptor
1179 4627 1306 4707 optime,
1339 4626 1459 4690 silentio
1483 4645 1582 4690 meam
1607 4631 1684 4692 scri-

329 4713 418 4774 bendi
442 4715 629 4794 diligentiam
653 4717 744 4778 toties
755 4714 819 4794 jam
837 4716 1073 4795 expugnaveris:
1099 4716 1211 4778 accidit
1225 4715 1295 4778 mihi
1319 4725 1435 4791 tamen,
1461 4717 1540 4795 quod
1560 4717 1684 4781 inbelle

329 4799 517 4879 desperatis,
541 4812 575 4867 ut
596 4812 684 4867 tanto
702 4803 800 4884 magis
815 4804 1018 4883 scriptoriam,
1044 4811 1156 4885 quanto
1171 4805 1267 4868 minus
1282 4805 1422 4884 proficio,
1447 4813 1479 4866 et
1493 4803 1524 4867 in
1538 4805 1684 4869 victoriae
