3464 5524
611 341 643 395 ds
661 310 733 394 rebus
752 339 856 405 Optlcls.

145 521 178 598 1)
198 525 310 586 Lucem
336 542 357 586 a
382 523 508 587 lucente
533 523 562 584 in
586 523 782 585 illuminatum
805 519 893 583 lineis
916 517 1010 581 rectis
1032 515 1175 580 incidere.

148 613 180 688 5)
201 613 313 676 Omnia
338 613 474 676 lucentis
499 612 633 692 corporis
656 618 769 692 puncta
792 609 893 672 radios
916 608 1073 689 projicere.
1333 686 1340 702 .

151 699 184 776 b)
204 700 372 772 Quodlibet
396 701 527 764 lucentis
559 702 677 764 rotundi
700 705 843 780 punctum
867 695 1075 759 orbiculariter
1098 692 1127 752 in
1151 707 1254 768 omnes
1278 703 1417 766 regiones

84 791 269 872 hemisphaerii
292 790 477 852 translucidi
501 799 533 851 et
556 791 654 852 omnia
678 789 797 851 omnino
822 786 885 867 ejus
909 794 1020 864 puncta
1043 783 1140 844 lucem
1164 795 1317 858 spargere.

158 882 190 954 ’1)
212 879 245 942 Si
266 880 388 942 unicum
413 889 556 958 punctum
579 880 694 952 luceat,
727 880 825 940 lumen
850 877 879 938 in
903 875 1020 955 pariete
1043 879 1124 933 reete
1149 867 1268 947 objecto
1292 866 1417 943 figuram

90 971 234 1032 habiturum
256 958 424 1042 fenestrae,
450 987 505 1048 per
529 987 615 1048 qnam
640 975 722 1029 recto
738 967 847 1045 illapsu
862 965 919 1026 fuit
942 965 1125 1042 ingressum
1150 963 1182 1017 et
1205 955 1331 1016 eandem
1355 953 1418 1014 fore

91 1059 284 1140 proportionem
299 1057 522 1118 dimetientium
539 1058 689 1120 fenestrae
712 1066 745 1119 et
758 1053 883 1134 parietis
902 1050 1056 1122 illustrati,
1081 1067 1156 1129 quae
1172 1051 1219 1105 est
1233 1045 1417 1104 discessnum

95 1149 222 1228 utrimque
244 1168 261 1208 a
283 1147 404 1208 lucente
428 1154 548 1224 puncto.

164 1234 306 1310 iilllinas
330 1235 461 1296 lucentis
485 1235 587 1315 puncti
613 1234 708 1298 lineas
732 1230 961 1295 illuminatorias
991 1244 1180 1308 quascunque
1209 1221 1333 1322 taudem
1361 1236 1418 1318 aue

92 1327 178 1403 gulam
199 1323 309 1404 quidem
332 1325 453 1397 facere,
488 1343 552 1385 cum
576 1329 756 1385 concurrant
784 1324 812 1384 in
838 1338 893 1381 sua
921 1318 1050 1396 origine,
1084 1323 1216 1375 ceterum
1243 1329 1273 1370 m
1298 1323 1419 1409 tramam

92 1414 212 1474 discerni
232 1413 356 1474 lucentis
381 1413 421 1475 ab
444 1414 599 1475 illustrata
621 1429 653 1474 re
678 1413 715 1474 ab
740 1407 1012 1491 aequidistantibus
1037 1411 1069 1467 et
1091 1422 1149 1464 non
1174 1395 1418 1462 concurrentibus

90 1501 202 1563 discerni
223 1521 278 1562 non
300 1518 403 1581 posse.
777 1567 786 1576 ‚

165 1587 199 1662 9)
221 1588 253 1652 Si
274 1591 392 1652 unicum
411 1597 554 1670 punctum
575 1590 676 1651 luceat
699 1586 913 1650 inaestimabili
935 1586 1102 1647 submotum
1126 1577 1296 1651 intervallo,
1322 1575 1419 1636 lumen

87 1678 236 1757 inpariete
259 1687 340 1740 recte
364 1680 484 1760 objecto
506 1699 563 1740 non
587 1681 712 1759 figuram
736 1685 866 1750 tantum,
901 1675 952 1737 sed
978 1681 1010 1735 et
1033 1669 1233 1753 quantitatem
1258 1667 1419 1734 terrestres,

87 1787 165 1846 qnam
188 1774 266 1829 recto
288 1767 394 1829 itinere
418 1767 552 1842 transiit,
578 1774 882 1846 repraesentaturum.
1410 1831 1415 1840 ,

166 1851 218 1930 ill)
241 1855 284 1917 At
314 1857 399 1937 quia,
432 1857 508 1937 quod
540 1859 633 1931 lucet,
662 1857 821 1919 latitudine
845 1858 984 1937 quadam¹
1005 1861 1118 1920 fontem
1146 1855 1266 1918 laminis
1290 1853 1421 1923 metitur,

84 1961 197 2006 necesse
218 1951 265 2005 est
286 1945 486 2025 quantitatem
512 1945 653 2007 illustrati
676 1946 803 2025 parietis
826 1948 970 2026 majorem
995 1966 1062 2010 esse
1086 1946 1186 2026 spatio
1210 1945 1370 2006 fenestrae.

168 2031 216 2104 11)
240 2031 313 2095 Cum
337 2034 472 2096 fenestra
494 2033 682 2114 paucioribus
707 2035 769 2097 sais
794 2035 1020 2098 dimetientibns
1041 2055 1059 2096 a
1078 2035 1193 2114 pariete
1218 2033 1313 2095 distat
1333 2047 1421 2118 qnam

83 2139 182 2198 corpus
203 2121 302 2184 lucens
325 2122 398 2197 suis,
424 2133 455 2183 et
478 2142 543 2184 cum
559 2123 665 2184 eadem
689 2132 738 2186 est
762 2126 856 2201 figura
879 2125 996 2204 corpori
1015 2123 1142 2198 lucenti,
1168 2142 1244 2204 quae
1269 2122 1422 2184 fenestrae

84 2209 189 2270 directe
210 2211 379 2294 oppositae,
405 2219 435 2273 et
458 2231 523 2273 curn
548 2232 650 2274 omnes
674 2213 793 2275 termini
813 2215 964 2276 fenestrae
980 2213 1115 2276 omnibus
1130 2210 1265 2274 tenninis
1289 2207 1423 2286 corporis
1462 2235 1467 2240 ·

84 2297 393 2378 lacidiaeqnidistant:
419 2300 515 2380 portio
540 2319 655 2380 qnoque
679 2301 813 2382 parietis,
839 2303 886 2380 qui
912 2303 1027 2365 directa
1051 2301 1219 2364 radiatione
1243 2299 1422 2369 illustratur,

84 2403 252 2447 cormnunem
276 2389 392 2468 utrique
416 2389 520 2451 induet
542 2391 667 2468 figuram
692 2398 722 2451 et
746 2389 914 2470 aequaliter
938 2391 1039 2453 sitam.

167 2471 218 2548 12)
240 2475 284 2537 st
305 2495 372 2538 cum
396 2479 586 2540 manentibus
612 2477 717 2540 iisdem
743 2479 897 2541 distantiis
918 2481 967 2541 vel
997 2481 1056 2542 situ
1078 2479 1125 2538 vel
1150 2478 1341 2540 terminorum
1365 2475 1423 2536 ba-

84 2560 206 2624 bitndine
236 2563 409 2645 discrepant
437 2567 549 2646 figurae
574 2567 648 2628 lucis
673 2575 705 2630 et
729 2569 894 2641 fenestrae,
928 2579 998 2631 tunc
1022 2567 1206 2646 marginibus
1232 2565 1351 2629 formati
1376 2565 1424 2624 lu-

86 2650 164 2712 minis
185 2651 211 2712 iu
233 2653 349 2732 pariete
374 2655 485 2736 aliquid
508 2656 546 2716 de
570 2657 705 2718 acumine
729 2657 894 2719 communis
917 2659 1029 2738 figurae
1054 2656 1181 2719 decedit.

167 2737 217 2814 13)
241 2740 273 2803 Si
300 2742 434 2805 fenestra
456 2752 597 2823 punctam
621 2753 718 2818 esset,
753 2747 851 2808 lumen
877 2745 958 2809 recte
991 2745 1102 2826 objecti
1125 2744 1251 2826 parietis
1276 2741 1424 2822 exquisite

87 2828 209 2891 indueret
240 2833 363 2910 figuram
393 2831 573 2894 illustrantis
605 2835 738 2914 corporis
770 2835 823 2896 scd
857 2835 1022 2908 inversam,
1056 2843 1088 2896 et
1116 2832 1221 2894 eadem
1252 2833 1330 2893 foret
1352 2849 1424 2910 pro-

85 2920 173 2995 portio
194 2917 424 2996 dimetientium,
447 2921 575 2982 lucentis
598 2921 733 3002 corporis
756 2931 789 2984 et
812 2924 955 2987 illustrati
978 2923 1123 3005 parietis,
1148 2939 1224 3003 qnae
1245 2927 1293 2982 est
1307 2916 1426 2990 disces·
1542 2969 1548 2980 ,

88 3025 162 3068 snum
184 3007 333 3087 utriusque
359 3027 377 3070 a
401 3008 542 3070 fenestra.

167 3089 217 3168 14)
241 3094 317 3158 Cum
338 3095 473 3159 fenestra
503 3113 560 3158 non
586 3095 778 3177 paucioribus
802 3099 864 3162 suis
888 3099 1113 3164 dimetientibue
1137 3097 1233 3161 distat
1257 3119 1276 3159 a
1297 3093 1426 3178 pariete,

89 3201 165 3262 quam
187 3203 291 3264 corpus
311 3183 442 3247 incidam
465 3183 543 3258 suis,
568 3187 662 3266 ligura
679 3187 807 3266 parietis
830 3189 975 3252 illustrati
999 3190 1165 3271 degenerat
1188 3189 1317 3267 stigma
1340 3185 1426 3247 fene-

89 3279 159 3334 strae
182 3271 209 3334 in
232 3275 355 3352 liguram
380 3274 476 3353 ipsius
502 3273 628 3336 lucentis
652 3277 795 3356 corporis
1341 3334 1346 3340 .

75 3410 80 3422 .
167 3358 219 3436 15)
242 3361 374 3436 Quodsi,
399 3362 443 3424 sic
466 3361 648 3425 habentibus
672 3365 840 3442 distantiis,
866 3366 971 3428 eadem
986 3373 1035 3428 est
1052 3367 1147 3445 figura
1162 3367 1325 3438 fenestrae,
1351 3381 1427 3442 quae

89 3451 193 3528 corpori
214 3449 340 3526 lucenti,
365 3451 443 3514 situs
466 3469 538 3512 vero
562 3460 646 3514 recta
669 3453 822 3528 inversas,
849 3455 947 3516 lumen
971 3455 1000 3515 in
1014 3453 1131 3535 pariete
1150 3452 1286 3533 praecise
1303 3451 1428 3513 eandem

88 3555 145 3598 rum
167 3546 288 3620 utroque
315 3539 441 3620 figuram
474 3539 572 3620 capit,
607 3548 640 3603 at
673 3541 749 3604 situs
779 3543 892 3623 figurae
928 3543 1098 3605 contrarius
1128 3549 1177 3605 est
1209 3539 1280 3602 situi
1316 3539 1428 3619 figurae
1547 3533 1549 3545 '

87 3625 213 3688 lucentis.

167 3711 220 3790 16)
244 3715 356 3778 lisdem
386 3713 585 3779 existentibus
617 3717 773 3798 proportio
806 3717 1026 3783 dimetieotinm
1062 3717 1190 3781 lucentis
1221 3724 1253 3780 et
1285 3715 1428 3780 illustrati

86 3803 181 3866 eadem
203 3812 263 3878 est,
290 3825 366 3885 qnae
391 3804 602 3868 distantiarum
626 3808 955 3888 utriusqueapuncto‚
981 3829 1037 3890 qno
1062 3828 1095 3870 se
1118 3815 1219 3870 mutuo
1243 3807 1430 3870 intersecant

90 3893 177 3954 lineae
199 3893 227 3954 in
251 3893 419 3954 contrarios
443 3891 589 3972 utrimque
609 3895 753 3958 tenuinos
777 3899 896 3960 ductae.
1177 3917 1180 3922 ·

166 3979 289 4044 Scilicet
312 3999 389 4062 qnae
413 3989 462 4043 eet
484 3983 637 4063 proportio
660 3985 824 4050 distantiae
850 3986 1000 4047 fenestrae
1016 3985 1164 4066 apariete
1189 3985 1228 4046 ad
1252 3979 1429 4046 distantiam

89 4071 208 4148 ejusdem
230 4069 407 4143 elucente,
432 4069 537 4132 eadem
560 4080 608 4134 est
631 4074 785 4153 proportio
810 4073 996 4137 dimetieutis
1020 4073 1163 4136 illustrati
1189 4073 1307 4145 (demta
1330 4069 1427 4130 dime-

90 4161 173 4222 tiente
187 4159 354 4232 fenestrae)
380 4157 419 4219 ad
433 4159 637 4223 dimetientem
659 4162 801 4231 lucentis,
826 4161 932 4225 addita
956 4161 1060 4224 eadem
1077 4164 1227 4224 fenestrae
1243 4157 1428 4222 dimetiente.

5 4315 6 4322 χ
168 4245 221 4322 17)
245 4245 287 4308 dt
311 4265 381 4309 cum
403 4247 452 4308 vel
475 4265 532 4309 non
558 4250 662 4313 eadem
686 4259 734 4314 est
765 4252 861 4332 figura
883 4252 1034 4313 fenestrae
1059 4270 1134 4331 quae
1165 4247 1276 4312 lucenti
1299 4247 1348 4310 vel
1372 4265 1429 4308 noo

91 4336 223 4400 contrarie
247 4337 308 4399 sita
341 4335 469 4398 lucentis
493 4339 620 4418 figurae,
653 4346 723 4402 tnnc
753 4338 937 4422 marginibus
961 4339 1106 4404 illustrati
1130 4337 1293 4401 schematis
1317 4334 1430 4416 aliquid

5 4420 6 4440 ¹
91 4427 121 4486 de
141 4425 269 4489 amulae
293 4424 478 4487 illustrantis
502 4426 629 4490 decedit.

165 4529 234 4582 Haec
255 4533 396 4595 sequuutin
417 4531 442 4578 ic
456 4531 623 4596 manuscripto
637 4532 687 4584 alia
703 4533 860 4584 theoremata
877 4533 1024 4584 intermixtis
1043 4530 1247 4598 problematibus:

166 4599 198 4678 1)
219 4601 357 4665 Badium
382 4599 463 4662 Solis
484 4617 538 4681 per
561 4604 725 4666 fenestram
749 4605 950 4684 cujuscunque
974 4605 1087 4682 figurae
1116 4601 1255 4683 illapsum
1280 4599 1309 4659 ia
1334 4615 1430 4678 oppo-

94 4691 166 4756 situm
188 4691 353 4772 parictem,
390 4688 580 4770 quiquidem
602 4713 623 4753 a
647 4693 781 4757 fenestra
804 4693 938 4773 pluribus
964 4692 1058 4754 distet
1087 4691 1239 4754 fenestrae
1263 4686 1431 4759 diametris,

94 4801 163 4862 qoam
184 4779 295 4843 aSole
321 4775 499 4852 Solaribus,
522 4781 681 4843 rotundum
704 4799 862 4862 apparere.

162 4866 196 4944 2)
217 4869 288 4932 Nisi
314 4867 455 4929 fenestra
476 4875 529 4930 ant
553 4879 696 4952 punctum
725 4870 843 4936 unicum
875 4871 916 4931 sit
945 4875 998 4930 aut
1027 4867 1158 4930 rotunda
1190 4863 1339 4946 simulque
1367 4858 1432 4924 soti
