3700 5530
1428 297 1431 304 ’
1481 273 1547 342 569

194 451 377 515 qusssrmnues
396 451 475 502 sltero
492 454 573 515 malus
591 453 691 510 eslstst,
710 453 736 502 id
755 459 840 504 sutem
858 454 905 504 erit
922 460 998 510 mne,
1017 465 1073 502 curn
1091 451 1191 514 majoris
1214 451 1334 502 dismet'm
1353 453 1385 502 sd
1403 451 1550 504 dimetrum

197 521 299 572 slsum
317 521 471 588 longitudine
483 523 557 573 inerit
577 524 724 589 rigecuplsr
744 523 834 575 deinde
852 525 993 588 superficies
1012 523 1099 572 ambas
1111 524 1137 570 in
1155 521 1241 572 ecdem
1260 523 1354 586 pariete
1372 523 1460 573 lullxss
1479 523 1550 574 ιίιιιιιΙ

194 591 303 657 alonge
322 594 453 656 spectabit,
472 594 592 643 minorem
610 594 708 658 quidem
728 593 806 645 altero
820 595 890 646 oculo
904 596 936 645 sd
948 593 1113 660 perspicillum
1131 593 1239 648 admoto,
1258 595 1376 654 majorem
1396 607 1452 644 sero
1472 595 1549 644 slterc

194 662 264 712 oculo
284 663 375 722 liberor
394 664 521 714 commode
539 679 563 714 n.
583 665 609 716 id
621 665 674 714 lieri
686 664 746 716 lieet
757 678 806 716 uno
823 665 959 730 eodemque
976 673 1087 728 tempore
1104 663 1181 714 oculis
1201 663 1318 713 ambobus
1337 664 1468 728 adapertis,
1487 672 1547 714 tnnc

192 749 217 782 n.
238 733 332 799 ligures
351 735 440 784 emhse
459 735 570 798 ejusdem
588 737 742 800 apparebunt
766 736 958 803 magnitudinis,
977 737 998 785 si
1017 749 1137 800 organum
1155 733 1290 784 secundum
1315 741 1427 798 optatam
1449 749 1548 799 propor-

193 806 285 854 tionem
315 806 415 868 oblects
441 806 648 870 multiplicaverit.
661 842 667 857 .
680 843 705 856 ..
737 806 851 872 Recepte
878 809 975 857 ratione
1002 805 1137 856 distantiae
1156 805 1190 854 ad
1207 805 1355 854 diametrum
1377 805 1480 867 objecti,
1506 820 1550 869 per

193 875 304 924 tabulam
321 878 420 926 sinuum
442 879 578 941 reperietur
602 880 728 944 quantitas
756 878 841 944 anguli
859 877 885 928 in
904 878 974 928 oculo
994 892 1024 927 es
1041 877 1138 939 objecto
1164 875 1300 925 constituti.
1339 875 1366 924 Si
1384 875 1486 938 specillo
1505 877 1549 937 (ab

193 945 263 995 oculo
275 943 381 1007 remoto)
395 948 520 1006 bracteas,
540 948 604 998 elias
616 949 750 1012 mejeribns
764 949 826 998 alies
840 963 896 998 rcro
909 949 1042 998 minoribus
1054 947 1191 1011 perforatas
1204 947 1363 996 foraminibus
1376 949 1550 1009 aptaverimus,

192 1015 264 1066 modo
282 1015 347 1066 hanc
366 1017 439 1067 modo
456 1017 531 1076 illam,
543 1015 624 1082 'prout
636 1034 695 1083 opus
708 1019 789 1078 luerit,
809 1020 1045 1084 superimponentes,
1065 1017 1169 1081 angulos
1188 1016 1248 1067 alios
1269 1024 1343 1081 atque
1361 1015 1422 1066 alios
1440 1016 1548 1080 pluribus

192 1087 395 1152 paucioribusque
412 1089 513 1138 minutis
532 1090 710 1139 subtendentes
728 1104 772 1154 pro
791 1089 862 1140 libitu
881 1091 1066 1148 constituemus,
1085 1101 1187 1151 qnorum
1206 1101 1251 1151 opc
1264 1088 1390 1137 stellarum
1409 1089 1547 1152 intercepe-

191 1157 262 1207 dines
279 1171 323 1221 per
342 1157 437 1223 aliquot
454 1161 551 1210 minuta
570 1161 601 1210 ad
625 1161 730 1210 invicem
757 1161 914 1218 dissitsrum,
943 1162 1006 1210 citra
1024 1160 1096 1210 unius
1116 1165 1160 1208 aut
1186 1159 1285 1208 alterins
1312 1159 1399 1207 minuti
1419 1167 1549 1222 peecatum

194 1229 321 1278 commode
340 1229 447 1280 dimetiri
464 1231 606 1294 poterimus.

280 1297 307 1361 b)
326 1314 352 1363 p.
372 1296 432 1348 101.
469 1301 536 1352 Joh.
555 1301 734 1358 Pistorius,
760 1310 813 1352 nat.
843 1296 909 1352 anno
938 1299 1007 1352 1514
1034 1299 1131 1350 Niddae
1155 1299 1180 1348 in
1199 1299 1308 1356 Hessia,
1335 1306 1406 1349 mort.
1436 1300 1548 1366 Friburgi

192 1384 257 1420 anuo
278 1365 355 1432 1007,
374 1373 477 1436 primum
496 1373 643 1431 medicinae,
663 1379 751 1437 postea
768 1379 866 1423 mutate
883 1373 932 1424 tide
950 1371 1091 1436 theologiae
1112 1384 1211 1434 operam
1230 1370 1314 1427 dedier
1340 1371 1447 1420 innotuit
1465 1371 1547 1420 multis

194 1446 282 1491 contra
308 1439 419 1492 homines
437 1441 539 1494 Luthcri
563 1443 622 1494 fidei
650 1444 762 1494 addictos
789 1443 893 1508 scriptis.
931 1441 1066 1507 Keplerum
1094 1455 1242 1506 quamquam
1268 1441 1436 1491 Lutherauum
1462 1443 1547 1506 msgni

191 1512 269 1568 lecit,
290 1519 315 1562 et
333 1527 389 1561 cnm
403 1526 432 1562 eo
450 1515 529 1564 multa
547 1529 665 1579 praesens
683 1521 709 1564 st
721 1529 765 1579 per
782 1514 866 1564 literas
880 1516 939 1579 egit,
959 1528 1015 1564 eam
1028 1527 1122 1577 quoque
1141 1512 1171 1561 ob
1190 1527 1300 1570 causam,
1320 1513 1379 1576 quia
1396 1511 1513 1562 Pistorius
1532 1527 1549 1561 a

194 1579 302 1632 (laesere
320 1582 424 1647 Kepleri
442 1585 576 1634 studiorum
595 1587 666 1650 qnasi
684 1588 803 1651 magister
821 1587 969 1636 constitutus
987 1585 1041 1634 luit.
1078 1581 1175 1646 (Gomp.
1196 1581 1289 1632 comm.
1308 1583 1383 1632 Mart.
1403 1594 1488 1632 annor.
1509 1578 1547 1641 e.)

280 1648 307 1714 t)
326 1669 349 1718 p.
370 1650 432 1703 let.
471 1655 565 1706 Alludit
582 1657 620 1706 his
638 1656 762 1720 Keplerns
781 1655 813 1707 ad
832 1662 1013 1706 sextantem
1032 1667 1049 1704 a
1066 1651 1183 1716 'lechone
1204 1657 1339 1710 inventum,
1365 1652 1445 1716 adque
1464 1654 1546 1702 ohser-

190 1725 314 1774 raticneui
332 1725 597 1791 refractionemque
617 1727 701 1790 Tycho
719 1729 746 1776 in
763 1727 891 1777 horizonte
912 1741 938 1768 =
958 1721 1000 1774 et‘
1020 1727 1097 1790 ponit
1130 1725 1282 1782 ,emtum
1301 1725 1424 1788 optinum*
1444 1724 1546 1788 Keplsu'

189 1794 320 1857 peculiaris
339 1802 377 1844 est
403 1796 505 1854 modus,
534 1799 680 1848 diametrum
706 1798 794 1850 Lunae
817 1813 861 1862 per
884 1799 1074 1848 instrumentum
1094 1795 1263 1853 observandi,
1290 1811 1362 1861 quem
1389 1797 1503 1860 proponit
1520 1797 1546 1844 ln

193 1863 284 1928 Optics
302 1865 345 1923 XI,
364 1863 389 1915 t.

233 1932 236 1940 ’
263 1931 334 2000 ηρ.
354 1934 413 1986 105.
453 1937 622 1990 Galilaeus
640 1939 677 2003 (p.
697 1935 737 1988 li.
760 1935 894 1999 „Nuucii“)
914 1939 966 1990 sic:
994 1937 1094 1988 l‘acicm
1113 1935 1200 1986 Lunae
1219 1933 1279 1986 int
1302 1945 1386 2001 partes
1412 1937 1546 2002 distinguo,

193 2005 298 2055 alteram
318 2021 406 2072 nempe
425 2009 561 2067 clariorem,
581 2011 745 2061 obscuriorem
764 2009 878 2060 eicerem.
911 2009 1004 2059 clarior
1022 2008 1117 2058 ridetur
1132 2014 1211 2057 totum
1230 2009 1435 2072 hemisphaerium
1454 2009 1546 2057 emhire

192 2084 266 2140 atque
286 2079 448 2141 perfundere;
477 2080 601 2129 obscurior
619 2096 675 2131 sero
693 2082 769 2131 veluti
787 2082 865 2131 nubes
883 2080 1006 2146 qusedam
1029 2079 1119 2129 faciem
1137 2081 1217 2142 ipsam
1242 2079 1321 2128 inficit
1344 2079 1545 2143 maculosamque

143 2183 153 2186 -
190 2147 279 2197 reddit.
316 2149 385 2200 lstse
404 2157 488 2200 eutem
506 2153 622 2202 macules
645 2153 810 2202 subobscurat
829 2159 855 2202 et
872 2153 934 2201 sctis
958 2151 1055 2214 amplae
1077 2150 1209 2212 unicuique
1236 2158 1295 2200 sunt
1321 2149 1422 2203 chriso.
1441 2149 1545 2215 illusque

190 2231 278 2268 sevum
296 2233 368 2269 omne
387 2223 530 2285 conspexit:
548 2229 699 2287 quspropter
718 2223 855 2288 „magnasu
870 2237 914 2272 eeu
928 2221 1075 2286 „anuqnas“
1090 2235 1134 2270 eas
1147 2220 1324 2284 appellabimus
1337 2222 1369 2270 sd
1381 2220 1545 2270 differentiam

188 2289 292 2340 aliarum
310 2291 464 2342 macularum
489 2294 651 2356 amplitudine
673 2295 810 2351 minorum,
831 2301 858 2344 st
875 2294 1014 2358 hequentis
1031 2294 1068 2342 ita
1091 2293 1256 2349 mnsitsrum,
1276 2298 1401 2342 ettotam
1420 2291 1544 2340 Lucerem

187 2361 344 2423 superficiem
370 2364 514 2426 praesertim
532 2379 590 2415 sero
613 2365 757 2416 lucidiorem
781 2371 878 2428 partem
903 2371 1078 2428 conspergant.
1114 2362 1171 2415 Hse
1189 2377 1247 2414 sero
1265 2375 1282 2414 a
1299 2363 1398 2413 nemine
1421 2369 1480 2413 aute
1499 2376 1544 2411 nos

186 2430 332 2482 observatae
350 2433 458 2484 fuerunt.
495 2435 532 2484 Ex
551 2437 658 2499 ipsarum
678 2443 761 2486 autem
780 2437 878 2500 saepius
896 2437 992 2493 iteratis
1010 2435 1202 2498 inspectionibus
1221 2435 1246 2484 in
1265 2448 1321 2484 carn
1340 2434 1440 2485 deducti
1459 2447 1543 2483 snmus

184 2505 344 2559 sententiam,
363 2509 391 2553 ut
404 2513 471 2554 certo
489 2507 665 2572 intelligamus,
679 2508 766 2556 Lunae
784 2505 939 2569 superficiem
953 2521 1001 2556 uon
1014 2505 1168 2570 perpolitum,
1189 2506 1352 2570 sequabilem,
1371 2506 1543 2554 succurrimus

183 2573 367 2636 sphaericitetis
386 2577 503 2634 existere,
523 2577 567 2626 sed
585 2577 756 2644 inaequalem,
780 2592 909 2642 asperam,
939 2577 1086 2626 caritstibus
1113 2577 1297 2642 tumoribusque
1316 2575 1465 2634 senserim,
1493 2589 1543 2622 nou

185 2659 257 2692 secus
278 2659 308 2694 ac
327 2647 455 2709 ipsiusmet
473 2647 576 2697 Telluris
594 2649 673 2699 facies
692 2646 738 2699 dte.
1373 2644 1382 2660 ‘

278 2713 307 2778 8)
326 2731 350 2779 p.
370 2713 431 2766 197.
468 2717 594 2769 Gelilsens
613 2717 648 2784 (p.
670 2715 740 2782 iii.):
758 2717 866 2769 medinm
885 2721 955 2784 quasi
976 2717 1062 2768 Lunee
1081 2717 1162 2766 locum
1180 2731 1198 2765 a
1216 2717 1324 2767 caritate
1342 2716 1449 2782 quadam
1469 2729 1542 2766 occu·

187 2791 274 2848 patum
293 2801 348 2837 esse
365 2789 463 2852 reliquis
477 2791 588 2840 omnibus
602 2793 697 2854 majori,
717 2805 748 2841 sc
760 2791 855 2856 figurae
868 2791 995 2854 perfectae
1007 2788 1174 2838 rotunditatis.
1199 2787 1311 2837 Eundem
1324 2789 1386 2838 iacit
1398 2787 1542 2852 adspectum

186 2869 217 2905 ac
235 2857 330 2907 iaceret
348 2860 373 2908 in
392 2859 473 2909 Terris
490 2862 558 2926 regio
577 2863 709 2912 consimilis
728 2862 873 2918 Bohemise,
892 2863 913 2910 si
930 2861 1054 2910 montibus
1073 2860 1197 2908 decumis
1215 2859 1289 2922 inque
1306 2859 1470 2922 peripherlem
1487 2873 1541 2923 per-

186 2927 248 2976 iecu'
267 2929 352 2978 circuli
371 2930 492 2994 dispositis
511 2933 679 2984 occluderetur
700 2933 815 2998 undique.

277 2996 306 3062 0)
324 3015 348 3064 p.
369 2997 428 3049 407.
468 3001 598 3067 „Scripw
618 2997 698 3069 ne'que
722 3019 778 3054 sero
801 3005 865 3068 typis
891 3004 1011 3066 impressa
1035 3007 1074 3052 est
1091 3001 1155 3052 haec
1178 3001 1311 3064 disputetis
1335 3006 1454 3064 qusntum
1472 2999 1542 3050 nohis

185 3075 292 3119 constat.
321 3069 467 3136 Conscripte
485 3081 523 3124 est
541 3075 586 3123 suh
605 3077 720 3139 auspiciis
735 3074 767 3124 D.
783 3075 834 3126 Viti
846 3073 954 3132 Milleri,
968 3073 1030 3124 Phil.
1043 3073 1109 3124 Psoi.
1122 3072 1295 3143 Tubiuqensis,
1314 3071 1335 3120 si
1353 3071 1400 3122 hoc
1413 3087 1427 3122 e
1440 3070 1542 3134 Keplerl

184 3141 264 3189 serbis
283 3143 309 3191 in
329 3143 427 3192 Astron.
448 3143 542 3194 Lunsri
560 3143 604 3206 (N.
625 3143 653 3207 2)
672 3147 819 3197 concludere
837 3144 904 3194 licet.

274 3227 319 3292 10)
345 3247 369 3295 p.
390 3229 450 3281 100.
487 3233 610 3296 Keplerus
638 3235 716 3284 utitur
742 3235 850 3284 editione
877 3232 1023 3284 Venetiana
1049 3231 1155 3288 Nuntii,
1183 3247 1247 3296 quae
1275 3232 1354 3282 lorms
1381 3233 1543 3296 quartanaria

182 3301 303 3363 impresse
320 3309 377 3360 est;
400 3302 481 3352 editio
500 3304 730 3368 Frenhoiurtensis,
757 3307 836 3355 forme
863 3311 954 3354 octava
979 3305 1107 3368 impressa.
1125 3303 1191 3352 locos
1213 3303 1253 3353 hic
1273 3310 1299 3353 et
1316 3303 1381 3352 inira
1400 3317 1416 3352 a
1432 3301 1541 3368 Keplerc

185 3371 275 3421 citatos
294 3371 369 3422 silert
386 3388 410 3437 p.
431 3371 473 3432 ²3,
494 3373 536 3435 ²6,
557 3371 591 3423 20
609 3392 629 3425 s.
668 3377 713 3426 lid.
733 3377 797 3426 sior.
818 3373 863 3433 111,
883 3371 916 3423 te
935 3389 968 3424 ss.
1005 3373 1090 3424 Verba
1108 3373 1214 3424 Galilsei
1231 3373 1295 3425 hece
1314 3381 1388 3424 sunt:

277 3441 366 3503 ll-De
386 3443 497 3495 Lunae
522 3447 704 3497 montibus:
735 3449 880 3505 ,conserens
906 3461 989 3496 eorum
1014 3441 1144 3508 (verticum
1162 3446 1187 3494 in
1206 3447 1339 3496 tenebrosa
1357 3445 1444 3494 Lunae
1469 3452 1541 3509 parte

185 3511 390 3576 illuminatorum)
409 3515 553 3566 dismnuam
572 3518 605 3567 ad
623 3520 745 3584 integram
758 3519 845 3568 Lunae
865 3517 1020 3576 dicmetrum,
1039 3519 1141 3582 cognovi
1162 3518 1321 3566 interstitium
1334 3517 1380 3564 hoc
1397 3517 1541 3582 vigesimam

184 3584 309 3632 interdum
328 3586 442 3635 diametri
459 3595 557 3650 pestem
579 3591 721 3653 supercre.“
761 3591 878 3639 Amnmta
902 3588 992 3638 deinde
1010 3588 1097 3638 Lunae
1123 3587 1243 3637 diametro
1261 3603 1297 3629 =
1318 3584 1347 3650 ’1,
1369 3585 1495 3643 Terrena,
1515 3593 1541 3636 st

184 3653 243 3702 hnic
262 3655 359 3704 tributis
378 3653 448 3704 7000
466 3659 609 3709 milliaribus
627 3660 737 3718 italicis,
764 3661 844 3726 prodit
863 3660 950 3709 Lunae
978 3659 1098 3710 diameter
1114 3673 1151 3700 =
1169 3655 1256 3716 ²⁰003
1283 3659 1341 3708 hinc
1368 3657 1429 3706 illud
1448 3659 1539 3716 ,inter-

184 3725 295 3780 stitium“
316 3725 581 3780 :recessendum
618 3731 682 3787 lam,
695 3734 720 3784 in
743 3731 866 3798 triangulo
893 3730 1039 3796 rectanpnlo
1067 3730 1157 3780 dantur
1184 3730 1265 3781 laters
1283 3729 1315 3780 sd
1340 3733 1449 3787 rectum,
1477 3727 1541 3776 elter

184 3794 273 3846 Luuee
293 3797 409 3848 circulum
428 3801 562 3850 meximum
580 3809 687 3869 tangens
706 3809 799 3868 aequet
820 3799 886 3859 100,
912 3802 976 3851 elter
1002 3801 1085 3853 radius
1110 3801 1194 3852 circuli
1214 3801 1246 3851 ad
1263 3805 1381 3864 punctum
1409 3805 1539 3850 contactus

182 3899 217 3926 =³
247 3881 323 3934 1000
365 3881 690 3953 ν(100*-1·1000“)ε
748 3894 757 3940 l
783 3891 849 3940 100
886 3907 920 3936 =
942 3886 1027 3948 scot,
1057 3886 1451 3954 ἰιιιιιΙίιιιίιιιιιςίιιιιὶιιῐιιιιιι,
1475 3899 1540 3949 quae

181 3956 298 4006 sertitem
328 3960 466 4022 qnempiam
495 3961 528 4009 sd
555 3975 632 4025 nsque
658 3961 722 4013 Solis
750 3963 845 4013 radium
873 3965 965 4014 elatum
996 3962 1128 4025 designat,
1158 3961 1304 4010 eminentior
1331 3965 1370 4008 est
1395 3957 1539 4006 milliaribus

181 4022 374 4078 reuirescere.
395 4025 424 4090 2)
437 4028 484 4079 De
498 4031 607 4083 Lunae
625 4034 849 4083 corniculatae
867 4041 961 4098 parte
979 4033 1164 4082 tenebrosa:
1180 4031 1263 4090 ,Dum
1273 4030 1407 4080 Lunatnm
1417 4035 1539 4078 antetum

182 4099 257 4148 etism
276 4106 333 4161 post
352 4103 550 4164 conjunctionem
568 4118 586 4152 a
603 4103 660 4154 Sole
679 4106 812 4168 reperitur,
831 4119 880 4154 non
899 4104 971 4154 modo
989 4103 1065 4167 ipsius
1081 4103 1168 4168 globus
1187 4109 1314 4166 experte,
1333 4114 1383 4166 qus
1400 4100 1539 4150 lucentibus

182 4170 295 4218 cornibus
314 4179 453 4228 exornatur,
474 4174 536 4224 risui
546 4167 632 4226 uestro
648 4176 811 4239 spectandum
824 4167 879 4226 rese
892 4175 972 4230 offert,
991 4189 1074 4224 serum
1088 4175 1164 4224 etiam
1176 4174 1257 4224 tenuis
1274 4173 1396 4238 quaedam
1409 4171 1539 4221 sublucens

181 4239 320 4304 peripheria
337 4243 483 4294 tenebrosae
502 4247 587 4308 pertis.
598 4281 604 4294 .
615 4281 635 4295 ..
657 4246 683 4298 Sl
696 4249 750 4312 quis
762 4247 838 4296 talem
851 4248 895 4297 sibi
910 4247 986 4312 eligat
1004 4247 1087 4302 situm,
1105 4253 1134 4294 ut
1145 4259 1162 4294 a
1174 4251 1240 4296 tecto
1254 4245 1292 4294 sel
1311 4243 1408 4294 camino
1427 4249 1472 4292 sut
1490 4241 1538 4290 sllo

182 4309 264 4375 sliqno
285 4312 355 4362 obice
374 4315 439 4364 iuter
456 4316 534 4366 risum
553 4323 579 4366 et
598 4317 694 4367 Lunam
714 4315 770 4377 (sed
787 4318 873 4382 procul
891 4319 923 4367 sb
942 4317 1013 4366 oculo
1031 4313 1122 4380 posito)
1147 4329 1240 4366 cornus
1256 4317 1312 4380 ipse
1329 4316 1439 4366 lucentis
1457 4312 1537 4362 occul·

181 4387 280 4440 tentus,
308 4397 365 4446 pars
390 4400 448 4434 sero
474 4387 569 4451 relique
588 4387 693 4437 Lunsris
721 4389 786 4453 globi
812 4387 941 4452 adspectui
969 4394 1051 4437 nostru
1079 4389 1191 4451 exposite
1217 4387 1381 4451 relinqnsmr,
1403 4392 1464 4434 tunc
1483 4384 1538 4434 luce

180 4467 230 4501 non
254 4455 343 4520 erigus
367 4455 433 4505 hauc
460 4471 557 4522 quoqne
576 4458 663 4508 Lunae
686 4459 802 4524 plagam,
831 4460 890 4509 licet
913 4457 992 4509 Solarl
1015 4459 1106 4508 lumine
1130 4457 1275 4507 destitrrtam
1297 4457 1426 4522 splendere
1451 4456 1537 4519 depre-

180 4522 281 4573 hendet.
295 4561 301 4574 .
316 4560 344 4575 ..
376 4524 438 4576 Cum
467 4529 587 4591 ejusmodi
611 4529 771 4580 secundarius
796 4531 876 4596 iulpor
903 4539 950 4580 nec
977 4530 1064 4579 Lnnse
1089 4531 1121 4577 sit
1148 4529 1294 4595 congenitus
1318 4533 1392 4593 etque
1419 4527 1538 4591 proprius,

182 4607 228 4643 nec
247 4608 263 4644 s
281 4596 358 4646 stellis
384 4596 439 4650 ullis
469 4612 517 4650 nee
545 4614 562 4650 e
588 4597 645 4649 Sole
670 4607 811 4662 mutuatim,
841 4615 945 4667 cumque
971 4604 1024 4664 lem
1051 4602 1077 4650 in
1104 4601 1188 4650 mundi
1215 4601 1332 4650 restitute
1356 4613 1443 4664 corpus
1471 4597 1539 4656 aliud

182 4667 288 4726 supersit
311 4667 419 4726 nullum,
448 4671 496 4720 nisi
522 4670 577 4722 sole
601 4670 697 4728 Tellus,
729 4673 786 4737 qnid
813 4686 905 4736 quaeso
939 4669 1111 4736 opinandum?
1145 4672 1202 4737 qnid
1231 4664 1442 4736 praeterendum?
1466 4683 1536 4719 nurn-

183 4734 242 4796 quld
259 4751 276 4785 a
293 4735 371 4787 Terra
388 4739 468 4803 ipsum
486 4740 586 4793 Lunsre
606 4755 709 4806 corpus,
739 4749 783 4792 sut
806 4744 932 4808 quidpiam
952 4741 1019 4792 sliud
1044 4755 1149 4806 opacum
1174 4749 1249 4808 atque
1272 4743 1427 4792 tenebrosum
1446 4741 1538 4790 lumine

184 4804 318 4867 pertundit
348 4807 414 4869 Quid
431 4810 540 4863 mirum!
559 4812 683 4864 lissinis:
708 4825 789 4876 seqre
806 4820 927 4880 metaque
945 4815 1126 4878 permutatque
1148 4815 1261 4879 rependit
1278 4813 1361 4866 Tellus
1379 4827 1464 4878 psrsrn
1482 4811 1537 4864 illu·
