3674 5538
376 291 432 359 84,
793 295 893 344 Litsrse
915 293 1018 358 Keplerl
1033 293 1186 360 sllcrnmqne
1204 303 1306 346 mutuae

378 479 408 532 et
432 469 535 549 capita
558 469 704 550 quaedam
729 469 839 528 desunt
863 467 968 556 adhuc,
994 487 1070 547 quae
1094 469 1240 548 paulatim
1261 477 1396 548 pertexo.
1445 470 1557 552 Capita
1579 483 1651 535 sunt
1669 474 1730 552 jam

378 557 429 621 51.
448 557 576 638 Explico
600 576 702 618 omnes
722 574 804 618 meos
828 565 964 632 conatus,
989 563 1023 618 nt
1040 563 1125 618 tanto
1149 559 1255 619 ruelius
1279 568 1408 634 constet,
1435 579 1486 622 cnr
1504 563 1580 622 hanc
1603 561 1727 641 potissi-

377 667 456 710 mum
489 647 568 708 viam
600 645 714 708 inerim.
765 645 880 706 Multus
913 663 979 706 sum
1008 645 1037 706 in
1071 647 1170 706 causis
1204 647 1337 729 physicis
1370 649 1561 728 indagandis.
1616 649 1730 728 Scopas

377 755 460 798 meus
483 737 532 798 hic
550 745 607 808 est,
632 743 665 796 ut
683 733 845 795 coelestem
870 733 1038 795 machinam
1057 735 1154 796 dicam
1175 753 1232 796 non
1257 755 1325 796 esse
1348 736 1447 798 instar
1466 737 1559 799 divini
1583 739 1731 810 animalis,

377 825 432 886 sed
454 827 550 886 instar
573 823 721 901 horologii
746 821 809 902 (qui
834 822 1020 901 horologium
1045 823 1141 883 credit
1161 843 1228 884 esse
1253 823 1428 900 animatum,
1455 826 1480 888 is
1505 827 1631 906 gloriam
1656 829 1728 888 arti-

377 915 440 974 hcis
464 911 569 974 tribuit
591 911 706 990 operi),
731 921 764 972 ut
786 911 817 971 in
842 929 901 989 qua
924 929 999 989 pene
1023 911 1119 972 omnis
1143 919 1276 974 motuum
1308 913 1443 976 varietas
1467 914 1506 975 ab
1530 934 1588 976 una
1616 915 1729 993 simpli-

377 1002 498 1064 cissima
521 999 551 1060 vi
574 999 745 1078 magnetica
774 999 936 1078 corporali,
963 1000 1006 1060 uti
1029 999 1058 1060 in
1088 999 1241 1080 horologio
1266 1010 1366 1063 motus
1399 1021 1503 1064 ornnes
1527 1025 1546 1064 a
1570 1004 1729 1082 simplicis-

377 1089 451 1151 simo
473 1089 615 1168 pondere.
653 1087 695 1148 Et
712 1087 804 1148 doceo
824 1089 899 1148 hanc
921 1089 1067 1149 rationem
1082 1088 1238 1170 physicam
1258 1090 1312 1150 snb
1333 1109 1471 1152 numeros
1491 1099 1523 1152 et
1539 1092 1728 1172 geometriam

377 1197 496 1249 vocare,
520 1197 557 1238 ne
582 1177 651 1256 quid
676 1175 745 1236 mihi
770 1185 887 1236 metuas
912 1195 930 1235 a
954 1177 1077 1237 somniis
1108 1177 1297 1256 Alpetragii,
1332 1180 1380 1260 qui
1410 1188 1481 1241 ante
1511 1181 1730 1242 Fracastorium

377 1267 477 1328 omnia
501 1273 628 1326 conatus
653 1273 700 1326 est
724 1265 921 1326 concentricis
946 1265 1082 1326 efficere:
1114 1267 1168 1326 sed
1191 1286 1331 1328 numeros
1355 1287 1413 1330 non
1437 1269 1550 1346 attigit,
1576 1268 1654 1330 alitis
1678 1271 1729 1330 ad-

376 1355 528 1416 haesisset
551 1361 583 1414 et
608 1373 639 1414 se
664 1354 804 1414 somniari
830 1353 1039 1414 intellexisset.
1078 1354 1180 1436 Tycho
1203 1355 1325 1433 negavit
1344 1357 1450 1418 orbes:
1475 1375 1531 1436 ego
1552 1357 1613 1435 jam
1632 1358 1728 1430 docco,

378 1442 525 1524 quomodo
539 1449 716 1503 moveantur
730 1442 871 1520 planetae
887 1441 950 1502 sine
964 1441 1098 1514 orbibus,
1115 1444 1261 1522 quomodo
1277 1445 1435 1524 contingat
1454 1446 1665 1506 eccentricitas
1679 1447 1728 1506 irc.

378 1531 522 1594 Ceterum
546 1531 634 1591 edere
653 1531 717 1591 sine
741 1548 887 1592 consensu
904 1531 1082 1610 Tengnaglii
1101 1550 1158 1592 non
1182 1549 1325 1610 possum:
1352 1534 1446 1594 audiit
1464 1553 1492 1594 n.
1513 1535 1552 1595 N.
1574 1534 1609 1596 T.
1636 1535 1727 1595 forsan

377 1639 415 1681 ex
438 1620 477 1683 D.
500 1619 632 1681 Pistorio
658 1619 694 1679 de
719 1626 823 1680 nostra
845 1619 1040 1680 conventione
1066 1619 1299 1698 et-obligatione
1323 1629 1435 1682 mutua.
1476 1620 1534 1691 Qui
1555 1623 1582 1684 si
1608 1623 1729 1682 difficilis

378 1717 426 1770 est
459 1709 589 1782 futurus,
624 1707 808 1785 exemplaria
836 1705 957 1786 scriptis
990 1708 1214 1770 communicabo
1246 1712 1298 1780 (ne
1330 1727 1404 1789 opus
1427 1718 1522 1771 morte
1554 1712 1728 1781 destituam)

379 1795 489 1878 siquis
514 1803 629 1876 sumtus
646 1796 675 1856 in
701 1794 950 1872 descriptionibus
972 1804 1020 1855 est
1036 1796 1248 1858 collocaturus
1288 1799 1400 1860 Verum
1419 1807 1450 1861 et
1466 1799 1522 1860 hoc
1539 1800 1727 1871 reticendum,

378 1905 415 1947 ne
441 1886 541 1946 l'orsan
567 1884 669 1946 ethic
693 1903 725 1944 se
750 1901 898 1962 opponere
923 1884 1005 1945 vetit.

470 1973 684 2035 Astronomica
705 1981 912 2052 proponuntur
936 1973 964 2032 in
989 1971 1099 2051 triplici
1123 1973 1217 2034 forma
1240 1973 1461 2052 hypothesium,
1486 1977 1539 2037 sed
1560 1975 1686 2058 physica
1703 1977 1727 2036 in

380 2072 468 2142 parte
502 2063 616 2123 directe
648 2069 785 2140 pugnant
812 2079 877 2122 curn
910 2061 1082 2141 Tyohonica
1111 2061 1217 2122 forma.
1264 2063 1305 2122 Et
1328 2061 1418 2123 nolim
1452 2064 1548 2144 ipsum
1582 2083 1727 2125 censorem

380 2153 458 2211 ferre
474 2150 702 2230 Tengnaglium,
724 2158 813 2229 atque
834 2149 948 2229 aliquid
962 2149 1078 2228 publice
1094 2149 1202 2224 dicere,
1223 2151 1300 2229 quod
1315 2153 1457 2230 privatim
1472 2155 1562 2216 aliter
1582 2153 1725 2214 sentirem.

467 2237 595 2310 Quaeris
615 2239 651 2298 dc
676 2239 790 2316 reliqua
809 2257 876 2300 mea
900 2239 1031 2300 fortuna.
1070 2235 1232 2298 Mediocris
1248 2247 1304 2299 est.
1344 2239 1460 2302 Caesar
1478 2249 1602 2321 praeter
1621 2261 1726 2302 omnem

378 2347 476 2390 meam
501 2345 584 2406 spem
608 2327 646 2387 ob
671 2327 890 2388 dedicationem
916 2326 983 2388 libri
1013 2327 1195 2404 nuncupavit
1232 2323 1291 2388 100
1315 2328 1460 2391 thaleros.
1509 2329 1572 2392 Sed
1597 2340 1629 2391 et
1651 2329 1727 2391 hiet

378 2417 429 2477 alii
453 2411 519 2479 400
542 2415 646 2477 floreni
670 2435 707 2476 ex
741 2415 885 2496 superiori
919 2433 995 2476 anno
1027 2423 1098 2476 sunt
1128 2415 1206 2493 apud
1240 2425 1441 2494 quaestorem.
1490 2417 1657 2481 Carissimo
1684 2419 1725 2478 hic

377 2505 497 2567 vivitur.
545 2505 587 2565 Et
610 2505 693 2583 prole
718 2513 824 2566 auctus
848 2523 923 2578 sum,
950 2522 1025 2581 quae
1050 2512 1205 2564 sumtuosa
1229 2523 1277 2564 res
1301 2515 1357 2567 est.

466 2591 500 2654 Si
531 2593 681 2654 credenda
714 2601 799 2668 sunt,
830 2611 905 2672 quae
941 2593 1075 2652 huncins
1108 2591 1304 2670 Apostolicus
1342 2593 1412 2654 mihi
1451 2592 1528 2655 dixit
1561 2597 1671 2675 (neque
1699 2615 1724 2654 n.

378 2682 437 2742 alio
461 2681 517 2742 fine
551 2680 665 2742 dixisse
698 2682 781 2744 illum
811 2681 918 2762 puto),
942 2680 1143 2758 gratulaberis
1167 2681 1363 2760 Tengnaglio,
1389 2683 1467 2762 quod
1493 2680 1669 2746 Catholicus
1691 2684 1726 2742 sit
1776 2677 1777 2733 ἒ

377 2772 484 2832 factus.
522 2769 581 2830 Est
603 2780 762 2850 praeterea
786 2771 976 2832 confirmatus
996 2769 1024 2830 in
1050 2769 1147 2830 officio
1167 2769 1412 2848 Appellationum
1437 2771 1611 2836 consiliarii.
1650 2773 1724 2832 Haec

376 2859 476 2921 omnia
498 2859 636 2920 fiduciam
660 2861 730 2921 mihi
755 2861 883 2929 addunt,
910 2859 971 2918 fore
996 2867 1029 2918 ut
1058 2860 1243 2920 astronomia
1265 2858 1296 2920 in
1326 2878 1408 2919 nreos
1438 2859 1579 2922 humeros
1607 2863 1724 2922 remissa

376 2949 448 3010 nihil
473 2967 520 3009 me
544 2949 618 3008 velit
642 2948 784 3028 impedire
810 2949 837 3008 in
863 2948 937 3008 ineis
962 2945 1154 3008 editionibus

466 3036 579 3096 Valeat
603 3039 643 3099 hl.
669 3039 703 3100 T.
730 3037 901 3098 felicissime
926 3043 957 3095 et
980 3052 1024 3094 me
1049 3035 1092 3096 sic
1117 3053 1217 3096 amare
1242 3043 1359 3115 pergat.
1411 3034 1460 3097 10.
1485 3038 1557 3098 Feb.
1588 3033 1677 3100 1605.
1775 3077 1776 3099 ι

929 3123 1006 3186 Nob.
1032 3125 1114 3203 Mag.
1141 3124 1175 3185 T.

1104 3211 1357 3273 Devinctissimus

1380 3291 1385 3305 ⁸
1496 3300 1529 3362 J.
1554 3298 1681 3381 Keplcnt

464 3407 627 3459 Herwarti
646 3407 778 3471 responsio,
798 3405 860 3456 dats
878 3405 1002 3456 Monachii
1023 3405 1046 3454 d.
1066 3403 1090 3454 8.
1110 3405 1185 3454 Mart.
1207 3403 1283 3462 1605,
1304 3405 1367 3454 haec
1386 3403 1477 3454 habet:
1498 3405 1661 3455 Ehrsnsester
1677 3405 1721 3453 und
1774 3441 1775 3466 ,

373 3479 577 3545 Hocbgslehrtor.
615 3479 685 3529 Euch
702 3478 756 3527 sind
774 3479 855 3528 meine
875 3477 1061 3542 Trenndsrillige
1075 3475 1179 3526 Dienste
1198 3478 1279 3534 berar,
1299 3475 1399 3526 sonders
1418 3475 1495 3526 lieber
1506 3475 1572 3527 Hsrr
1589 3477 1639 3526 und
1658 3484 1722 3540 guter

374 3551 481 3602 Frsund.

463 3621 514 3672 Des
532 3621 628 3670 Hersen
647 3619 780 3669 Schreiben
799 3634 853 3668 rom
874 3617 915 3667 to.
936 3619 1007 3670 Febr.
1025 3617 1075 3666 hab
1093 3617 1133 3667 ich
1152 3617 1271 3668 erhnlten.
1308 3618 1365 3666 Will
1384 3617 1421 3666 lm
1439 3617 1479 3666 die
1498 3617 1719 3682 Suppurationes

374 3693 414 3742 ich
433 3693 469 3744 sie
487 3700 560 3741 nnter
577 3693 675 3740 melnen
695 3689 818 3740 Schriften
844 3689 922 3739 finde.
952 3687 1100 3738 anschicken
1118 3689 1165 3737 srie
1183 3689 1216 3738 Er
1233 3689 1328 3753 begert.
1365 3689 1425 3738 Was
1445 3689 1504 3738 aber
1531 3689 1577 3738 das
1595 3689 1719 3738 Theatrum

375 3763 488 3814 intuendi
507 3763 610 3826 Eclipsis
630 3761 693 3811 Solis
720 3760 826 3818 betritlt,
854 3775 881 3810 so
900 3763 971 3810 weiss
990 3760 1030 3810 ich
1047 3759 1125 3816 wohl,
1154 3761 1211 3809 dass
1231 3760 1268 3810 lro
1287 3759 1466 3816 Durchlsucht‚
1495 3773 1569 3809 vsnn
1590 3759 1633 3808 Era
1652 3760 1718 3806 schoa
1773 3787 1774 3800 ι

372 3835 451 3893 hatte,
471 3849 517 3900 gar
534 3836 572 3882 nit
589 3833 714 3882 branchen
731 3831 823 3882 wiirde.
1773 3809 1774 3833 ¹

462 3905 495 3956 So
513 3905 560 3954 viel
580 3905 622 3954 des
641 3905 721 3953 Herm
741 3903 831 3966 Opera.
850 3901 982 3952 besonders
1001 3901 1032 3951 de
1050 3901 1140 3960 Marte,
1170 3901 1270 3957 betritln,
1299 3915 1326 3949 ιο
1345 3907 1411 3949 srtrs
1429 3915 1461 3950 sn
1479 3899 1612 3966 beklsgen,
1640 3899 1718 3950 dasle

372 3977 495 4042 serliegen
514 3976 611 4026 bleiben
629 3975 726 4034 sollten,
746 3973 796 4024 und
815 3973 881 4022 wollt
899 3973 939 4022 ich
957 3973 1021 4022 mich
1041 3973 1084 4021 des
1097 3971 1313 4021 Schreiberlolrnes
1331 3972 1381 4020 und
1400 3974 1469 4020 eines
1487 3971 1600 4022 mehrern
1618 3971 1717 4020 selbsten

371 4047 418 4113 gar
435 4049 472 4097 nit
491 4049 584 4096 damen
602 4047 694 4095 lassen.
732 4045 775 4094 Ich
793 4043 890 4094 beliade
918 4043 1077 4100 nochmalen‚
1106 4042 1163 4091 dass
1181 4041 1224 4091 der
1242 4043 1305 4091 Herr
1323 4041 1479 4105 Hypothesos
1499 4041 1627 4106 Cepernici
1645 4040 1716 4104 quoad

371 4118 545 4183 principaliora
563 4118 709 4180 approbiert.
746 4116 788 4164 Da
804 4115 872 4164 wollt
890 4113 930 4163 ich
948 4113 1010 4162 wohl
1038 4127 1098 4178 gem
1118 4113 1158 4163 die
1185 4114 1294 4162 rationes
1321 4115 1424 4168 nissen.
1451 4113 1528 4163 durch
1555 4111 1648 4162 welche
1665 4123 1716 4158 man
1772 4129 1773 4162 ι

371 4187 455 4239 s'olche
474 4189 574 4252 physice
593 4195 619 4238 et
637 4187 814 4237 mathematice
832 4191 930 4248 praetor
948 4199 988 4242 aa,
1007 4199 1071 4249 quse
1091 4183 1240 4247 Copernicus
1258 4183 1344 4238 tradit.
1364 4199 1401 4232 sro
1419 4185 1457 4233 nit
1474 4197 1521 4248 gsr
1539 4183 1715 4232 demonstriren.

369 4261 459 4318 ledoch
479 4259 635 4324 probabiliter
653 4257 785 4308 deduciren
803 4255 910 4306 mochts.
947 4255 1001 4304 Das
1020 4255 1087 4305 wollt
1104 4256 1145 4304 ich
1162 4269 1189 4303 sc
1207 4270 1269 4320 gern
1288 4255 1373 4310 lesen.
1393 4255 1430 4303 als
1449 4256 1490 4304 ein
1508 4254 1575 4305 Ssch
1592 4261 1663 4303 nater
1679 4252 1717 4300 der

371 4329 480 4380 Sunnen.
518 4329 651 4380 Violleicht
668 4328 727 4378 srird
755 4330 797 4378 der
815 4327 879 4376 Herr
898 4342 927 4376 ex
952 4331 1020 4375 motu
1038 4325 1127 4376 Martis
1147 4325 1211 4375 anch
1239 4327 1279 4374 ein
1308 4325 1484 4376 adminiculum
1519 4326 1553 4375 ad
1574 4323 1715 4388 probandum

370 4407 464 4450 motum
482 4401 574 4450 Terrae
592 4399 718 4466 getnndcn
735 4399 825 4448 haben.
862 4397 906 4446 lch
924 4397 998 4453 holle,
1028 4397 1071 4446 der
1089 4395 1153 4445 Herr
1180 4397 1261 4446 verde
1279 4397 1304 4445 in
1324 4397 1409 4446 diesen
1434 4395 1590 4460 wichtigsten
1609 4393 1715 4444 Punhtcn

370 4471 460 4520 einmal
479 4471 626 4521 exclamiren
645 4462 755 4536 εὕρηκα,
774 4458 892 4536 culparer!
912 4491 946 4500 -
1771 4513 1772 4530 ,

458 4542 501 4592 his
519 4542 559 4592 ich
577 4544 603 4591 in
622 4539 665 4591 des
683 4541 763 4590 lierrn
782 4538 877 4602 Opticis
896 4538 956 4602 Cap.
975 4537 1019 4586 Vl.
1039 4553 1063 4586 n.
1083 4535 1120 4586 lo.
1141 4538 1258 4602 gelcsen,
1277 4551 1328 4587 vas
1347 4537 1382 4586 Er
1403 4535 1512 4588 schreibt
1530 4536 1560 4587 de
1578 4535 1650 4585 Lnns
1666 4539 1715 4596 post
1771 4539 1772 4567 i

373 4611 473 4673 eclipsin
492 4611 555 4662 Solis
573 4614 640 4671 risa,
668 4611 776 4661 habich
794 4610 860 4658 mich
888 4611 996 4668 erinnert
1022 4611 1090 4659 einer
1108 4610 1189 4672 Frag.
1216 4623 1243 4656 ιο
1261 4609 1287 4656 ιο
1306 4607 1416 4672 Spanien
1443 4609 1531 4656 morirt
1548 4605 1652 4662 worden,
1669 4601 1714 4650 und

370 4682 434 4730 such
452 4679 516 4731 noch
534 4683 632 4746 heutigs
651 4683 717 4746 ngs
735 4683 822 4729 morirt
840 4679 906 4728 wird.
945 4679 1025 4728 Nemi.
1044 4679 1089 4727 hat
1107 4679 1159 4728 sich
1177 4680 1297 4744 begsbon,
1319 4679 1376 4727 dass
1401 4693 1432 4726 su
1454 4677 1545 4728 Serilis
1562 4675 1635 4737 (Ptol.
1653 4675 1711 4734 long.

370 4745 461 4799 7⁰15*
482 4759 507 4799 οι
524 4751 568 4800 Ιιι.
589 4747 638 4798 37⁰
655 4749 719 4810 40¹),
749 4767 804 4801 cum
824 4765 882 4799 sera
910 4751 1050 4812 conjunctio
1070 4749 1132 4798 Solis
1152 4749 1284 4799 sahanas
1310 4755 1369 4798 ante
1394 4748 1479 4797 merid.
1499 4747 1524 4796 h.
1546 4747 1593 4807 l'l⁴
1614 4743 1712 4794 essetis

371 4815 417 4870 12⁰
434 4817 476 4868 ld'
490 4817 533 4882 Ji,
551 4821 594 4869 sed
614 4837 684 4870 verns
702 4827 783 4870 motus
806 4820 945 4870 latitudinis
964 4819 1051 4870 Lunae
1070 4817 1137 4868 294⁰
1155 4819 1180 4869 8¹
1200 4819 1250 4868 110¹
1272 4835 1302 4870 ex
1320 4819 1381 4874 tab..
1394 4821 1484 4883 sicque
1502 4831 1561 4868 rers
1576 4817 1620 4866 lat.
1633 4814 1712 4864 Lunae
1770 4867 1771 4874 y
