3718 5528
795 293 882 364 capnt
896 291 939 350 XI.
1489 293 1548 363 351

192 463 321 529 1111111111
344 465 450 542 DAO,
481 487 590 550 corpus
613 471 717 534 Lunae
740 493 845 537 verum
868 478 1111 555 repraesentans.
1157 471 1294 536 Eundem
1317 473 1347 537 in
1371 473 1489 536 modum
1515 473 1553 537 ab

192 553 255 618 AG
277 557 434 620 auferatur
457 556 514 620 GE
544 559 766 625 semidiameter
798 565 950 626 fenestrae
975 570 1008 625 et
1035 570 1138 624 centro
1162 561 1192 623 A
1222 563 1370 626 distantia
1392 561 1449 625 ΑΕ
1473 565 1551 626 scri-

193 643 282 708 batur
304 645 433 710 circulus
456 645 550 725 ΒΕΘ,
575 648 678 714 Solem
702 659 944 733 repraesentans.
990 651 1088 732 Igitur
1109 647 1227 714 Deos
1253 669 1327 715 vera
1350 651 1409 714 erit
1436 655 1554 734 species

193 729 276 796 Solis
306 735 472 798 deficientis
503 755 559 818 per
588 736 639 804 10.
668 738 719 804 11.
747 741 796 805 12.
831 741 954 804 secundi
987 739 1107 822 capitis.
1154 739 1316 804 Rationem
1346 739 1455 804 calculi
1484 741 1552 804 vide

192 822 273 884 iufra
295 824 328 886 in
352 825 507 906 exemplis.

281 911 482 977 Problema
503 915 545 978 X.
592 916 660 978 Per
682 915 977 980 transversalem
1005 918 1174 998 regulam
1202 917 1444 982 instrumenti
1467 919 1554 982 dex-

192 1001 312 1065 terius
335 1003 512 1084 excipere
536 1006 694 1086 speciem
718 1006 966 1070 instrumenti.
1005 1004 1085 1078 Quia
1104 1007 1267 1072 difficultas
1286 1007 1378 1071 estin
1398 1007 1555 1090 signandis
1602 1041 1604 1046 ·

148 1150 149 1153 ,
191 1092 313 1174 punctis
327 1099 362 1154 ut
384 1091 567 1170 dictumest,
593 1095 715 1176 etquis
737 1097 834 1159 mults
855 1095 944 1158 simul
967 1095 1098 1159 admini-
1278 1151 1284 1164 .

193 1181 322 1246 stranda
345 1188 433 1258 eunt,
466 1183 646 1263 praesertim
673 1183 698 1246 si
731 1187 908 1248 observator
937 1185 1019 1247 solus
1044 1185 1094 1258 sit,
1257 1151 1312 1216 ‘³⁸'
1333 1147 1394 1202 ¹¹³⁸

193 1271 328 1351 cogitavi
352 1271 389 1332 de
412 1271 474 1335 alia
503 1271 632 1335 faciliori
656 1273 781 1336 ratione.
828 1273 928 1354 Supra
954 1274 1094 1349 rotulam,

193 1363 232 1424 de
247 1359 345 1442 quain
360 1359 561 1442 descriptione
576 1362 776 1440 instrumenti,
788 1363 961 1426 statuebam
968 1363 1096 1426 indicem
1146 1410 1148 1425 .

195 1451 358 1514 solidarum
388 1451 535 1530 partium,
568 1451 675 1533 quibus
705 1471 796 1534 supra
826 1453 948 1534 planum
979 1453 1097 1515 rotulae
1127 1486 1129 1489 .

195 1557 384 1622 papyraceae
406 1539 560 1620 paulisper
583 1548 712 1616 extaret,
736 1541 781 1604 ita
802 1548 905 1604 tamen
922 1547 957 1604 ut
980 1541 1098 1603 diame-
1146 1568 1148 1571 ·

196 1637 276 1692 trum
299 1629 328 1690 in
352 1627 463 1710 digitos
496 1629 672 1692 distinctam
694 1649 752 1693 non
775 1639 910 1712 tegeret,
943 1630 998 1692 sed
1020 1628 1098 1693 binis

194 1718 303 1800 tigillis
313 1717 461 1781 diametro
476 1717 748 1799 aequidistantibus
757 1719 842 1784 illam
856 1719 1097 1798 amplecteretur.

196 1806 296 1888 Super
310 1807 366 1870 hoc
381 1807 478 1869 solido
498 1807 594 1870 indice
609 1809 749 1872 volvatur
767 1807 980 1872 transversalis
995 1807 1101 1888 regula

195 1896 287 1960 indici
309 1895 565 1978 perpendicularis
589 1904 620 1958 et
643 1897 790 1962 diametro
821 1897 975 1978 signatae,
998 1896 1099 1976 longi-

197 1986 302 2050 tudine
331 1985 479 2049 diametri.
532 1986 648 2066 Nempe
683 1987 772 2068 hujus
808 1988 930 2068 regulae
965 1986 1100 2048 alveolus

195 2075 403 2158 profunditate
418 2093 474 2136 sua
490 2075 660 2138 crassitiem
683 2075 848 2156 tigillorum
866 2075 973 2138 indicis
992 2083 1102 2156 aequet

197 2173 232 2229 et
253 2182 355 2227 morsu
385 2163 584 2228 adhaerescat
611 2164 732 2246 tigillis,
764 2165 808 2228 uti
832 2165 898 2246 quis
920 2164 1004 2227 illam
1026 2181 1100 2244 pro-

198 2253 337 2318 moverit.
383 2253 427 2315 Et
452 2254 557 2334 regula
586 2253 698 2316 babeat
728 2255 834 2317 aciem.
880 2253 962 2336 Ergo
985 2253 1101 2334 pariete

199 2353 233 2408 et
254 2344 389 2406 fenestra
411 2342 450 2404 ad
474 2340 577 2405 Solem
599 2351 681 2405 recte
705 2343 886 2407 habentibus
909 2342 1049 2406 volvatur
1071 2348 1103 2403 et
1377 2390 1380 2393 .

198 2434 291 2498 index
313 2451 380 2495 cum
411 2431 512 2494 rotula
541 2431 621 2494 circa
653 2432 802 2496 axiculnm
826 2441 858 2494 et
886 2430 1102 2495 transversalis
1220 2460 1242 2464 ¹*
1311 2462 1324 2465 ¹*
1375 2486 1379 2493 .
1461 2464 1482 2467 ν·

200 2541 292 2604 super
313 2520 410 2584 indice
433 2538 544 2601 susque
567 2521 676 2602 deque,
709 2523 803 2584 donec
831 2521 935 2584 veniat
957 2521 1040 2582 acies
1063 2519 1103 2581 ad

200 2613 356 2693 utriusque
381 2628 472 2673 cornu
495 2609 596 2672 obtusi
620 2619 802 2674 contactum.
840 2609 883 2672 Et
905 2617 976 2673 tunc
999 2615 1121 2671 notetur
1143 2616 1295 2690 punctum,
1319 2607 1349 2670 in
1374 2625 1431 2690 quo
1455 2614 1563 2669 trans·

201 2701 331 2764 versalis
356 2701 437 2762 acies
461 2706 547 2761 secat
571 2699 724 2780 signatam
749 2701 947 2762 diametrum:
972 2705 1095 2762 notetur
1117 2706 1149 2760 et
1172 2704 1328 2779 punctum,
1354 2715 1411 2778 quo
1435 2696 1562 2758 eandem

200 2793 382 2856 diametmm
411 2798 498 2851 secat
531 2788 657 2852 interior
686 2789 764 2851 radii
795 2787 1037 2852 circumferentia
1067 2806 1120 2850 seu
1149 2786 1256 2849 umbra
1278 2786 1393 2848 Lunae.
1440 2784 1475 2848 Si
1505 2785 1563 2846 boc

201 2889 286 2945 recte
301 2879 393 2942 fuerit
413 2876 666 2946 administratum,
688 2878 860 2958 signatione
873 2885 1051 2960 punctomm
1066 2894 1124 2939 uon
1140 2877 1199 2939 erit
1213 2894 1298 2958 opus.
1327 2873 1470 2956 Sequitur
1485 2873 1565 2936 enim

291 2968 491 3032 Problema
513 2967 569 3030 XI.
616 2966 670 3028 Ex
701 2966 959 3030 transversali
991 2968 1126 3048 regula
1157 2983 1280 3028 veram
1314 2965 1474 3046 speciem
1505 2963 1567 3024 de·

203 3062 325 3122 fectus
357 3075 524 3137 arguere.
571 3054 622 3119 Sit
647 3053 758 3119 ODEF
781 3056 898 3137 species
922 3055 1000 3120 radii
1034 3053 1216 3134 deficientis,
1248 3055 1334 3136 cujus
1365 3061 1501 3117 centrum
1525 3047 1566 3125 G,

203 3151 353 3213 diameter
384 3147 507 3226 signata
533 3145 589 3207 DF
622 3153 654 3207 et
683 3165 750 3208 oum
783 3165 820 3208 ea
852 3146 933 3208 linea
964 3144 1073 3208 iudicis
1098 3145 1183 3208 IDH.
1231 3143 1338 3226 Sitque
1369 3141 1450 3205 linea
1483 3137 1567 3204 OHE

203 3237 383 3318 contingens
406 3253 519 3298 cornua
541 3233 577 3307 C,
600 3233 627 3295 Ε
652 3235 770 3311 obtusa,
795 3241 827 3296 et
849 3253 958 3298 secans
982 3235 1135 3316 signatam
1161 3235 1341 3297 diametrum
1364 3233 1394 3295 in
1410 3231 1441 3294 H
1464 3235 1568 3293 secet-

204 3346 263 3410 que
296 3327 424 3389 eandem
457 3323 536 3387 OFE
566 3331 754 3404 segmentum
787 3323 816 3386 in
840 3325 875 3386 F.
921 3324 1020 3404 Igitur
1052 3325 1083 3387 in
1115 3323 1262 3387 diametro
1295 3323 1354 3384 ΒΗ
1386 3319 1570 3383 extendatur

206 3415 429 3480 semidiameter
451 3414 614 3489 fenestrae,
640 3431 716 3494 quae
740 3412 781 3475 sit
803 3412 870 3490 DL,
895 3433 914 3474 a
936 3413 1013 3475 Din
1034 3413 1070 3490 L,
1095 3422 1129 3476 ut
1152 3423 1184 3476 et
1207 3412 1245 3476 ab
1269 3413 1294 3474 F
1317 3413 1346 3474 in
1370 3411 1405 3473 M
1428 3416 1460 3472 et
1482 3410 1520 3472 ab
1539 3405 1570 3469 H

205 3509 239 3570 in
262 3507 297 3583 P,
322 3514 355 3568 at
385 3511 494 3584 agatur
515 3521 571 3583 per
595 3503 621 3566 P
650 3510 736 3564 recta
757 3500 843 3564 NPO
876 3520 1007 3584 perpen-

206 3597 350 3660 dicularis
364 3595 403 3657 ad
418 3593 595 3657 diametmm
606 3597 638 3653 et
648 3590 856 3671 aequidistans
871 3592 1003 3672 regulae.

204 3684 285 3749 Dein
315 3692 419 3748 centro
443 3681 473 3744 G
506 3680 654 3743 distantia
677 3678 735 3742 GL
765 3680 915 3743 scribatur
942 3681 1004 3742 cir-

206 3777 293 3840 culus
315 3773 417 3850 NLO,
442 3771 492 3854 qui
515 3769 759 3850 repraesentabit
785 3770 899 3850 justam
922 3767 1005 3832 Solis

206 3867 349 3946 speeiem,
373 3862 459 3925 utin
483 3857 514 3926 9.
539 3859 637 3939 hujus.
683 3857 809 3921 Secabit
835 3859 862 3921 is
895 3859 1005 3921 lineam

205 3953 309 4025 ΝΡΟ;
333 3959 418 4016 11111
439 3951 469 4012 in
487 3949 528 4021 N,
544 3948 582 4012 Ο.
620 3947 680 4009 Ρ11
697 3947 756 4010 tria
777 3947 872 4030 igitur
892 3953 1007 4029 puncta

206 4045 247 4120 N,
271 4045 314 4120 M,
339 4041 368 4105 Ο
392 4040 581 4104 describatur
604 4035 741 4113 circulus,
766 4037 850 4118 eujus
870 4045 1005 4100 centrum

208 4135 251 4197 sit
279 4133 319 4196 Κ.
375 4131 451 4195 Dico
483 4125 606 4192 NLOM
639 4144 707 4188 esse
737 4143 841 4189 reram
873 4127 1005 4206 speciem

209 4223 291 4286 Solis
315 4219 492 4285 deficientis.
539 4216 681 4296 Agantur
704 4215 782 4278 enirn
804 4215 1005 4296 perpendicu-

207 4316 290 4379 lares
321 4311 397 4386 Nc,
423 4309 489 4373 ΟΕ.
537 4305 613 4370 Cum
646 4321 717 4386 ergo
749 4302 825 4379 Nc,
855 4302 912 4366 ΟΕ
944 4305 1007 4366 siut
1084 4362 1087 4369 ,
1119 4376 1126 4379 Ἰ

210 4405 309 4469 eidem'
348 4398 402 4465 OE
443 4394 724 4480 perpendiculares,
771 4401 859 4456 erunt
899 4393 1005 4474 aequi·
1069 4420 1100 4479 ι,

210 4501 372 4566 distantes.
408 4493 451 4556 Et
468 4488 538 4570 quia
552 4491 584 4548 et
597 4483 667 4557 ΒΚ,
690 4482 746 4544 hec
765 4491 814 4545 est
830 4483 887 4545 PH
910 4482 1007 4545 eidem

211 4589 266 4654 ΟΕ
288 4579 544 4669 perpendicularis
575 4591 614 4636 ex
646 4570 762 4634 fabrica
793 4569 1006 4634 iustmnreuti:

211 4685 300 4743 smnt
320 4675 415 4756 igitur
438 4667 579 4751 aequales
601 4657 669 4737 tto,
685 4660 750 4736 ΡΗ,
767 4658 832 4723 ΟΕ.
871 4661 935 4723 Sed
952 4659 1008 4722 PH

212 4764 506 4832 est'eemidiameter
529 4759 690 4826 fenestrae,
716 4767 787 4829 ergo
807 4756 839 4813 et
855 4748 923 4826 NG,
940 4745 1007 4813 OE.

214 4857 291 4922 Gurn
328 4861 430 4918 autem
464 4847 528 4924 (ΙΙ,
567 4837 634 4914 10.)
672 4836 822 4902 orbiculus
859 4839 1013 4902 fenestrae

1120 3559 1122 3564 ·
1220 3553 1276 3618 reg.
1297 3549 1355 3600 tlt.
