3702 5532
340 271 407 340 458
556 363 558 374 Ι
761 275 862 326 literae
880 273 983 340 Krpleri
1002 275 1152 342 fflruuque
1169 283 1272 332 mutuae

340 461 414 514 quam
442 448 546 514 magicis
572 425 817 512 praecantationibus
843 463 920 500 noros
946 449 1062 513 planetus
1081 465 1095 502 e
1114 451 1182 502 coelo
1210 451 1325 503 divellere
1344 457 1371 502 et
1389 465 1493 504 avocare
1521 450 1696 502 contenderet

340 519 434 569 Verum
430 519 523 639 1‘liram
534 533 592 639 utino,
609 525 691 640 {curu
704 520 874 640 ῗιὲιιοοιιιιιιΙιιιε
886 521 945 570 milri
959 536 1008 572 nou
1020 521 1087 572 licet.
1114 521 1177 572 Vale
1189 523 1224 574 rir
1242 523 1405 574 eruditieslnre
1417 529 1495 574 etms
1508 529 1536 572 ut
1548 523 1613 572 soles
1627 535 1694 572 ama

485 603 533 640 uae
569 625 597 662 ἲ.
639 604 680 656 ug.
772 624 779 638 .

887 661 1057 714 Excedeutiae
1075 661 1145 714 Tuae

1217 733 1407 786 studiosissimus

1145 803 1292 856 Galileus
1320 805 1471 856 Galileur

994 871 1030 926 M.
1051 873 1084 924 D.
1103 873 1235 926 Hetruriae
1256 875 1376 938 Physicur
1395 873 1421 925 et
1439 873 1642 926 Mathematicus.

428 959 570 1010 Horkius
596 961 695 1010 iuterim
711 963 788 1013 redux
806 979 837 1014 ex
854 965 930 1016 Italia
949 965 981 1015 ed
999 965 1134 1028 Keplerum
1152 965 1221 1014 veuit
1248 966 1320 1030 eique
1338 977 1428 1015 causas
1456 965 1602 1029 explicarit,
1630 977 1697 1029 quae

338 1033 419 1097 iprum
437 1033 565 1090 moverint,
584 1039 612 1081 ut
630 1039 724 1093 cormru¹
736 1035 875 1086 Geldaeum
893 1038 919 1085 in
938 1037 1017 1087 aciem
1035 1035 1154 1099 prodiret,
1178 1036 1243 1084 inter
1260 1049 1323 1101 quas
1339 1041 1440 1100 praeter
1456 1035 1550 1101 ingenii
1568 1036 1697 1086 terimam

342 1103 554 1168 adolescentisque
572 1101 655 1154 monae
675 1105 844 1168 cupiditatem,
864 1121 913 1156 uon
931 1108 1034 1156 minima
1051 1105 1127 1157 luisse
1144 1105 1241 1156 ridetur
1257 1113 1445 1172 praeceptorum
1462 1108 1538 1170 ipsius
1556 1107 1583 1156 in
1601 1106 1696 1156 accde

339 1175 393 1224 mia
417 1173 571 1224 Bononiensi
595 1173 761 1227 subobscurus
788 1177 983 1236 exhortationes,
1009 1177 1105 1242 illisque
1127 1175 1310 1228 accensendum
1327 1189 1377 1226 nou
1395 1177 1536 1228 dubitemus
1553 1175 1695 1242 Magium,

340 1245 488 1308 comparatis
513 1243 578 1294 illius
597 1245 629 1296 ad
647 1245 782 1313 Keplerum
810 1249 875 1299 datis
902 1251 1000 1318 literis,
1021 1263 1083 1314 quas
1110 1249 1297 1313 praemisimus,
1326 1261 1382 1297 cum
1399 1248 1438 1298 hir
1465 1261 1530 1314 quae
1558 1255 1697 1314 mquuutur

341 1314 444 1380 Kepleri
463 1315 496 1364 ad
515 1315 661 1366 Galilaeum.

429 1385 603 1450 Keplerus,
623 1388 736 1451 perlectis
755 1389 840 1447 literis,
869 1403 930 1456 quas
950 1387 1076 1440 Galilaeae
1104 1389 1136 1440 ad
1159 1389 1287 1440 ludunum
1304 1387 1416 1440 Medicas
1442 1387 1586 1451 (Oratorem
1603 1387 1641 1438 lt.
1661 1387 1696 1438 D.

339 1454 485 1518 Hetrufiae)
503 1458 606 1508 dederat
625 1455 715 1523 (comp.
735 1459 888 1511 Hauschium
907 1477 965 1526 pag.
986 1457 1041 1522 ot).
1060 1463 1123 1512 haec
1141 1461 1175 1510 illl
1192 1461 1351 1525 perscripsit:

431 1527 480 1589 Ex
504 1529 599 1590 literis
633 1531 709 1604 tuis,
739 1529 940 1594 Celeberrirne
965 1532 1039 1607 Vir,
1070 1551 1144 1613 quas
1169 1534 1207 1594 ad
1230 1533 1279 1594 Ill.
1305 1529 1466 1592 Oratorem
1488 1531 1695 1594 Florentinum

343 1616 411 1682 Cal.
437 1616 580 1681 Octobris
603 1618 757 1682 Florentia
781 1620 904 1696 misisti,
935 1621 1065 1684 salutem
1089 1641 1149 1702 qua
1172 1641 1218 1684 me
1247 1619 1392 1700 impertiri
1417 1618 1538 1682 voluisti
1562 1622 1695 1699 percepi,

339 1725 451 1787 proque
475 1725 512 1767 ea
535 1706 650 1785 gratias
674 1727 731 1785 ago
755 1717 844 1790 teque
873 1719 976 1771 mutua
998 1729 1067 1772 mea
1093 1711 1257 1789 impertior.
1303 1709 1354 1770 Ad
1378 1715 1484 1771 cetera
1510 1727 1587 1787 quae
1611 1710 1695 1772 desi-

339 1794 455 1855 derasti
475 1803 604 1867 (Optioam
623 1811 649 1854 et
667 1811 803 1856 tuomum
822 1805 853 1857 de
865 1807 945 1858 Stella
962 1822 1027 1858 nora
1038 1808 1149 1873 Kepleri,
1168 1823 1215 1859 uso
1233 1823 1284 1860 uou
1301 1819 1391 1858 nomeu
1409 1805 1517 1854 eucmrir
1535 1805 1605 1864 libri,
1625 1807 1696 1868 culm

339 1883 438 1932 titulum
455 1883 481 1930 lu
500 1882 615 1948 catalogo
632 1884 747 1935 librorum
759 1887 960 1937 Frankoiurteuri
979 1895 1038 1940 aute
1056 1889 1182 1938 biennium
1200 1886 1395 1953 oeprmeuoerit.
1416 1885 1464 1944 „de
1481 1890 1550 1934 motu
1562 1883 1694 1948 lew).

340 1955 475 2016 domiuus
499 1953 651 2034 Segethus
675 1956 744 2037 quid
768 1959 854 2020 uobis
886 1977 1040 2022 commuue
1071 1959 1166 2021 risum
1189 1977 1254 2020 meu
1280 1961 1345 2022 loco
1378 1955 1592 2036 respondebit,
1625 1975 1695 2020 nam

341 2043 371 2105 in
396 2041 503 2104 italica
527 2051 594 2124 tyro
618 2063 693 2106 sum.

536 2131 613 2192 Jove
646 2130 764 2212 interim
796 2153 862 2196 curn
895 2153 949 2198 suo
983 2135 1129 2197 famulitio
1166 2141 1341 2216 perpetuam
1374 2131 1515 2194 semitam
1548 2140 1694 2214 pergente

341 2222 482 2289 (praemisit
502 2227 540 2276 lrir
558 2228 682 2294 Keplerur
698 2231 823 2295 quaedum
841 2231 872 2281 dc
892 2231 1073 2291 ,Narratioue“
1093 2245 1153 2290 sna.
1172 2245 1236 2296 quae
1253 2232 1320 2282 inire
1337 2227 1496 2296 sequentur),
1535 2223 1696 2286 certiorem

339 2316 371 2366 te
395 2307 498 2378 reddo,
523 2308 641 2370 venisse
665 2311 703 2371 ad
727 2329 775 2372 me
799 2312 939 2373 hesterno
964 2313 1011 2374 die
1035 2313 1078 2374 M.
1099 2313 1222 2393 Horcky
1244 2312 1382 2373 reducem
1406 2309 1559 2379 eustolia,
1585 2330 1692 2390 quam-

343 2395 389 2455 vis
412 2395 526 2474 passim
551 2396 580 2458 iu
604 2397 710 2460 itinere
735 2418 834 2461 moras
858 2399 1002 2462 nexuerit.
1040 2401 1148 2462 Mirum
1172 2411 1204 2462 et
1222 2399 1417 2479 spectabilem
1436 2400 1692 2462 occursationem:

340 2501 407 2546 cum
431 2483 481 2545 ille
509 2485 666 2550 exultante
690 2488 773 2550 voltu
796 2497 829 2550 et
851 2489 945 2550 veluti
968 2489 1149 2569 triumphato
1165 2486 1303 2550 Galilaeo
1328 2507 1374 2548 me
1398 2496 1430 2547 ut
1454 2488 1695 2550 consentientem

341 2572 552 2650 alloqueretur,
579 2593 636 2655 ego
660 2595 731 2638 vero
755 2578 967 2657 responderem
991 2597 1028 2638 eu
1052 2578 1178 2640 formula
1201 2576 1343 2656 epistolii,
1368 2594 1424 2655 quo
1449 2575 1507 2652 ipsi
1532 2575 1694 2638 amicitiam

341 2661 595 2724 renunciaverarn.
643 2664 677 2726 ld
707 2673 792 2726 tanto
825 2673 980 2746 utrumque
1004 2667 1101 2745 magis
1124 2665 1330 2745 perturbavit,
1370 2664 1447 2743 quod
1485 2681 1541 2724 nec
1575 2664 1626 2728 ille
1659 2666 1696 2728 de

341 2763 409 2810 mea
432 2750 656 2816 renunciatione
680 2753 797 2815 sciebat
820 2753 943 2836 (quippe
966 2754 1072 2817 literae
1095 2771 1181 2816 meae
1196 2752 1362 2814 Bononiam
1386 2751 1507 2814 delatae
1531 2761 1603 2814 sunt
1625 2762 1696 2832 post

340 2836 404 2916 ejus
429 2837 609 2914 discessum)
633 2861 727 2920 neque
752 2861 807 2921 ego
832 2843 939 2918 aliter,
973 2853 1062 2923 quam
1086 2842 1194 2904 lectum
1226 2841 1271 2903 illi
1301 2839 1470 2920 epistolium
1503 2839 1533 2900 in
1564 2841 1694 2904 animum

280 2931 284 2938 ’
338 2926 522 2998 induxeram.
570 2929 646 2992 Post
668 2931 792 2992 moltam
816 2931 1045 2994 altercationem
1077 2929 1193 2993 demum
1216 2929 1315 3009 patuit
1338 2949 1419 2990 error
1443 2927 1599 3008 utriusque
1622 2950 1693 3010 per·

338 3014 529 3090 suesionum,
563 3025 654 3096 atque
686 3019 737 3080 ille
770 3019 842 3081 mihi
874 3039 995 3082 suarum
1025 3021 1173 3082 rationum
1209 3028 1376 3092 momenta,
1411 3017 1457 3080 sui
1492 3016 1693 3093 notissimus,

339 3101 540 3164 sincerissimo
582 3105 691 3167 affectu
723 3107 892 3181 recensuit,
932 3127 988 3188 ego
1018 3107 1063 3170 illi
1096 3117 1275 3186 argumenta
1312 3125 1368 3167 sua
1397 3105 1475 3168 solvi
1507 3121 1562 3166 seu
1593 3108 1694 3187 potius

340 3191 486 3269 oppressi,
510 3191 583 3253 nihil
606 3193 664 3254 nisi
688 3195 762 3256 meis
786 3195 1046 3259 observationibus
1069 3195 1198 3278 propriis
1222 3194 1360 3275 ingestis.
1406 3193 1475 3256 Nou
1499 3201 1566 3254 erat
1591 3196 1695 3276 opinor

339 3279 539 3352 constantiae,
565 3299 623 3342 non
647 3301 685 3344 ex
708 3283 889 3346 auctoritate
914 3285 1025 3364 publici
1049 3283 1164 3365 scripti,
1189 3283 1228 3345 ad
1251 3283 1377 3363 primam
1400 3301 1498 3344 meam
1517 3279 1693 3345 instantiam

339 3366 521 3428 sententiam
548 3377 673 3432 mutare.
724 3371 841 3432 Mansit
859 3371 916 3433 hac
943 3373 1009 3434 vice
1032 3372 1062 3434 in
1086 3371 1252 3444 seutentia;
1277 3379 1409 3432 ceterum
1434 3369 1530 3434 doluit
1551 3373 1692 3449 pessime,

339 3472 429 3534 quum
451 3454 495 3515 illi
519 3473 713 3532 recenserem,
739 3459 809 3537 quid
834 3461 873 3520 ad
896 3467 926 3520 te
951 3460 1151 3540 scripsissem.
1198 3461 1281 3520 Tunc
1305 3458 1392 3534 enim,
1417 3460 1502 3538 quasi
1526 3455 1584 3520 hoc
1608 3461 1692 3521 unico

339 3543 443 3604 labore
466 3543 640 3624 proposito,
676 3565 790 3608 summa
819 3549 1023 3627 persuasionis
1047 3549 1076 3609 vi
1100 3567 1147 3609 me
1171 3565 1344 3627 oppugnare
1369 3547 1478 3626 coepit,
1503 3553 1537 3608 ut
1561 3547 1598 3607 de
1618 3567 1691 3610 cou-

339 3639 430 3711 ccpta
452 3631 591 3712 opinione
614 3651 661 3694 me
695 3633 853 3713 dejiceret,
888 3636 963 3699 nihil
993 3637 1091 3716 ipsum
1121 3656 1341 3714 coronamenta
1368 3643 1474 3710 contra
1500 3652 1549 3696 me
1574 3635 1692 3714 egisse:

338 3720 457 3782 omuino
481 3739 659 3800 persuasum
683 3722 794 3798 fuisse,
820 3723 907 3798 hano,
938 3745 1027 3805 quam
1048 3724 1115 3804 ipse
1139 3724 1168 3785 in
1193 3723 1336 3802 scriptum
1359 3741 1444 3785 suum
1472 3724 1691 3800 transtulisset,

338 3829 406 3870 esse
431 3809 589 3887 genuinam
612 3829 710 3872 meam
733 3812 925 3874 senteutiam.
942 3813 1126 3875 'l'aciebaut
1149 3812 1238 3874 tidem
1252 3811 1300 3871 his
1323 3810 1573 3872 ostentationibus
1595 3811 1690 3874 ‘eriam

339 3906 529 3976 argumenta,
560 3897 665 3978 quibus
697 3900 859 3961 etiamnum
888 3911 993 3963 contra
1014 3899 1150 3964 Joviales
1182 3899 1332 3960 satellites
1365 3898 1499 3978 adeoque
1523 3909 1556 3959 et
1586 3909 1692 3962 contra

339 4004 422 4048 meas
454 3985 548 4064 ipsius
582 3986 811 4050 observationes
842 4007 997 4070 meamque
1022 3987 1275 4066 „Narrationem“
1302 3989 1407 4067 (quam
1431 4005 1530 4049 coram
1556 3987 1691 4062 exhibui)

338 4082 454 4153 pugnat
477 4074 632 4136 acerrime.
669 4075 715 4136 De
739 4075 882 4150 lisvero,
908 4097 984 4158 quae
1004 4087 1109 4140 contra
1126 4084 1157 4139 te
1173 4075 1274 4138 durius
1294 4074 1475 4154 scripsisset,
1501 4075 1691 4156 sicrespou-

339 4163 447 4224 debat:
472 4163 767 4226 obsecundatum
791 4185 830 4226 se
850 4165 909 4227 hio
928 4166 1104 4246 publicae
1128 4167 1267 4232 laurae,
1293 4163 1525 4224 doctissimis
1550 4163 1586 4225 in
1605 4183 1691 4226 aca-

340 4249 464 4310 demia
486 4251 714 4313 Bononiensi
740 4254 1020 4331 professoribus
1052 4272 1118 4314 uon
1151 4253 1295 4332 paucis,
1324 4251 1450 4329 aliisque
1484 4267 1539 4330 per
1560 4251 1691 4326 ltaliam,

340 4337 375 4397 de
396 4357 524 4415 quorum
548 4358 694 4400 consensu
719 4341 806 4402 fidem
830 4341 900 4402 urilri
927 4343 998 4422 fecit
1021 4340 1206 4403 documentis
1237 4338 1515 4412 manifestissimis;
1555 4339 1691 4420 quamvis

339 4423 376 4486 iis
399 4443 457 4486 uon
481 4435 548 4486 erat
570 4445 654 4505 opus.
704 4429 810 4502 „Anne
833 4429 925 4506 igitur
949 4429 1004 4490 boc
1027 4449 1085 4490 nou
1109 4437 1193 4490 esset
1215 4425 1271 4488 viri
1294 4425 1381 4502 boni,
1401 4424 1572 4505 justissimo
1596 4427 1691 4490 dolori

340 4511 561 4574 academiarum
591 4515 817 4576 accommodare
849 4515 1016 4590 calamum,
1050 4534 1221 4596 oppugnare
1254 4515 1397 4594 figmenta
1427 4521 1627 4594 portentosa,
1661 4515 1691 4576 iu

339 4598 474 4660 t'raudcru
498 4601 650 4678 veritatis,
681 4603 710 4663 iu
734 4601 945 4665 coutumeliam
967 4609 1094 4664 naturae
1119 4601 1334 4684 cornpar·ata?“
1381 4601 1517 4680 Denique
1542 4621 1578 4664 oo
1602 4601 1692 4664 rediit

340 4704 457 4746 suurma
480 4689 635 4765 orationis,
661 4698 694 4752 ut
716 4699 887 4770 appareret,
911 4691 1013 4769 plures
1037 4709 1090 4770 per
1112 4691 1233 4754 Italiam
1252 4689 1333 4750 viros
1353 4690 1458 4751 doctos
1481 4689 1511 4749 in
1535 4689 1692 4770 procinctu

238 4835 242 4842 ,
340 4771 463 4834 stetisse
486 4775 623 4854 publicae
647 4777 902 4852 contradictionis,
928 4796 1002 4858 quos
1021 4798 1078 4840 non
1097 4781 1223 4844 mutatio
1243 4777 1420 4852 sententiae,
1445 4775 1499 4838 sed
1523 4776 1568 4838 tui
1591 4775 1690 4842 domi·
