3652 5532
386 285 451 354 704
863 293 902 344 na
921 289 1089 356 sonsum
1106 289 1257 357 seipsam

385 467 494 528 stellas
525 468 601 530 enim
632 485 805 547 perennare.
852 467 914 529 Eos
937 467 1027 530 Joan.
1053 466 1202 548 Georgius
1232 468 1423 548 Brenggerns
1452 466 1578 546 pulchre
1609 465 1710 545 primm

386 557 598 636 grammaticen
623 557 719 619 docet.
736 553 778 632 ³⁶)
825 557 966 622 Cometes
990 557 1067 620 enim
1091 577 1144 620 seu
1168 555 1275 619 crinita
1299 577 1317 617 a
1339 556 1419 618 crine
1444 573 1552 618 nomeu
1576 553 1711 628 habetat

385 645 411 706 si
435 645 526 708 crinis
549 645 656 707 stellae
680 653 841 727 superstat,
867 656 1007 723 cometes,
1033 647 1078 709 sin
1098 647 1178 709 infra
1196 653 1252 720 est,
1276 645 1432 726 pogonias,
1457 647 1485 707 si
1504 643 1598 707 crinis
1620 644 1711 704 acumi-

385 743 475 796 natus
499 743 559 808 est,
585 734 719 815 xiphias,
750 735 795 797 sin
819 754 926 798 curvus
950 745 981 798 et
1004 737 1206 808 acuminatus,
1230 736 1377 807 ceratias,
1406 734 1451 796 sin
1476 753 1550 796 vero
1574 753 1672 796 curvus
1691 745 1713 792 et

385 823 553 904 explicatus
582 824 660 898 late,
692 823 816 904 hippeus
848 823 1011 898 dIcitur.*)
1057 827 1107 887 Ita
1136 831 1268 886 cometes
1298 824 1406 902 speciei
1437 843 1549 885 nomen
1573 831 1620 884 est
1641 821 1713 882 etad

384 911 509 990 figuram
538 920 676 990 spectat,
707 930 766 975 non
789 913 827 975 ad
851 915 1062 978 substantiam.
1110 911 1188 984 Quin
1214 931 1317 974 omnes
1349 913 1418 975 illae
1450 913 1572 994 species
1595 931 1614 972 a
1635 911 1713 989 scrip

386 999 501 1062 toribus
522 1001 630 1062 stellae
650 1002 766 1064 nomine
781 1005 912 1065 veniunt.
949 1003 991 1064 Et
1005 1002 1123 1084 quoties
1143 1010 1278 1064 cometas
1297 1003 1443 1064 voccrbulo
1462 1009 1598 1072 utuntur,
1617 1001 1715 1060 stellam

366 1088 622 1170 subintelligunt,
646 1099 682 1153 ut
703 1101 838 1154 cometae
862 1111 919 1154 vox
943 1091 1095 1173 adjectiva
1117 1091 1167 1155 sit.
1206 1091 1304 1170 Saepe
1328 1092 1418 1152 ctiam
1439 1093 1583 1171 J'nngunt,
1607 1098 1639 1151 ut
1657 1087 1714 1165 aeq

384 1200 520 1256 κομιτης,
541 1180 630 1240 stella
645 1180 761 1256 crioita,
783 1183 873 1244 stella
888 1181 1019 1256 cadens3
1035 1180 1084 1243 ubi
1099 1179 1193 1255 vides,
1209 1180 1319 1278 nullum
1336 1181 1407 1241 ab
1389 1199 1425 1243 ns
1440 1181 1546 1243 haberi
1567 1191 1715 1259 respectum

384 1268 575 1330 substantiae
599 1269 754 1332 evanidae.

470 1356 547 1418 Esto
572 1375 641 1420 sero
667 1367 699 1420 ut
721 1357 831 1439 speciei
850 1377 918 1433 vox,
943 1366 1069 1432 cometa,
1094 1358 1123 1420 iu
1140 1373 1234 1434 genus
1257 1357 1412 1419 transierit
1434 1365 1467 1418 et
1486 1375 1592 1418 omues
1607 1356 1714 1416 aPIInio

384 1445 436 1508 lih.
463 1447 502 1518 II,
527 1465 592 1526 cap.
618 1444 669 1510 25.
699 1455 949 1510 commemoratae
978 1449 1090 1510 formae
1123 1453 1260 1508 cometae
1291 1447 1496 1529 appellentur:
1532 1465 1621 1526 qnam
1643 1445 1716 1523 igitur

385 1535 422 1596 ad
447 1534 577 1616 speciem
601 1537 732 1598 colerent
755 1537 832 1598 barre
855 1545 990 1600 nostram
1014 1535 1156 1598 stellam?
1178 1535 1271 1597 Nulla
1286 1537 1432 1597 dictarum
1456 1536 1608 1614 congruit.
1640 1535 1714 1596 Lam·

384 1624 517 1703 padiada
540 1643 610 1686 vero
636 1625 660 1686 si
684 1626 800 1702 dIcent,
832 1626 987 1706 relegendi
1017 1633 1088 1688 suot
1115 1625 1155 1686 ad
1183 1633 1275 1705 caput
1297 1625 1415 1688 XVIII.
1444 1627 1481 1684 de
1510 1623 1715 1686 scintillatione.

383 1713 581 1794 Nequaquam
604 1713 682 1775 enim
704 1716 802 1777 crines
826 1717 907 1778 luere
931 1715 984 1776 illa
1007 1713 1181 1777 sciutillatio
1205 1713 1313 1776 stellae
1337 1713 1540 1792 rapidissima,
1566 1713 1620 1775 sed
1639 1713 1716 1790 fulgor

384 1803 460 1865 lucis
483 1803 662 1881 reciprocus.
701 1805 768 1868 Nisi
784 1806 862 1866 torte
882 1804 973 1866 ctiam
988 1802 1102 1867 Canem
1120 1802 1263 1883 majorem
1277 1809 1453 1883 ceterasque
1469 1803 1581 1864 stellas
1604 1811 1716 1864 comens

385 1891 515 1964 facient,
539 1910 574 1952 eo
599 1893 676 1972 qnod
699 1893 944 1956 scintillatiouem
968 1913 1052 1955 suam
1076 1911 1143 1956 cum
1165 1892 1222 1954 hac
1245 1893 1336 1954 stella
1355 1911 1541 1954 communem
1568 1891 1715 1953 habuerint.

383 1981 638 2066 Itaqueflconcedi
669 1989 771 2062 potest
794 1983 861 2044 hnic
884 1983 975 2044 sideri
1004 2001 1109 2044 nomen
1139 1980 1306 2066 lampadias
1316 2001 1325 2056 3
1358 1981 1411 2042 sed
1440 1982 1484 2042 its
1507 1989 1544 2042 ut
1568 1980 1716 2060 lampadias

383 2087 441 2132 nou
465 2069 527 2130 sint
550 2071 667 2149 species
691 2071 874 2134 crinitorum.
922 2070 1093 2152 Sequuntur
1124 2070 1248 2133 ultImae
1271 2071 1362 2132 Plinii
1394 2070 1527 2151 species,
1560 2072 1714 2138 disceomm,

384 2159 433 2260 qui
457 2157 558 2231 discis,
584 2158 748 2220 rarissimis
772 2160 881 2223 circum
901 2161 1041 2235 crinibus,
1066 2167 1098 2222 et
1121 2160 1273 2234 hirtomm,
1299 2159 1348 2240 qni
1373 2160 1507 2222 villorum
1534 2159 1647 2222 bahent
1665 2159 1717 2219 elt-

383 2247 482 2326 giem:
508 2265 582 2327 quos
605 2256 711 2310 auctor
730 2249 821 2328 jubas
845 2251 926 2323 dicit,
951 2249 1134 2312 recentiores
1161 2249 1317 2330 appellant
1340 2267 1439 2322 rosas,
1472 2267 1617 2328 quorsum
1639 2248 1715 2310 retem

383 2343 415 2396 et
437 2333 533 2396 Soles
556 2343 717 2400 nocturnos
740 2339 778 2399 ab
809 2337 1024 2442 antiquioribus
1056 2337 1235 2400 celebratos.
1245 2335 1300 2411 **)
1347 2339 1391 2399 At
1413 2357 1467 2400 nec
1500 2337 1549 2398 his
1581 2337 1716 2418 speciebus

384 2425 573 2486 accensenda
595 2434 643 2488 est
665 2437 769 2489 nostra
793 2429 889 2508 magis
907 2439 1001 2510 quam
1020 2413 1118 2490 Canis
1133 2425 1239 2500 Sirius,
1265 2445 1300 2488 so
1316 2427 1393 2507 quod
1412 2445 1470 2488 noo
1490 2427 1584 2506 jubas
1608 2427 1715 2489 circum·

385 2513 466 2576 circa
488 2531 610 2595 sparsas
634 2516 775 2591 emiserit,
800 2519 853 2578 sed
877 2525 992 2580 tantum
1021 2516 1240 2579 scintillaverit.
1287 2517 1375 2577 Adde
1400 2516 1478 2595 qnod
1502 2516 1551 2577 his
1572 2517 1661 2597 johae
1680 2512 1716 2572 rel

283 2667 287 2678 ,
386 2602 461 2665 dleci
484 2603 601 2684 specics
625 2604 653 2664 iu
669 2605 787 2668 hastam
811 2615 952 2681 mutator,
977 2606 1055 2686 quod
1074 2607 1165 2666 semel
1187 2607 1298 2668 Iactum
1314 2603 1427 2668 Plinius
1451 2605 1606 2681 celebrat:
1629 2607 1716 2666 iterun

385 2692 496 2756 accidit
518 2712 596 2754 antro
616 2691 728 2758 Christi
743 2692 817 2770 837,
842 2697 897 2758 sub
917 2695 1069 2758 Lndorico
1090 2695 1164 2769 Pi0;
1189 2695 1314 2774 denique
1339 2695 1429 2756 etism
1453 2702 1560 2756 nostm
1583 2693 1715 2762 memoria

385 2782 579 2858 observatore
603 2783 743 2865 'I'ychone
767 2785 878 2855 Broho.
901 2803 977 2846 anno
1004 2781 1088 2848 1580
1108 2792 1139 2846 et
1162 2781 1256 2848 1585.
1285 2780 1715 2858 (erog.1,p.ots.)tuitcnin

385 2870 480 2933 tribus
504 2870 549 2933 his
581 2871 695 2935 vicibus
714 2873 773 2935 ¹Sol
797 2875 826 2936 in
850 2875 987 2954 opposito
1018 2881 1219 2936 cometarum:
1250 2872 1351 2955 itaque
1384 2871 1470 2934 initio
1501 2891 1606 2935 consae
1629 2889 1717 2935 cuma

384 2959 457 3022 Sole
485 2969 517 3022 et
540 2979 560 3021 o
583 2971 685 3024 nostro
718 2961 783 3024 risu
814 2969 999 3038 averterent,
1034 2963 1136 3042 capita
1158 2962 1186 3023 in
1218 2963 1315 3024 medlo
1344 2979 1494 3024 comarum
1525 2967 1716 3031 ostentamen

382 3055 491 3130 postea
514 3049 634 3112 deserto
658 3049 739 3114 Solis
763 3051 901 3133 opposito
926 3054 990 3114 loco
1014 3070 1129 3114 cernam
1153 3051 1298 3131 paulatim
1322 3053 1359 3113 ab
1384 3071 1421 3112 ea
1443 3059 1531 3130 parte
1557 3051 1715 3132 explicuere,

384 3138 462 3200 nude
487 3139 700 3202 discedebant:
730 3139 817 3203 simul
842 3150 941 3204 autem
969 3139 1084 3222 priores
1108 3140 1165 3202 duo
1190 3139 1280 3202 etiam
1307 3138 1475 3219 retrogradi
1506 3141 1625 3202 fuerunt
1645 3140 1716 3220 plane

384 3233 416 3288 ut
438 3226 579 3305 planetae
612 3246 741 3310 quoquo,
776 3249 841 3292 cum
870 3230 935 3294 Soli
965 3238 1173 3310 opponuntur:
1204 3229 1288 3309 cujus
1318 3230 1361 3290 rei
1394 3248 1516 3291 causam
1552 3228 1715 3310 Gopernicns

383 3314 578 3395 pulcherrime
603 3316 631 3378 in
655 3327 769 3381 motum
791 3319 920 3382 Telluris
953 3319 1078 3380 ooolert.
1124 3318 1241 3380 Nostra
1262 3318 1364 3397 'Igitur
1390 3337 1457 3379 cnm
1480 3337 1537 3380 nec
1565 3319 1649 3381 initio
1676 3331 1715 3376 neo

383 3405 439 3466 fine
464 3405 592 3483 speciem
617 3405 709 3468 ullam
733 3409 902 3472 exhibuerit
924 3427 1083 3482 comarum,
1108 3416 1228 3469 cometa
1247 3407 1304 3468 dici
1328 3425 1515 3488 nequaquam
1541 3408 1651 3470 debuit.
1683 3407 1716 3466 At

384 3501 489 3555 contra
513 3513 570 3556 non
590 3495 745 3571 absonum,
770 3498 877 3559 stellae
897 3515 1001 3560 vocem
1016 3517 1035 3558 a
1049 3497 1154 3574 ςιλβιιι
1176 3496 1367 3566 descendere,
1391 3496 1470 3576 quod
1486 3505 1535 3559 est
1549 3495 1714 3559 scintillare:

384 3583 461 3664 quod
485 3602 550 3644 cum
574 3593 606 3646 et
629 3592 751 3647 nostras
774 3585 943 3661 conveniat,
967 3586 1037 3667 quid
1060 3585 1186 3666 Impedit
1200 3586 1328 3650 ,stellam
1353 3585 1477 3648 dicere?

471 3671 552 3743 Quid
574 3673 601 3736 si
624 3691 704 3750 vero,
729 3675 872 3756 inquiunt,
897 3677 1022 3739 caudam
1046 3676 1165 3738 omnino
1189 3675 1319 3755 aliquam
1342 3673 1527 3736 obtinuerit?
1551 3673 1629 3736 Nam
1652 3671 1715 3732 visa

383 3762 422 3823 ad
455 3781 521 3824 earn
546 3781 603 3826 non
635 3763 762 3844 pertigit
791 3765 877 3837 ideo,
911 3765 980 3844 quia
1008 3772 1075 3826 tota
1102 3771 1173 3844 post
1202 3773 1295 3844 caput
1323 3764 1412 3827 latuit
1439 3773 1502 3825 tam
1528 3761 1558 3824 in
1589 3761 1715 3842 quadrato

382 3869 470 3932 quam
493 3849 522 3911 iu
546 3853 685 3933 opposito
709 3851 801 3918 Solis.
840 3854 953 3916 Iisdem
977 3853 1055 3916 enim
1084 3854 1270 3933 argumentis
1293 3853 1323 3915 irl
1347 3853 1464 3914 adstrui
1487 3859 1601 3932 potest.
1626 3848 1714 3931 quibus

382 3933 482 4020 capite
505 3941 578 4005 XV.
613 3942 722 4004 stellae
755 3963 854 4006 annua
886 3943 1056 4024 parallaxis·
1078 3943 1135 4005 luit
1162 3943 1294 4006 ademto.
1340 3942 1471 4021 Respice
1500 3942 1557 4002 hac
1582 3941 1618 4002 de
1641 3953 1715 4000 causa

383 4029 421 4090 ad
455 4029 576 4092 schema
600 4027 646 4106 4.,
676 4031 726 4095 ubi
754 4034 846 4094 stella
872 4033 950 4094 hauc
979 4033 1075 4112 ipsium
1109 4032 1146 4094 ob
1185 4031 1362 4095 instantiam
1394 4031 1477 4112 picta
1509 4039 1558 4092 est
1593 4030 1713 4090 caudata.

380 4117 530 4182 Nimirum
554 4117 619 4196 CO,
644 4121 796 4200 elongatio
821 4121 949 4186 Telluris
973 4120 1000 4184 O
1024 4143 1042 4183 a
1066 4121 1136 4184 Sole
1157 4118 1193 4196 Ο,
1217 4139 1404 4202 nequaquam
1428 4129 1516 4182 tanta
1538 4120 1602 4182 lieri
1624 4113 1714 4199 potuit

382 4214 415 4268 ut
437 4209 515 4268 hauc
540 4209 648 4271 stellae
671 4209 701 4272 iu
725 4211 754 4272 D
778 4210 903 4274 caudam
928 4233 946 4272 a
969 4211 1064 4274 latere
1089 4209 1175 4272 nobis
1207 4211 1380 4290 detegeret,
1410 4209 1448 4272 ob
1471 4209 1594 4270 nlmiam
1624 4205 1712 4268 stellae

382 4296 571 4358 distantiam.
618 4296 705 4370 Quae
735 4300 909 4380 conjectura
936 4299 1143 4362 aMaestlino
1167 4319 1291 4381 quoque
1323 4301 1455 4363 tolerata
1487 4299 1544 4360 luit
1576 4298 1613 4360 de
1640 4292 1713 4356 stella

382 4386 451 4448 anni
481 4383 574 4462 1572,
598 4387 699 4450 libello
724 4389 761 4450 de
785 4387 914 4452 Cometa
938 4383 1007 4452 an'ni
1034 4384 1128 4453 1580.

472 4551 500 4626 *)
521 4558 567 4612 Ito
587 4557 653 4612 mihi
675 4557 819 4614 Plinionae
841 4559 947 4631 species
967 4559 1177 4632 distinguendae
1198 4558 1334 4614 videntur
1362 4557 1465 4612 Verum
1485 4557 1608 4612 Achilles
1628 4552 1709 4610 aliter.

384 4631 419 4683 Ol
435 4647 490 4702 μεν
504 4625 555 4686 οὖν
572 4649 647 4686 κατι
659 4651 691 4687 ro
706 4652 766 4706 φως
778 4633 898 4724 ignores,
917 4653 962 4688 και
974 4653 1022 4695 τις
1033 4651 1222 4706 praeproperat
1234 4651 1306 4686 κατω
1319 4647 1446 4694 eruscos,
1462 4633 1594 4688 salomae
1605 4643 1710 4701 soporat·

383 4701 503 4766 (Achilles
522 4707 634 4758 'Istius'
627 4724 653 4758 m
673 4707 894 4776 ,Prol'ogomenis
888 4727 914 4760 ιιι
932 4713 1003 4761 Arati
1021 4709 1222 4769 Phaenomenis*
1243 4708 1303 4774 Cap
1324 4703 1381 4768 31.)

468 4776 511 4847 **)
532 4781 656 4836 Achilles
677 4791 781 4849 contro,
803 4792 832 4838 et
853 4784 936 4838 aliter
957 4801 1037 4856 quam
1053 4782 1174 4876 Plinius.
1196 4779 1267 4838 οἷ’
1250 4801 1308 4839 cro
1326 4803 1359 4839 ro
1379 4801 1439 4857 φως
1462 4781 1708 4854 recreassemus.

382 4851 514 4906 eamne·
531 4853 696 4924 Acrauceles.
