3700 5530
757 309 919 364 monim
1451 312 1515 382 ers

159 495 258 552 utem
279 487 416 568 proxime
439 487 584 550 accedere
606 487 788 552 videbantur
815 488 963 565 retentis,
993 487 1125 569 reliquae
1157 489 1357 563 astrologicae
1385 489 1516 570 ineptias

159 578 293 640 deletum
316 577 392 640 ibat.
437 576 522 638 Haec
553 576 581 640 si
608 585 713 640 teneas
744 585 888 658 apparet,
921 578 1029 652 credo,
1057 595 1117 660 ,cnr
1149 575 1241 658 (Cap.
1268 577 1353 652 VII.)
1384 581 1514 642 scribere

159 665 308 746 potnerit:
349 662 514 740 „Quolibet
547 665 648 728 seculo
681 665 741 728 tria
773 667 888 729 zodiaci
920 667 1026 746 signa,
1060 666 1099 728 ab
1131 666 1304 728 auctoribus
1335 668 1392 729 sub
1425 689 1515 732 noum

159 755 309 833 trigonum
330 754 465 827 redacta,
490 772 529 816 ex
551 755 808 833 conjunctionibus
832 757 1017 834 superiorum
1040 755 1228 836 planetarum
1242 755 1435 834 praecipuam
1453 757 1515 820 vim

160 843 299 906 obtinent
321 843 352 904 in
375 843 590 906 commovenda
613 844 686 915 (non
710 843 776 906 dico
800 843 831 905 in
853 845 1004 924 cogenda)
1037 853 1146 906 natura
1173 863 1271 906 rerum
1295 845 1509 909 sublunarium.

160 930 258 1001 Quam
281 930 464 1010 astrologiae
487 939 606 1010 partem
628 932 718 994 Picus
743 932 814 996 mihi
838 934 968 996 nondum
997 931 1125 1011 eripuit,
1155 932 1213 994 etsi
1235 933 1404 1013 plerisque,
1438 953 1514 1014 quae

160 1029 265 1082 contra
296 1020 467 1098 astrologos
500 1020 684 1100 disputavit,
717 1022 816 1083 sobrie
848 1030 880 1084 et
912 1021 1075 1084 secundum
1103 1021 1237 1084 valorem
1270 1029 1513 1101 argumentorum

160 1115 369 1188 usurpatorum
399 1109 564 1170 intellectis
595 1108 783 1172 subscribo.“
844 1111 958 1172 Verum
990 1109 1037 1171 his
1069 1111 1275 1188 comparanda
1306 1119 1397 1186 sunt,
1436 1131 1511 1190 quae

160 1197 252 1275 (Cap.
276 1198 368 1271 XII.)
392 1198 497 1258 affert:
524 1196 634 1272 „Quod
657 1199 842 1278 astrologica
865 1199 985 1272 attinet,
1010 1197 1149 1278 equidem
1172 1200 1286 1273 fateor,
1311 1199 1408 1262 virum
1432 1201 1513 1262 illurn

160 1285 358 1359 (Fabricium)
383 1285 556 1348 auctoritati
579 1293 713 1348 veterum
737 1295 768 1349 et
791 1287 949 1367 cupiditati
976 1286 1215 1366 praedictionum
1238 1287 1348 1352 alicubi
1371 1307 1512 1350 succum-

159 1375 249 1448 bere,
281 1382 314 1436 et
344 1375 472 1453 quodam
503 1375 588 1454 quasi
618 1375 823 1438 enthusiasmo
854 1383 976 1458 praeter
999 1375 1148 1438 rationem
1176 1376 1287 1454 abripi:
1326 1395 1428 1440 verum
1451 1377 1514 1438 ista

160 1481 227 1525 cum
248 1463 363 1542 ingenti
391 1464 549 1526 doctorum
578 1463 708 1526 virorum
739 1466 828 1526 turba
860 1463 1028 1528 communia
1056 1463 1159 1526 habet.
1211 1463 1278 1536 Quo
1311 1466 1430 1527 nomine
1464 1465 1513 1527 vel

160 1552 224 1614 solo
261 1550 379 1614 veniam
412 1561 552 1614 meretur.
608 1551 689 1624 Quid
726 1553 853 1632 ringeris
890 1553 1051 1648 delicatulo
1087 1553 1282 1632 philosophe,
1322 1552 1349 1614 si
1384 1562 1512 1616 matrem

159 1639 424 1720 sapientissimam,
447 1641 501 1702 sed
524 1659 699 1720 pauperem,
724 1643 821 1704 stulta
843 1642 915 1716 filia,
939 1643 1037 1722 qualis
1060 1641 1115 1704 tibi
1138 1642 1274 1716 videtur,
1309 1642 1425 1704 naeniis
1449 1643 1512 1704 suis

159 1737 313 1792 sustentat
334 1737 366 1790 et
389 1729 462 1792 alit?
508 1731 533 1792 si
560 1731 658 1794 locum
685 1731 819 1794 debitum
840 1731 895 1795 illa
917 1731 996 1810 apud
1019 1729 1169 1792 hominum
1193 1739 1297 1792 coetus
1321 1730 1409 1810 longe
1433 1731 1514 1794 stul-

159 1816 295 1880 tissimos
319 1818 408 1880 aliter
430 1837 488 1880 non
511 1818 638 1894 invenit,
662 1819 720 1882 nisi
742 1839 797 1899 per
819 1821 906 1902 hujus
930 1818 1133 1900 simplicitatis
1157 1819 1434 1882 intercessiones?“

249 1903 319 1968 Jam
342 1907 492 1987 Keplerus
515 1908 746 1988 interpretatur,
777 1928 853 1988 quae
883 1908 924 1970 sit
953 1908 999 1970 vis
1022 1909 1105 1970 vocis
1129 1909 1209 1986 apud
1233 1909 1405 1986 astrologos
1428 1908 1510 1972 obti-

161 1994 271 2068 nentis,
297 1995 437 2074 trigoni
461 1995 562 2075 ignei
584 1996 833 2078 periodornmque
864 2000 1045 2060 ducenorum
1067 2006 1099 2059 et
1122 2006 1335 2076 octogonorum
1357 2015 1510 2059 annorum.

161 2084 211 2146 Ab
235 2083 306 2146 orbe
330 2084 451 2146 condito
482 2093 600 2164 septem
632 2085 777 2164 ejusmodi
806 2105 932 2166 magnas
960 2085 1100 2165 periodos
1132 2086 1324 2165 „reditusque
1349 2085 1428 2166 ignei
1453 2087 1511 2148 tri-

160 2171 251 2250 goni“
277 2171 425 2248 extitisse,
450 2173 584 2252 singulos
609 2191 741 2254 quosque
765 2176 883 2254 magnis
906 2195 1004 2237 rerum
1020 2174 1207 2236 terrestrium
1222 2175 1351 2236 motibus
1366 2175 1512 2254 insignes.

158 2260 207 2322 Ne
231 2267 333 2324 tamen
357 2281 487 2326 errorem
510 2271 655 2336 moveret,
680 2263 734 2324 hos
758 2283 856 2327 rerum
878 2263 1067 2327 terrestrium
1091 2269 1190 2324 motus
1220 2264 1297 2326 effici
1320 2263 1512 2342 planetarum

158 2349 378 2428 conjunctione,
403 2352 560 2429 profitetur
584 2351 659 2430 Cap.
685 2350 748 2416 28:
781 2361 900 2430 „metus
924 2373 970 2414 me
994 2352 1087 2414 habet
1110 2351 1329 2415 incertitudinis
1358 2353 1389 2414 in
1412 2351 1510 2432 signi-

157 2437 347 2500 ficationibus
379 2439 573 2514 evolvendis,
607 2458 682 2520 quae
713 2449 799 2502 tanto
832 2450 880 2504 est
911 2441 1075 2521 insignior,
1109 2448 1221 2520 quanto
1255 2441 1371 2502 avidius
1403 2442 1510 2521 vulgus

156 2527 310 2589 hominum
346 2527 510 2590 futurorum
548 2529 743 2609 singularium
779 2531 937 2593 scientiam
974 2529 1109 2608 expetit,
1152 2548 1241 2608 quam
1277 2529 1508 2610 philosophiam.

156 2615 275 2676 Vemm
298 2616 367 2696 qnia
390 2617 567 2697 imperfecta
597 2637 664 2680 esse
696 2625 821 2698 putatur
854 2618 950 2682 omnis
979 2617 1183 2697 hujuscemodi
1216 2617 1397 2697 descriptio,
1433 2638 1509 2699 quas

158 2721 217 2764 non
241 2703 271 2764 in
295 2705 564 2784 significationibus
588 2707 680 2768 stiam
704 2709 898 2786 occupatur‚“
923 2707 1057 2770 vaticinii
1081 2706 1229 2785 ejusmodi
1252 2706 1418 2786 periculum
1441 2708 1509 2770 iac·

157 2800 254 2867 turus,
277 2792 353 2856 haec
376 2794 498 2873 adjicit:
531 2793 614 2858 Nihil
640 2815 707 2858 esse
731 2799 780 2860 vel
803 2798 866 2860 lieri
889 2797 919 2858 in
943 2797 1027 2858 coelo
1050 2795 1177 2871 visibili,
1211 2796 1296 2874 eujus
1319 2814 1426 2858 sensus
1450 2815 1508 2858 non

159 2881 278 2942 occulta
301 2882 431 2962 quadam
452 2883 569 2946 ratione
592 2885 756 2956 interrae
780 2887 867 2967 inque
892 2905 995 2948 omncs
1020 2885 1182 2946 facultates
1207 2903 1304 2946 rerum
1328 2885 1509 2948 naturalium

157 2969 338 3049 porrigatur.
376 2971 508 3034 Primam
531 2981 563 3036 et
586 2974 715 3036 maxime
739 2975 930 3056 conspicuam
954 2993 1021 3036 esse
1046 2974 1222 3036 facultatem
1241 2973 1323 3036 illam
1338 2971 1506 3050 animalem,

157 3075 235 3138 quae
266 3059 356 3138 globo
387 3060 515 3122 Telluris
553 3062 730 3140 praesidens
763 3064 860 3126 omnis
896 3065 1015 3142 generis
1047 3070 1183 3124 meteora
1215 3063 1330 3142 gignat.
1389 3062 1507 3124 Deinde

157 3145 249 3227 (Gap.
275 3144 352 3221 29):
383 3149 428 3210 rei
450 3151 592 3224 naturali,
617 3152 713 3231 qualis
737 3151 858 3214 sitista
882 3153 997 3216 reditus
1021 3151 1224 3231 trigonorum,
1260 3169 1319 3212 non
1341 3151 1507 3214 adhaerere

154 3237 249 3298 ullam
272 3237 522 3315 significationem
545 3239 633 3302 ullius
656 3242 941 3320 praeternaturalia,
976 3241 1034 3304 nisi
1056 3243 1183 3304 accedat
1206 3241 1345 3302 voluntas
1369 3249 1400 3302 et
1423 3239 1506 3302 arbi-

154 3325 245 3387 trium
268 3325 350 3405 ejns,
375 3327 405 3388 in
428 3327 514 3403 cujus
537 3337 691 3407 potestate
715 3349 763 3391 res
786 3330 841 3392 illa
858 3329 1126 3408 praeternaturalia
1161 3331 1203 3392 sit
1230 3327 1351 3408 posita,
1385 3335 1419 3392 ut
1440 3348 1507 3392 cum

154 3413 230 3474 iride
243 3433 293 3476 res
308 3415 410 3478 habet.
450 3413 539 3486 Quod
561 3417 625 3497 ipse
649 3419 767 3493 statuit,
793 3437 889 3480 rerum
912 3427 1050 3480 naturam
1066 3420 1256 3498 planetarum
1270 3417 1504 3498 configuratione

156 3501 301 3570 excitari,
331 3502 363 3564 id
393 3504 527 3566 defendit
550 3507 713 3586 exemplis,
748 3527 785 3568 ex
817 3507 975 3570 recondita
1001 3515 1128 3570 naturae
1152 3507 1315 3570 efficientia
1337 3507 1503 3568 desumtis:

158 3598 317 3666 „naturam
340 3592 531 3656 sublunarem
554 3593 638 3658 brevi
661 3596 736 3674 pede
760 3595 923 3658 metiuntur
948 3596 1068 3677 quidam
1090 3595 1276 3677 philosophi,
1302 3595 1414 3657 nullum
1437 3613 1506 3656 esse

156 3695 286 3753 sensum,
311 3680 424 3742 nullam
442 3700 540 3745 rerum
556 3683 789 3760 intelligibilium
812 3685 1034 3765 perceptionem
1053 3685 1273 3756 existimantes,
1298 3689 1419 3763 praeter
1442 3701 1504 3758 eas,

156 3785 232 3846 quas
255 3767 342 3828 bomo
366 3771 517 3848 possidet,
552 3772 747 3836 facultates.“
796 3772 912 3837 Contra
942 3775 1127 3853 interrogat:
1164 3793 1242 3854 ,quo
1265 3790 1356 3832 sensu
1378 3771 1508 3850 percipit

154 3855 240 3918 canis
270 3857 402 3936 vestigia
433 3859 564 3922 domini?
596 3880 666 3923 num
689 3864 838 3924 odoratu?
870 3872 903 3926 at
925 3864 1050 3937 Hercle,
1084 3863 1211 3924 hominis
1242 3868 1305 3922 tam
1337 3859 1504 3942 exquisitus

153 3945 300 4008 odoratus
332 3965 390 4008 non
421 3955 480 4009 est.
528 3945 596 4020 Qua
624 3971 655 4012 re
684 3951 802 4014 radices
835 3958 867 4012 et
899 3949 982 4014 bulbi
1013 3951 1173 4014 herbarum
1204 3951 1319 4012 colores
1352 3947 1506 4027 excipiunt

152 4033 275 4110 effusos,
300 4043 334 4097 ut
348 4035 404 4098 hos
422 4036 452 4098 in
471 4037 573 4100 florem
596 4048 703 4118 postea
726 4040 934 4102 transforant?
971 4038 1129 4112 Quomodo
1148 4039 1265 4118 species
1285 4036 1530 4114 variegatorum.

151 4121 326 4186 baculorum
335 4125 391 4188 sub
403 4126 488 4205 aquis
496 4127 627 4205 limpidis
642 4130 841 4192 contritorum
851 4129 871 4192 J
873 4129 958 4190 scobi
967 4129 995 4192 in
1007 4131 1104 4190 foetus
1115 4128 1213 4190 ovium
1228 4125 1382 4190 derivatae
1392 4124 1503 4187 suntt“

239 4213 333 4276 Porro
354 4233 417 4278 rem
439 4215 566 4294 probare
590 4219 693 4280 studet
716 4237 771 4280 usu
790 4218 973 4298 quotidiano,
998 4219 1119 4291 musica,
1145 4215 1318 4296 geometria.
1367 4213 1507 4290 „Vocum

151 4303 365 4366 concordantia
386 4322 441 4383 per
464 4324 497 4366 se
530 4305 603 4368 nihil
634 4316 775 4386 operetur
805 4307 917 4370 effluxu
949 4309 1078 4387 quodem
1106 4307 1307 4370 inhominem
1332 4304 1390 4366 alio
1415 4322 1504 4384 quam

148 4389 312 4467 sensitiv03
336 4393 455 4455 accedit
478 4409 549 4456 vero
573 4395 674 4456 anima
697 4396 843 4458 sensitiva
865 4397 894 4458 in
919 4397 1047 4469 homine,
1073 4415 1148 4476 quae
1173 4415 1227 4458 usa
1246 4412 1386 4458 sensuum
1410 4411 1501 4472 orga-

148 4478 205 4555 nis,
229 4500 321 4544 sonos
345 4482 464 4562 quidem
487 4474 649 4544 introrsum
671 4485 785 4563 recipit,
809 4485 1033 4564 proportionem
1048 4504 1119 4547 vero
1136 4487 1287 4558 aestimat,
1313 4481 1502 4546 aestimando

147 4569 272 4647 pmbam
305 4581 338 4632 et
369 4571 585 4650 geometricam
619 4591 686 4634 sese
720 4574 871 4636 exhilarat
903 4593 1044 4654 suumque
1082 4593 1190 4655 corpus
1229 4591 1357 4652 congrue
1390 4579 1500 4634 movet.

147 4657 266 4720 Eadem
288 4660 404 4722 ratione
428 4660 596 4739 geometria
618 4661 648 4722 in
679 4663 801 4724 vocibus
834 4664 929 4726 allicit
959 4664 1125 4739 hominem,
1164 4683 1239 4744 quae
1272 4662 1439 4742 geometria
1470 4661 1501 4724 iu

148 4747 244 4809 radiis
266 4748 422 4810 stallamrn
445 4749 540 4812 allicit
562 4755 701 4812 naturam
724 4752 945 4814 sublunarem.“

238 4831 326 4904 Quod
348 4843 449 4898 autern
473 4837 586 4900 attinet
607 4838 751 4902 vaticinia
774 4841 966 4921 astrologica,
991 4849 1025 4904 ut
1047 4860 1123 4922 quae
1147 4839 1266 4922 plurimi
1282 4840 1501 4918 desiderarent,

1233 4941 1290 4996 37*
