3672 5528
738 273 937 373 =‹anot-a
1461 309 1527 378 aas

163 483 287 563 globum
312 483 498 564 pertingere,
523 483 623 548 omnia
645 484 812 547 clarissime
831 491 863 546 et
880 484 1096 565 jucundissime
1114 484 1146 546 in
1170 487 1312 568 opposita
1333 507 1449 570 papyro
1472 509 1528 570 por

166 573 380 654 crystallinum
411 573 620 654 depingantur.
669 571 803 654 Cumque
826 573 857 634 in
886 574 973 636 unica
1002 575 1059 636 hac
1089 577 1253 638 remotione
1282 579 1403 656 (nempe
1432 580 1526 640 semi·

167 661 305 724 diametri
330 663 440 744 papyri
463 682 482 723 a
504 661 609 741 globo)
640 663 758 744 pictura
786 672 948 742 appareat,
978 673 1048 725 ante
1073 671 1196 743 etpost
1224 667 1277 728 fiat
1305 657 1459 744 cdnfusio,
1493 668 1527 730 fit

166 761 265 814 tamen
290 752 383 831 plane
408 752 589 813 contrarium
620 751 773 832 applicato
802 751 896 813 oculo.
943 751 1024 814 Nam
1047 753 1073 814 si
1097 753 1201 815 oculus
1229 753 1432 818 constituatur
1454 766 1526 836 post

167 840 275 902 vitrum
299 837 525 904 semidiametro
540 840 631 918 globi,
657 839 707 903 ubi
721 840 804 920 prius
828 837 1060 902 distinctissime
1079 849 1147 904 erat
1165 841 1293 922 pictura,
1313 844 1378 923 jam
1393 846 1525 908 maxima

165 928 269 992 existit
302 929 440 992 conlusio
475 947 574 992 rernm
605 947 659 1010 per
694 929 806 991 vitrum
843 938 1150 1008 repraesentatarum.
1207 931 1328 994 Vitmm
1362 932 1439 994 enirn
1472 943 1526 997 aut

164 1026 259 1080 totum
284 1017 425 1093 lucidum,
452 1027 505 1080 aut
527 1028 623 1080 totum
647 1019 778 1093 rubeum,
803 1025 856 1080 aut
879 1025 975 1080 totum
1003 1019 1195 1082 tenebrosum
1221 1021 1273 1083 duc.
1304 1031 1443 1102 apparet.
1491 1023 1525 1085 Si

162 1107 285 1187 propior
308 1109 364 1170 fiat
384 1108 487 1170 oculus
511 1107 610 1186 globo,
635 1106 732 1169 carnit
755 1107 912 1188 oppositas
935 1126 984 1169 rea
1008 1115 1126 1170 erectas
1146 1117 1178 1170 et
1198 1125 1334 1190 magnas,
1360 1111 1410 1172 ubi
1434 1129 1527 1192 super

161 1215 279 1276 papyro
304 1195 540 1270 confunduntur,
565 1196 611 1258 sin
642 1195 767 1258 recedat
790 1217 808 1257 a
828 1196 917 1276 globo
941 1196 1060 1276 longius
1084 1197 1176 1258 serni-
1313 1252 1318 1264 ,
1367 1247 1401 1299 7⁰

161 1285 312 1348 diametro
346 1285 446 1365 globi,
480 1284 704 1365 comprehendit
727 1303 776 1346 res
805 1284 957 1348 distinctis
984 1285 1175 1366 imaginibus,
1292 1251 1345 1318 F*
1403 1287 1409 1300 '

161 1391 267 1436 everso
290 1375 361 1448 situ,
387 1383 419 1436 et
432 1393 544 1454 parvas
564 1381 595 1436 et
613 1373 643 1436 in
666 1374 734 1453 ipsa
756 1373 838 1452 globi
862 1373 1016 1454 superficie
1039 1373 1176 1454 proxima

160 1463 334 1526 haerentes.
381 1463 468 1524 Prius
497 1481 567 1525 vero
595 1481 709 1544 papyro
738 1461 779 1524 ibi
803 1463 864 1524 sita
893 1472 1059 1526 evanuerat
1083 1463 1175 1543 plane

160 1552 289 1635 pictura.
325 1551 411 1614 Haec
435 1552 535 1614 omnia
556 1552 631 1613 fiunt
654 1551 735 1614 circa
757 1547 878 1630 glob'um
902 1569 1029 1631 aqueum
1051 1559 1175 1632 propter

159 1641 360 1704 retractiones
384 1641 582 1720 obligarem,
608 1658 642 1702 eo
667 1640 745 1720 quod
769 1641 946 1702 convexitas
976 1640 1078 1721 aliqua
1101 1640 1175 1703 insit

158 1731 282 1810 figurae.
341 1729 418 1792 Cum
449 1729 539 1810 igitur
567 1737 599 1790 et
630 1728 823 1810 crystallinus
856 1749 873 1791 e
904 1730 1046 1790 convexis
1078 1730 1120 1792 sit
1142 1738 1174 1792 et

159 1820 282 1882 densior
319 1819 583 1881 circumstantibus
621 1817 811 1893 humoribus,
852 1826 885 1879 ut
921 1836 1000 1898 aqua
1031 1819 1062 1880 in
1095 1817 1172 1880 vitro

160 1909 282 1970 densior
307 1916 356 1970 est
378 1915 469 1969 aere:
502 1907 594 1986 igitur
622 1925 814 1987 quaecunque
839 1907 875 1968 de
899 1905 988 1985 globo
1019 1925 1114 1987 aqueo
1142 1907 1171 1969 in

159 1998 237 2060 hunc
260 1997 381 2059 modom
406 2006 438 2058 et
456 1996 502 2057 his
525 1994 632 2058 mediis
659 1995 704 2058 usi
729 1995 1041 2065 demonstraverimus,
1066 1996 1172 2057 eadem

159 2087 243 2148 etde
267 2086 445 2167 crystallino
471 2085 600 2164 probata
625 2096 725 2158 erunt,
753 2083 917 2146 reservatis
946 2084 973 2146 ei
1004 2083 1172 2164 privilegiis

160 2176 222 2239 suis
256 2175 296 2236 ob
328 2183 443 2237 cartam
480 2173 680 2236 convexitatis
718 2174 860 2252 figuram,
900 2173 1120 2252 discrepantem
1154 2193 1172 2234 a

160 2265 355 2326 convexitate
371 2263 464 2343 globi.
501 2263 692 2324 Accedamus
715 2261 807 2341 igitur
827 2264 866 2324 ad
885 2262 1171 2326 demonstrationem

161 2373 281 2427 eorum,
316 2372 392 2435 quae
417 2351 596 2431 contingunt
622 2353 703 2414 circa
733 2350 854 2430 globum
887 2351 1093 2433 crystallinum
1118 2371 1171 2414 seu

159 2444 300 2506 vitreum.

249 2528 467 2610 Propositic
506 2530 531 2590 Ι.
595 2527 764 2589 Problema.
825 2526 959 2591 Locum
995 2527 1171 2605 imaginis

161 2622 320 2700 vulgata
360 2619 420 2680 via
460 2617 641 2690 invenire,
682 2635 722 2678 re
762 2632 826 2694 per
871 2617 1014 2695 globum
1063 2616 1172 2678 medii

162 2707 355 2773 densioris
387 2707 560 2786 inspecta
595 2704 749 2786 utroque
782 2704 900 2766 oculo.
961 2703 1031 2766 Sint
1059 2704 1102 2779 E,
1136 2705 1169 2779 F,

162 2801 198 2872 ll,
225 2797 256 2860 G
279 2803 393 2876 puncta
415 2795 444 2856 in
469 2793 558 2874 globo
581 2792 671 2855 medii
696 2792 852 2868 densioris,
876 2793 907 2853 A
930 2801 1072 2873 punctum
1095 2791 1171 2854 visi-

161 2889 235 2962 bile,
251 2883 331 2961 B,C
356 2883 449 2959 oculi,
474 2884 544 2945 etl
567 2890 701 2944 centrum
724 2882 869 2962 sphaeras
894 2882 960 2943 loco
984 2881 1170 2944 intermedio.
1289 2897 1295 2907 ’

161 2975 291 3055 Sintque
321 2975 361 3049 F,
393 2973 423 3034 Η
454 2979 567 3052 puncta
598 2969 812 3033 refractionum
844 2971 882 3032 ad
915 2971 1035 3046 oculos,
1069 2971 1112 3045 E,
1142 2969 1170 3032 G

160 3074 276 3146 puncta
305 3061 521 3124 refractionem
553 3061 592 3122 ad
624 3079 686 3121 rem
718 3059 868 3121 visibilem
898 3059 927 3121 iu
955 3062 995 3121 A.
1043 3059 1173 3121 Primum

162 3154 188 3216 si
206 3154 234 3216 E
253 3160 303 3214 est
325 3159 470 3232 punctum
493 3148 694 3222 retractionis,
719 3156 752 3209 et
769 3147 821 3210 EF
840 3148 881 3210 sit
899 3147 1000 3210 radius
1023 3148 1172 3210 refractus

163 3244 201 3306 ab
224 3241 293 3314 Aa,
317 3250 390 3302 tuuc
403 3238 487 3300 AEF
511 3239 569 3301 erit
591 3257 651 3299 una
674 3236 845 3317 superficies
861 3235 954 3316 (Cap.
969 3237 1026 3306 ΙΙΙ,
1047 3237 1106 3298 defi.
1126 3235 1172 3311 2).

164 3331 227 3394 Sed
253 3328 349 3410 (Cap.
374 3328 430 3404 111,
457 3323 513 3402 16)
536 3326 621 3389 AEF
644 3325 817 3406 superficies
842 3335 891 3386 est
916 3325 1172 3406 perpendicularis

162 3440 251 3501 anper
284 3419 424 3498 globum,
457 3417 513 3478 hoc
545 3424 594 3476 est
628 3413 740 3476 transit
770 3433 825 3493 per
853 3413 869 3476 Ι
901 3422 1044 3476 centrum.
1090 3415 1172 3494 Ergo

161 3509 262 3588 ΔΕΕΙ
292 3506 416 3569 suntin
440 3525 498 3566 una
526 3503 692 3584 superficie.
740 3501 828 3572 Quod
852 3502 878 3564 si
900 3504 926 3564 F
950 3511 998 3564 est
1019 3511 1173 3583 punctum,

162 3598 191 3662 in
216 3617 275 3679 quo
289 3593 346 3657 EF
368 3593 541 3674 refringitur
559 3594 589 3654 in
606 3589 667 3666 FO,
694 3599 727 3652 et
741 3608 795 3671 per
809 3588 861 3652 FC
886 3591 969 3652 venit
983 3593 1022 3653 ad
1045 3593 1175 3655 alterum

163 3689 281 3750 oculum
301 3684 330 3745 in
347 3682 383 3758 O,
407 3701 462 3764 per
485 3683 590 3744 eadem
613 3680 704 3759 igitur
722 3677 818 3742 EFCI
843 3679 901 3742 erit
920 3699 979 3742 una
1002 3681 1175 3760 superficies

161 3777 262 3857 plana
331 3771 466 3852 Cumque
502 3770 602 3833 AEFI
634 3777 666 3831 et
696 3765 795 3831 EFCI
831 3768 1003 3847 superficies
1041 3769 1176 3832 habeant

161 3881 348 3926 communem
375 3872 493 3942 partem
516 3859 585 3922 EFI
614 3855 819 3937 superficiem:
849 3875 921 3936 ergo
944 3855 1072 3920 AEFCI
1104 3865 1175 3919 suut
1255 3834 1280 3879 Ἡ

162 3955 189 4016 in
212 3973 274 4016 una
297 3949 475 4031 superficie:
501 3957 532 4010 et
552 3947 597 4010 ΑΙ
621 3945 798 4009 continuata
820 3945 850 4006 in
870 3944 899 4006 D
923 3945 1088 4008 sectionem
1107 3964 1174 4008 cum
1391 3971 1398 4032 q

159 4041 210 4106 FC
243 4023 368 4104 incidet.
422 4039 538 4100 Eodem
575 4036 665 4115 plane
701 4035 796 4120 modo
828 4033 1117 4098 demonstrabuntur
1147 4035 1173 4096 B

160 4132 261 4194 oculos
295 4129 375 4190 alter
404 4135 436 4190 et
461 4123 600 4188 DHGAI
627 4124 656 4186 io
684 4143 744 4186 uua
776 4141 843 4184 esse
877 4122 1043 4201 superficie.
1089 4123 1224 4202 ErgoD
1254 4126 1283 4190 in
1313 4136 1439 4210 utraque
1473 4139 1522 4196 est

160 4219 334 4300 superficie,
371 4235 462 4297 quare
486 4215 542 4278 ΒΗ
566 4221 597 4276 et
621 4211 674 4275 OF
697 4217 803 4274 secant
826 4229 858 4272 se
893 4217 995 4272 mutuo
1018 4210 1048 4273 in
1072 4211 1110 4273 D.
1157 4214 1318 4297 nequeo
1342 4227 1391 4279 eet
1425 4219 1518 4294 locus,

159 4309 187 4372 in
197 4327 255 4390 quo
266 4326 323 4388 per
332 4314 491 4384 utrumque
506 4303 622 4366 oculum
637 4308 793 4381 spectatur
808 4297 907 4378 imago
922 4299 966 4360 rei
981 4319 1033 4362 seu
1047 4300 1151 4379 puncti
1165 4304 1222 4366 visi
1233 4306 1263 4367 A
1277 4303 1368 4386 (Gap.
1382 4307 1438 4382 Ill,
1454 4307 1518 4382 17).

244 4393 468 4474 Propositio
491 4393 532 4454 ΙΙ.
580 4390 694 4452 Visus
724 4389 769 4450 ad
797 4387 950 4449 multum
979 4389 1190 4470 propinqua
1218 4394 1370 4474 aegrius
1397 4398 1519 4476 respi-

157 4488 221 4564 cit,
255 4503 365 4568 quam
399 4482 444 4556 ad
473 4479 687 4544 remotiora.
732 4477 855 4539 Dictum
879 4475 958 4538 enirn
986 4487 1047 4552 est,
1072 4477 1103 4538 in
1128 4480 1242 4544 visione
1271 4483 1369 4544 renim
1392 4486 1518 4565 propin-

157 4595 280 4658 quarum
310 4569 555 4651 contorquendos
586 4585 654 4630 esse
678 4566 790 4629 oculos.
839 4561 999 4638 Contortic
1022 4574 1072 4627 ost
1095 4576 1217 4645 praeter
1251 4577 1408 4648 naturam,
1443 4591 1519 4653 quae

154 4666 247 4730 oculis
271 4663 367 4726 situm
391 4657 570 4740 parallelum
592 4655 706 4719 tribuit.
753 4653 857 4725 Quare
887 4653 1024 4733 sequitur
1053 4653 1193 4733 fatigatio
1217 4666 1250 4721 et
1272 4677 1292 4720 a
1315 4659 1421 4722 minori
1444 4679 1519 4724 coo-

153 4765 234 4818 tortu
268 4753 371 4816 minor
402 4747 553 4827 fatigatio.
600 4744 679 4808 Hinc
708 4741 902 4821 cogitabundi
935 4743 1152 4821 dignoscuntur
1184 4745 1275 4809 facile
1299 4749 1337 4810 ab
1361 4749 1518 4814 omnibus:

151 4856 253 4910 notam
285 4851 393 4906 tanim
422 4837 578 4940 iutelligit·
593 4851 691 4939 qemo.
738 4832 798 4895 Est
821 4839 924 4893 autem
947 4831 1041 4906 baec,
1073 4833 1152 4913 quod
1185 4836 1336 4900 oculorum
1369 4843 1518 4906 musculos
