3566 5536
666 338 748 406 Ceret
768 337 841 391 xxx.
1357 334 1423 404 739

93 512 194 594 quibus
226 513 406 595 singulorum
440 515 589 579 hominum
618 517 699 582 salus
727 514 888 582 consistit?
922 515 1010 588 Quod
1037 515 1128 596 igitur
1153 516 1184 578 in
1213 515 1294 579 coelo
1326 531 1420 578 novus

91 611 204 666 cometa
227 602 404 678 discurrens,
426 604 482 668 boc
505 605 597 669 sitin
622 607 722 672 Terris
744 627 838 670 novus
862 606 970 688 aliquis
993 607 1095 680 bomo,
1119 605 1169 687 qui
1192 625 1245 668 seu
1267 605 1421 685 magnitu-

93 691 155 756 dine
178 692 293 772 imperii
316 711 369 755 seu
391 693 482 757 armis
505 713 558 756 seu
582 694 722 776 dogmate
744 697 935 777 praecipuam
959 693 1088 776 aliquam
1111 695 1147 756 de
1163 713 1195 754 se
1216 695 1325 756 famam
1349 713 1423 756 cou-

92 781 269 844 eiceretur
297 789 415 846 cometa
446 790 574 860 terrore,
605 785 648 846 sic
670 787 719 850 hic
742 787 772 848 vi
799 787 886 848 illata
914 804 967 847 seu
990 785 1050 847 alia
1082 783 1253 845 calamitate
1285 801 1424 862 magnam

90 870 204 951 generis
225 870 347 933 humaui
367 879 485 951 partem
507 873 650 954 exagitet.
694 876 784 938 Anno
809 894 865 957 qno
888 880 977 938 natus
999 873 1183 948 Alexander,
1208 871 1258 952 qui
1280 871 1423 934 bellorum

92 959 204 1023 turbine
218 978 258 1022 ex
270 959 392 1041 Europa
405 962 434 1024 in
448 961 555 1024 Asiam
579 965 727 1028 translato
749 965 897 1027 maximas
920 963 1049 1026 humano
1066 962 1167 1042 generi
1188 962 1290 1024 clades
1310 960 1423 1034 intulit,

90 1048 201 1112 Plinius
225 1056 372 1112 cometam
395 1051 486 1113 fuisse
509 1051 604 1122 refert
628 1054 770 1134 xiphiam.
816 1052 906 1116 Anno
930 1059 962 1113 et
984 1070 1040 1132 quo
1069 1058 1156 1114 uatus
1179 1049 1373 1112 Mithridates
1396 1056 1427 1110 et

92 1157 144 1220 quo
166 1137 320 1219 imperium
343 1138 430 1214 adiit,
465 1139 621 1203 horribiles
650 1143 759 1206 fulsere
790 1150 935 1206 cometae.
981 1139 1015 1204 Si
1039 1146 1173 1201 cometae
1200 1139 1285 1201 coelo
1309 1138 1426 1200 discur-

90 1234 186 1290 rentes
209 1227 248 1289 ad
271 1225 404 1308 singulos
436 1230 622 1306 monarchas,
654 1232 761 1295 stellae
791 1251 886 1294 novae
910 1249 967 1293 non
995 1229 1205 1302 discurrentes,
1236 1228 1289 1290 sed
1322 1228 1426 1289 eodem

92 1316 155 1379 loco
186 1316 275 1391 fixae,
304 1317 343 1378 ad
373 1319 558 1398 respublicas
581 1338 634 1382 seu
661 1321 795 1401 integrus
817 1320 943 1402 populos
975 1318 1080 1382 referri
1111 1317 1279 1389 debebunt,
1312 1334 1364 1378 seu
1381 1316 1426 1383 ,ad

89 1404 244 1488 generales
267 1424 375 1469 causas
398 1424 612 1488 permagnam
634 1417 751 1490 partem
775 1409 893 1490 generis
917 1408 1035 1470 humani
1058 1407 1254 1488 pertinentes.

176 1499 236 1574 Qui
259 1502 337 1564 banc
359 1503 439 1566 viam
461 1503 636 1586 ingreditur,
660 1508 688 1571 is
712 1508 821 1583 eliciet,
845 1524 952 1570 novam
972 1525 1009 1568 ex
1026 1505 1083 1568 hoc
1106 1511 1240 1585 tempore
1263 1501 1426 1583 rempubli-

89 1611 153 1655 cam
187 1592 376 1669 adolesccre,
411 1594 495 1674 cujus
528 1593 651 1676 imperio
682 1597 815 1678 generali
852 1615 946 1676 regna
975 1594 1063 1658 hodie
1094 1593 1177 1656 varis
1214 1592 1426 1655 tumultuantia

89 1680 262 1761 subigantur
285 1679 374 1743 olim:
404 1692 439 1745 ut
461 1682 505 1745 ita
528 1686 654 1748 mundus
677 1685 799 1749 nimium
826 1685 976 1766 inquietus
1000 1693 1030 1745 et
1055 1685 1140 1744 ferox
1167 1681 1349 1763 aliquamdiu
1372 1681 1427 1743 sub
1548 1713 1551 1722 v
1651 1689 1657 1700 '

89 1769 176 1851 hujus
205 1769 394 1834 monarchiae
425 1773 521 1834 tutela
552 1775 755 1856 conquiescat.
801 1771 916 1847 Quodsi
951 1771 1153 1836 addiderimus
1182 1771 1322 1851 planetas
1352 1787 1426 1832 con-

87 1860 228 1941 junctos:
261 1859 496 1944 circumscriptio
520 1863 632 1926 existet
654 1865 786 1944 gemina,
819 1873 907 1945 prout
929 1863 984 1925 hos
1008 1859 1304 1925 consideraverimus.
1349 1860 1429 1922 Nam

90 1948 210 2012 silicet
236 1956 267 2011 et
296 1949 342 2011 fas
374 1956 422 2011 est
438 1950 505 2012 mei
537 1961 666 2015 mentem
694 1973 732 2016 cx
754 1959 863 2016 natura
894 1951 1022 2031 simplici
1052 1951 1240 2030 planetarum
1270 1947 1426 2028 conjicere,

90 2036 159 2119 quia
179 2045 250 2120 post
272 2037 495 2117 conjunctiones
519 2047 592 2116 tres,
616 2041 739 2106 Saturni
761 2048 794 2104 et
815 2041 916 2115 Jovis,
940 2039 1063 2104 Saturni
1086 2046 1118 2100 et
1139 2039 1262 2114 Martis,
1285 2036 1373 2100 Jovis
1397 2045 1428 2098 et
1549 2057 1553 2071 ·

89 2126 197 2190 Martis
218 2125 379 2198 mobilium,
403 2129 497 2210 etqui
515 2129 736 2212 junctisolcnt
758 2131 879 2194 turbare
904 2138 936 2193 et
949 2148 1068 2193 movere
1096 2133 1234 2190 naturam
1258 2126 1445 2196 animalem,-

25 2290 29 2299 Ι
89 2215 179 2279 altior
201 2223 233 2278 et
254 2215 363 2279 clarior
385 2217 497 2280 effulsit
518 2209 578 2282 nna
600 2221 677 2284 fixa:
707 2219 866 2302 significari
889 2219 1006 2282 videtur
1033 2216 1210 2298 simpliciter
1232 2223 1303 2297 post
1324 2215 1429 2278 turbas

89 2305 182 2387 quies.
229 2301 377 2376 Quorsum
408 2306 539 2386 pertinet
569 2308 645 2372 haec
677 2309 922 2385 circumstantia,
955 2308 1033 2390 quod
1066 2307 1158 2369 stella
1186 2325 1244 2368 nou
1274 2305 1303 2367 in
1332 2304 1429 2384 ipsum

87 2394 303 2475 conjunctionis
325 2395 431 2470 locum,
455 2397 509 2457 sed
532 2398 622 2478 paulo
646 2408 716 2461 ante
739 2397 857 2467 incidit,
881 2397 997 2460 scilicet
1019 2415 1057 2459 ne
1079 2415 1195 2459 rursum
1222 2393 1323 2476 aliqua
1345 2395 1430 2456 tieret

87 2483 256 2566 conjunctio
278 2483 383 2546 Novae
406 2502 473 2547 cum
497 2485 611 2548 duobus
634 2487 790 2567 planetis?
822 2485 874 2548 Sic
903 2493 933 2547 st
962 2485 1105 2548 articulus
1136 2485 1258 2546 ultimae
1286 2482 1428 2562 conjunc·
1467 2487 1478 2494 “

87 2573 178 2636 tionis
197 2572 263 2652 jam
286 2571 468 2648 transierat3
493 2575 549 2637 fuit
572 2573 650 2636 enirn
672 2573 703 2637 in
726 2575 848 2638 meridie
872 2575 931 2637 diei
953 2572 984 2638 9.
1010 2573 1165 2648 Octobris,
1194 2590 1261 2634 cum
1284 2577 1427 2652 sequente

86 2678 216 2742 vespera
237 2660 417 2724 Maestlinns
441 2663 570 2725 nondum
597 2663 777 2743 flagrantem
798 2663 910 2726 viderit
936 2663 1067 2726 stellam.
1112 2661 1180 2724 Hac
1207 2661 1310 2742 itaque
1338 2660 1429 2724 stella

87 2749 187 2812 indice
867 2812 869 2818 .

404 2837 432 2893 Si
454 2855 508 2912 qua
527 2845 640 2896 manent
659 2841 772 2897 sceleris
791 2841 914 2914 vestigia
933 2839 1027 2904 noemi,

404 2919 486 2976 Irrita
506 2927 644 2991 perpetua
664 2923 774 2979 solvent
796 2921 938 2977 formidine
958 2927 1059 2977 terrae

84 3015 144 3079 ffis
177 3013 286 3097 quippe
317 3012 454 3078 versibus
486 3015 639 3097 Vergilius
671 3017 822 3081 tollendos
854 3025 953 3082 motus
985 3016 1088 3080 civiles
1120 3021 1151 3077 et
1181 3014 1250 3095 ipsa
1284 3013 1429 3078 malorum

85 3103 204 3168 semina
225 3102 371 3166 radicitus
395 3103 590 3184 exstirpanda
607 3106 712 3170 innuit.
750 3107 830 3170 Nam
844 3107 979 3171 Pollione
1003 3105 1134 3174 consule,
1157 3105 1301 3187 adquam
1324 3103 1429 3166 scribit

85 3193 256 3274 Virgilius:
284 3203 394 3274 „Teque
408 3205 477 3258 adeo
492 3205 573 3260 decus
595 3207 648 3260 hcc
666 3206 737 3272 aeri,
752 3213 782 3262 te
802 3206 923 3272 consule,
944 3204 1033 3272 inibit,
1048 3203 1137 3260 Pollio
1148 3203 1173 3260 :“
1197 3192 1281 3256 initio
1301 3193 1428 3256 aestatis

88 3282 206 3348 Caesar
233 3289 266 3345 et
292 3281 443 3344 Antonius
474 3301 550 3366 pace
582 3284 665 3348 lacta
696 3283 825 3348 Romam
857 3286 1006 3348 intrarunt
1037 3283 1144 3358 amici;
1177 3281 1296 3365 quantis
1327 3281 1429 3363 populi

86 3371 211 3450 studiis,
245 3388 332 3453 quarn
359 3371 468 3433 faustis
496 3373 774 3446 acclamationibus,
806 3393 844 3438 ex
865 3374 961 3437 Dione
989 3373 1091 3436 videre
1119 3378 1186 3447 est;
1219 3389 1341 3452 quarum
1369 3391 1429 3434 nna

86 3469 138 3524 est
164 3461 240 3524 haec
272 3478 387 3541 quoqne
410 3459 582 3542 Virgiliana
609 3463 649 3526 ad
670 3463 846 3527 Pollionem.
893 3461 1040 3526 Saturnus
1073 3470 1172 3525 tamen
1205 3467 1275 3523 ante
1307 3461 1428 3523 stellam

85 3550 211 3613 relictus
235 3550 316 3612 iutra
338 3550 411 3612 dnos
435 3569 553 3613 menses
575 3550 620 3614 illi
639 3553 761 3633 junctus
784 3561 851 3616 est:
875 3551 960 3633 quasi
983 3559 1015 3614 et
1036 3552 1093 3615 hoc
1116 3551 1243 3614 dixisset
1265 3549 1426 3631 Virgilius:

89 3641 204 3706 „Pauca
221 3645 315 3698 tarnen
334 3641 468 3696 mberrmt
486 3643 595 3714 priscae
614 3643 737 3716 vestigia
756 3642 888 3701 stands.“

178 3717 232 3781 Sin
257 3727 358 3781 autam
385 3719 440 3782 hoo
471 3722 648 3802 recipimus,
679 3723 776 3786 Deum
800 3725 838 3786 ad
869 3719 1064 3803 astrologiam
1095 3721 1284 3801 respexisse,
1314 3724 1349 3780 ut
1376 3717 1431 3779 illa

86 3808 202 3873 usitate
230 3807 354 3870 discitur
377 3816 409 3870 et
430 3817 585 3874 exercetur
614 3812 692 3874 inter
723 3813 855 3875 homines
880 3811 942 3887 (cui
969 3808 1137 3873 sententiae
1168 3811 1251 3872 favet
1273 3806 1317 3883 id,
1350 3807 1430 3888 quod

87 3898 168 3979 Cap.
191 3896 295 3961 XXV.
320 3895 400 3959 dixi:
433 3898 527 3961 videri
550 3901 708 3990 praecipue
737 3903 920 3965 astronomis
942 3899 1097 3962 iucensam
1123 3917 1210 3961 esse:
1245 3896 1314 3978 quia
1336 3896 1426 3976 vulgo

85 4009 148 4052 uon
172 3987 216 4052 ita
240 3987 328 4048 facile
351 3987 448 4049 nomri
470 3988 577 4067 potuit,
599 3996 635 4051 nt
656 3989 736 4070 prior
759 3991 813 4052 illa
836 3990 906 4053 anni
926 3986 1036 4064 1572),
1055 3987 1119 4067 jam
1141 3986 1216 4050 baec
1240 3986 1331 4048 stella
1351 3983 1425 4046 nibil

86 4077 172 4142 aliud
196 4075 302 4150 fuerit,
333 4075 392 4138 uisi
415 4075 584 4159 obsignatio
617 4079 763 4159 quaedam
790 4077 1006 4158 conjunctionis
1038 4093 1166 4155 maguae
1189 4084 1222 4139 et
1244 4074 1429 4138 confirmatio

86 4165 222 4230 omnium
245 4165 378 4240 illorum,
402 4184 478 4246 quae
502 4167 649 4247 astrologi
671 4167 800 4229 maxime
829 4166 920 4230 sobrii
943 4185 981 4228 ex
1003 4166 1172 4245 praeceptis
1196 4165 1270 4228 artis
1295 4165 1331 4226 de
1355 4182 1429 4226 con-

81 4254 240 4340 Juuctione
269 4271 379 4335 magna
410 4255 567 4332 dixerunt,
600 4274 723 4336 quorum
753 4255 853 4336 aliqua
883 4256 963 4318 infra
992 4255 1166 4319 videbimus.
1218 4256 1324 4336 Itaque
1355 4271 1429 4333 quac

87 4344 167 4426 Gap.
191 4343 309 4407 XXIX.
334 4363 372 4406 ex
394 4353 503 4408 natura
524 4347 605 4408 nuda
626 4343 835 4421 refutavimus,
860 4363 897 4408 ea
919 4363 1043 4407 accessu
1070 4344 1178 4407 stellae
1200 4362 1254 4426 per
1276 4343 1332 4405 hoc
1354 4363 1427 4421 μιγα

86 4437 154 4498 liar
175 4433 283 4512 cirppoe
305 4431 353 4496 hic
375 4452 477 4496 rursus
500 4437 753 4498 confirmarentur.
798 4434 877 4498 Nam
900 4434 972 4497 nihil
1000 4434 1171 4497 incredibile
1202 4433 1339 4514 amplius,
1362 4431 1427 4512 pri·

87 4543 171 4586 mum
192 4531 282 4604 atque
305 4523 469 4585 advocatur
485 4529 562 4596 θιος
579 4523 641 4587 duo
655 4545 791 4606 μηχανης.
828 4524 924 4604 Igitur
948 4531 979 4585 et
998 4531 1122 4607 tempus·
1138 4523 1348 4585 decerneretur
1365 4518 1430 4584 200

89 4631 267 4695 annorum„
282 4619 314 4674 et
336 4612 433 4686 locus,
461 4612 633 4694 Hungaria,
660 4613 814 4688 Moravia,
846 4613 1012 4694 Hispania,
1046 4631 1121 4694 quas
1153 4613 1208 4675 sub
1231 4611 1428 4693 Sagittarium

88 4703 278 4765 referuntur:
310 4701 465 4782 imperium
494 4722 566 4766 vero
588 4703 755 4766 Romanum
778 4711 831 4766 aut
861 4710 928 4766 tota
952 4701 1128 4767 Christiana
1157 4702 1289 4783 respubl.
1323 4719 1361 4763 ex
1383 4717 1429 4774 eo,

91 4791 182 4872 quod,
205 4799 239 4854 ut
259 4791 334 4854 baec
357 4800 427 4854 sunt
449 4795 611 4875 praecipua
633 4793 725 4856 totius
749 4792 829 4856 orbis
849 4794 982 4876 imperia,
1006 4791 1050 4854 sic
1064 4789 1247 4872 Sagittarius
1270 4791 1326 4854 boc
1349 4797 1429 4854 tern-

90 4899 166 4961 pore
188 4880 364 4963 praecipuus
386 4881 462 4944 coeli
485 4883 577 4959 locus,
602 4891 635 4946 ut
653 4883 682 4945 iu
702 4901 758 4965 quo
781 4882 897 4945 initium
920 4881 1029 4964 trigoni
1052 4882 1132 4962 ignei
1155 4890 1186 4944 et
1203 4882 1344 4962 planetae
1367 4889 1430 4945 tres

1163 4982 1220 5038 ⁴7·
