<?xml version="1.0" encoding="UTF-8"?>
<!DOCTYPE html PUBLIC "-//W3C//DTD XHTML 1.0 Transitional//EN"
    "http://www.w3.org/TR/xhtml1/DTD/xhtml1-transitional.dtd">
<html xmlns="http://www.w3.org/1999/xhtml" xml:lang="en" lang="en">
 <head>
  <title>
</title>
<meta http-equiv="Content-Type" content="text/html;charset=utf-8" />
  <meta name='ocr-system' content='tesseract 3.04.00' />
  <meta name='ocr-capabilities' content='ocr_page ocr_carea ocr_par ocr_line ocrx_word'/>
</head>
<body>
  <div class='ocr_page' id='page_1' title='image "./joanniskepleria02unkngoog/joanniskepleria02unkngoog_0508.png"; bbox 0 0 3648 5530; ppageno 0'>
   <div class='ocr_carea' id='block_1_1' title="bbox 594 289 1495 360">
    <p class='ocr_par' dir='ltr' id='par_1_1' title="bbox 594 289 1495 360">
     <span class='ocr_line' id='line_1_1' title="bbox 594 289 1495 360; baseline -0.003 -14"><span class='ocrx_word' id='word_1_1' title='bbox 594 313 617 327; x_wconf 56' lang='grc' dir='ltr'><strong>«ι</strong></span> <span class='ocrx_word' id='word_1_2' title='bbox 640 289 1010 346; x_wconf 64' lang='lat' dir='ltr'><strong>namuurum</strong></span> <span class='ocrx_word' id='word_1_3' title='bbox 1429 289 1495 360; x_wconf 72' lang='lat' dir='ltr'><strong>m</strong></span> 
     </span>
    </p>
   </div>
   <div class='ocr_carea' id='block_1_2' title="bbox 137 466 1506 4917">
    <p class='ocr_par' dir='ltr' id='par_1_2' title="bbox 137 466 1506 4917">
     <span class='ocr_line' id='line_1_2' title="bbox 137 466 1495 550; baseline 0 -16"><span class='ocrx_word' id='word_1_4' title='bbox 137 471 197 534; x_wconf 77' lang='lat' dir='ltr'><strong>bat</strong></span> <span class='ocrx_word' id='word_1_5' title='bbox 217 466 344 544; x_wconf 75' lang='lat' dir='ltr'><strong>Onetor,</strong></span> <span class='ocrx_word' id='word_1_6' title='bbox 368 487 422 548; x_wconf 77' lang='lat' dir='ltr'><strong>pes</strong></span> <span class='ocrx_word' id='word_1_7' title='bbox 443 469 626 550; x_wconf 79' lang='lat' dir='ltr'><strong>specuic³et</strong></span> <span class='ocrx_word' id='word_1_8' title='bbox 646 469 773 550; x_wconf 80' lang='lat' dir='ltr'><strong>speuiiit</strong></span> <span class='ocrx_word' id='word_1_9' title='bbox 793 469 932 546; x_wconf 64' lang='lat' dir='ltr'><strong>dicere,</strong></span> <span class='ocrx_word' id='word_1_10' title='bbox 960 475 995 533; x_wconf 90' lang='grc' dir='ltr'><strong>ιιι</strong></span> <span class='ocrx_word' id='word_1_11' title='bbox 1016 470 1125 534; x_wconf 78' lang='lat' dir='ltr'><strong>literne</strong></span> <span class='ocrx_word' id='word_1_12' title='bbox 1147 471 1373 534; x_wconf 75' lang='lat' dir='ltr'><strong>minutissimae</strong></span> <span class='ocrx_word' id='word_1_13' title='bbox 1390 473 1495 536; x_wconf 82' lang='lat' dir='ltr'><strong>multis</strong></span> 
     </span>
     <span class='ocr_line' id='line_1_3' title="bbox 137 557 1493 639; baseline -0.001 -15"><span class='ocrx_word' id='word_1_14' title='bbox 137 557 317 624; x_wconf 81' lang='lat' dir='ltr'><strong>milliaribus</strong></span> <span class='ocrx_word' id='word_1_15' title='bbox 331 566 468 623; x_wconf 80' lang='lat' dir='ltr'><strong>remotae</strong></span> <span class='ocrx_word' id='word_1_16' title='bbox 490 559 738 639; x_wconf 73' lang='lat' dir='ltr'><strong>detegerentur,</strong></span> <span class='ocrx_word' id='word_1_17' title='bbox 764 561 1051 639; x_wconf 79' lang='lat' dir='ltr'><strong>sosipraeseutes</strong></span> <span class='ocrx_word' id='word_1_18' title='bbox 1076 567 1188 626; x_wconf 86' lang='lat' dir='ltr'><strong>essent.</strong></span> <span class='ocrx_word' id='word_1_19' title='bbox 1236 561 1277 624; x_wconf 82' lang='lat' dir='ltr'><strong>Et</strong></span> <span class='ocrx_word' id='word_1_20' title='bbox 1300 569 1334 623; x_wconf 91' lang='grc' dir='ltr'><strong>ιιι</strong></span> <span class='ocrx_word' id='word_1_21' title='bbox 1358 562 1397 622; x_wconf 84' lang='lat' dir='ltr'><strong>ad</strong></span> <span class='ocrx_word' id='word_1_22' title='bbox 1420 579 1493 624; x_wconf 80' lang='lat' dir='ltr'><strong>coe-</strong></span> 
     </span>
     <span class='ocr_line' id='line_1_4' title="bbox 139 647 1493 731; baseline 0 -19"><span class='ocrx_word' id='word_1_23' title='bbox 139 648 231 712; x_wconf 79' lang='lat' dir='ltr'><strong>lestis</strong></span> <span class='ocrx_word' id='word_1_24' title='bbox 254 647 331 710; x_wconf 87' lang='lat' dir='ltr'><strong>baec</strong></span> <span class='ocrx_word' id='word_1_25' title='bbox 354 648 597 731; x_wconf 60' lang='lat' dir='ltr'><strong>wconmocaa:</strong></span> <span class='ocrx_word' id='word_1_26' title='bbox 620 649 739 728; x_wconf 79' lang='lat' dir='ltr'><strong>speciiii</strong></span> <span class='ocrx_word' id='word_1_27' title='bbox 762 648 851 729; x_wconf 69' lang='lat' dir='ltr'><strong>hujus</strong></span> <span class='ocrx_word' id='word_1_28' title='bbox 875 650 991 712; x_wconf 67' lang='lat' dir='ltr'><strong>{abaco</strong></span> <span class='ocrx_word' id='word_1_29' title='bbox 1021 649 1128 712; x_wconf 88' lang='lat' dir='ltr'><strong>nititur</strong></span> <span class='ocrx_word' id='word_1_30' title='bbox 1165 649 1334 727; x_wconf 75' lang='lat' dir='ltr'><strong>cujusmodi</strong></span> <span class='ocrx_word' id='word_1_31' title='bbox 1367 667 1493 729; x_wconf 72' lang='lat' dir='ltr'><strong>geome-</strong></span> 
     </span>
     <span class='ocr_line' id='line_1_5' title="bbox 139 736 1494 818; baseline 0.001 -17"><span class='ocrx_word' id='word_1_32' title='bbox 139 736 225 807; x_wconf 76' lang='lat' dir='ltr'><strong>tricis</strong></span> <span class='ocrx_word' id='word_1_33' title='bbox 255 736 427 818; x_wconf 81' lang='lat' dir='ltr'><strong>principiis,</strong></span> <span class='ocrx_word' id='word_1_34' title='bbox 463 745 497 800; x_wconf 90' lang='lat' dir='ltr'><strong>ut</strong></span> <span class='ocrx_word' id='word_1_35' title='bbox 532 739 633 816; x_wconf 73' lang='lat' dir='ltr'><strong>quoad</strong></span> <span class='ocrx_word' id='word_1_36' title='bbox 663 739 802 800; x_wconf 70' lang='lat' dir='ltr'><strong>effoetum</strong></span> <span class='ocrx_word' id='word_1_37' title='bbox 829 738 963 802; x_wconf 72' lang='lat' dir='ltr'><strong>insuite·</strong></span> <span class='ocrx_word' id='word_1_38' title='bbox 980 737 1081 801; x_wconf 78' lang='lat' dir='ltr'><strong>videri·</strong></span> <span class='ocrx_word' id='word_1_39' title='bbox 1103 737 1213 818; x_wconf 82' lang='lat' dir='ltr'><strong>possit.</strong></span> <span class='ocrx_word' id='word_1_40' title='bbox 1259 739 1327 801; x_wconf 87' lang='lat' dir='ltr'><strong>Non</strong></span> <span class='ocrx_word' id='word_1_41' title='bbox 1351 740 1494 802; x_wconf 81' lang='lat' dir='ltr'><strong>existimo</strong></span> 
     </span>
     <span class='ocr_line' id='line_1_6' title="bbox 140 825 1496 907; baseline -0.001 -14"><span class='ocrx_word' id='word_1_42' title='bbox 140 835 260 901; x_wconf 68' lang='lat' dir='ltr'><strong>mmet,</strong></span> <span class='ocrx_word' id='word_1_43' title='bbox 293 834 328 892; x_wconf 87' lang='lat' dir='ltr'><strong>ub</strong></span> <span class='ocrx_word' id='word_1_44' title='bbox 349 834 473 890; x_wconf 77' lang='lat' dir='ltr'><strong>niobtes</strong></span> <span class='ocrx_word' id='word_1_45' title='bbox 490 825 521 890; x_wconf 90' lang='lat' dir='ltr'><strong>in</strong></span> <span class='ocrx_word' id='word_1_46' title='bbox 544 827 633 890; x_wconf 87' lang='lat' dir='ltr'><strong>Luna</strong></span> <span class='ocrx_word' id='word_1_47' title='bbox 665 834 696 888; x_wconf 89' lang='lat' dir='ltr'><strong>et</strong></span> <span class='ocrx_word' id='word_1_48' title='bbox 726 826 840 902; x_wconf 85' lang='lat' dir='ltr'><strong>valiso,</strong></span> <span class='ocrx_word' id='word_1_49' title='bbox 874 827 918 890; x_wconf 88' lang='lat' dir='ltr'><strong>sic</strong></span> <span class='ocrx_word' id='word_1_50' title='bbox 947 828 1071 890; x_wconf 78' lang='lat' dir='ltr'><strong>arbores</strong></span> <span class='ocrx_word' id='word_1_51' title='bbox 1101 845 1217 907; x_wconf 86' lang='lat' dir='ltr'><strong>quoque</strong></span> <span class='ocrx_word' id='word_1_52' title='bbox 1251 837 1282 888; x_wconf 90' lang='lat' dir='ltr'><strong>et</strong></span> <span class='ocrx_word' id='word_1_53' title='bbox 1310 845 1414 889; x_wconf 86' lang='lat' dir='ltr'><strong>cervos</strong></span> <span class='ocrx_word' id='word_1_54' title='bbox 1442 835 1496 892; x_wconf 83' lang='lat' dir='ltr'><strong>aut</strong></span> 
     </span>
     <span class='ocr_line' id='line_1_7' title="bbox 141 915 1496 996; baseline -0.003 -13"><span class='ocrx_word' id='word_1_55' title='bbox 141 933 244 983; x_wconf 66' lang='lat' dir='ltr'><strong>uerec-</strong></span> <span class='ocrx_word' id='word_1_56' title='bbox 268 915 300 978; x_wconf 80' lang='lat' dir='ltr'><strong>io</strong></span> <span class='ocrx_word' id='word_1_57' title='bbox 322 915 453 980; x_wconf 50' lang='lat' dir='ltr'><strong>&#39;incubus</strong></span> <span class='ocrx_word' id='word_1_58' title='bbox 484 916 522 978; x_wconf 88' lang='lat' dir='ltr'><strong>iis</strong></span> <span class='ocrx_word' id='word_1_59' title='bbox 554 915 710 978; x_wconf 79' lang='lat' dir='ltr'><strong>fluitantes</strong></span> <span class='ocrx_word' id='word_1_60' title='bbox 734 916 813 978; x_wconf 87' lang='lat' dir='ltr'><strong>oiim</strong></span> <span class='ocrx_word' id='word_1_61' title='bbox 836 924 1097 996; x_wconf 59' lang='lat' dir='ltr'><strong>repaesentatum</strong></span> <span class='ocrx_word' id='word_1_62' title='bbox 1118 916 1165 978; x_wconf 85' lang='lat' dir='ltr'><strong>iri.</strong></span> <span class='ocrx_word' id='word_1_63' title='bbox 1213 917 1400 996; x_wconf 79' lang='lat' dir='ltr'><strong>Argumeuto</strong></span> <span class='ocrx_word' id='word_1_64' title='bbox 1425 925 1496 980; x_wconf 88' lang='lat' dir='ltr'><strong>utor</strong></span> 
     </span>
     <span class='ocr_line' id='line_1_8' title="bbox 141 1004 1496 1085; baseline 0 -17"><span class='ocrx_word' id='word_1_65' title='bbox 141 1006 247 1071; x_wconf 76' lang='lat' dir='ltr'><strong>eodan</strong></span> <span class='ocrx_word' id='word_1_66' title='bbox 269 1015 328 1084; x_wconf 83' lang='lat' dir='ltr'><strong>quo</strong></span> <span class='ocrx_word' id='word_1_67' title='bbox 351 1004 441 1068; x_wconf 83' lang='lat' dir='ltr'><strong>olim·</strong></span> <span class='ocrx_word' id='word_1_68' title='bbox 478 1004 561 1066; x_wconf 83' lang='lat' dir='ltr'><strong>Nem</strong></span> <span class='ocrx_word' id='word_1_69' title='bbox 583 1012 617 1065; x_wconf 91' lang='lat' dir='ltr'><strong>ut</strong></span> <span class='ocrx_word' id='word_1_70' title='bbox 640 1004 720 1066; x_wconf 79' lang='lat' dir='ltr'><strong>atris</strong></span> <span class='ocrx_word' id='word_1_71' title='bbox 738 1005 795 1066; x_wconf 72' lang='lat' dir='ltr'><strong>uic.</strong></span> <span class='ocrx_word' id='word_1_72' title='bbox 811 1005 943 1066; x_wconf 84' lang='lat' dir='ltr'><strong>aetheris</strong></span> <span class='ocrx_word' id='word_1_73' title='bbox 967 1023 1097 1085; x_wconf 88' lang='lat' dir='ltr'><strong>quoqne,</strong></span> <span class='ocrx_word' id='word_1_74' title='bbox 1127 1005 1153 1067; x_wconf 90' lang='lat' dir='ltr'><strong>si</strong></span> <span class='ocrx_word' id='word_1_75' title='bbox 1183 1006 1283 1068; x_wconf 77' lang='lat' dir='ltr'><strong>modo·</strong></span> <span class='ocrx_word' id='word_1_76' title='bbox 1303 1024 1412 1084; x_wconf 84' lang='lat' dir='ltr'><strong>eorpus</strong></span> <span class='ocrx_word' id='word_1_77' title='bbox 1437 1015 1496 1080; x_wconf 83' lang='lat' dir='ltr'><strong>est,</strong></span> 
     </span>
     <span class='ocr_line' id='line_1_9' title="bbox 140 1093 1496 1174; baseline 0 -17"><span class='ocrx_word' id='word_1_78' title='bbox 140 1094 251 1174; x_wconf 77' lang='lat' dir='ltr'><strong>aliquis</strong></span> <span class='ocrx_word' id='word_1_79' title='bbox 274 1093 446 1173; x_wconf 74' lang='lat' dir='ltr'><strong>necessario</strong></span> <span class='ocrx_word' id='word_1_80' title='bbox 471 1093 553 1156; x_wconf 81' lang='lat' dir='ltr'><strong>color</strong></span> <span class='ocrx_word' id='word_1_81' title='bbox 585 1101 653 1156; x_wconf 87' lang='lat' dir='ltr'><strong>est:</strong></span> <span class='ocrx_word' id='word_1_82' title='bbox 687 1113 774 1174; x_wconf 85' lang='lat' dir='ltr'><strong>quem</strong></span> <span class='ocrx_word' id='word_1_83' title='bbox 807 1095 837 1156; x_wconf 82' lang='lat' dir='ltr'><strong>si</strong></span> <span class='ocrx_word' id='word_1_84' title='bbox 858 1095 954 1156; x_wconf 83' lang='lat' dir='ltr'><strong>lumen</strong></span> <span class='ocrx_word' id='word_1_85' title='bbox 979 1095 1166 1156; x_wconf 76' lang='lat' dir='ltr'><strong>stellatorum</strong></span> <span class='ocrx_word' id='word_1_86' title='bbox 1191 1093 1334 1174; x_wconf 82' lang='lat' dir='ltr'><strong>Solisque</strong></span> <span class='ocrx_word' id='word_1_87' title='bbox 1356 1095 1385 1156; x_wconf 89' lang='lat' dir='ltr'><strong>in</strong></span> <span class='ocrx_word' id='word_1_88' title='bbox 1408 1095 1496 1158; x_wconf 68' lang='lat' dir='ltr'><strong>Inna</strong></span> 
     </span>
     <span class='ocr_line' id='line_1_10' title="bbox 141 1182 1495 1262; baseline 0 -16"><span class='ocrx_word' id='word_1_89' title='bbox 141 1184 286 1246; x_wconf 74' lang='lat' dir='ltr'><strong>reflexum</strong></span> <span class='ocrx_word' id='word_1_90' title='bbox 309 1189 455 1262; x_wconf 77' lang='lat' dir='ltr'><strong>cuperat„</strong></span> <span class='ocrx_word' id='word_1_91' title='bbox 486 1191 520 1244; x_wconf 80' lang='lat' dir='ltr'><strong>nt</strong></span> <span class='ocrx_word' id='word_1_92' title='bbox 542 1199 603 1244; x_wconf 88' lang='lat' dir='ltr'><strong>uon</strong></span> <span class='ocrx_word' id='word_1_93' title='bbox 626 1183 781 1262; x_wconf 79' lang='lat' dir='ltr'><strong>superabit</strong></span> <span class='ocrx_word' id='word_1_94' title='bbox 810 1183 1010 1246; x_wconf 84' lang='lat' dir='ltr'><strong>minutissimo</strong></span> <span class='ocrx_word' id='word_1_95' title='bbox 1042 1182 1085 1245; x_wconf 92' lang='lat' dir='ltr'><strong>rei</strong></span> <span class='ocrx_word' id='word_1_96' title='bbox 1118 1184 1226 1246; x_wconf 84' lang='lat' dir='ltr'><strong>locuta.</strong></span> <span class='ocrx_word' id='word_1_97' title='bbox 1272 1184 1383 1246; x_wconf 84' lang='lat' dir='ltr'><strong>Eorum</strong></span> <span class='ocrx_word' id='word_1_98' title='bbox 1408 1184 1495 1260; x_wconf 86' lang='lat' dir='ltr'><strong>enim,</strong></span> 
     </span>
     <span class='ocr_line' id='line_1_11' title="bbox 141 1271 1498 1353; baseline -0.001 -17"><span class='ocrx_word' id='word_1_99' title='bbox 141 1286 219 1352; x_wconf 77' lang='lat' dir='ltr'><strong>quse</strong></span> <span class='ocrx_word' id='word_1_100' title='bbox 242 1278 316 1336; x_wconf 83' lang='lat' dir='ltr'><strong>eunt</strong></span> <span class='ocrx_word' id='word_1_101' title='bbox 338 1271 471 1352; x_wconf 84' lang='lat' dir='ltr'><strong>ejusdem</strong></span> <span class='ocrx_word' id='word_1_102' title='bbox 494 1272 631 1350; x_wconf 79' lang='lat' dir='ltr'><strong>generis,</strong></span> <span class='ocrx_word' id='word_1_103' title='bbox 656 1279 690 1334; x_wconf 90' lang='lat' dir='ltr'><strong>ut</strong></span> <span class='ocrx_word' id='word_1_104' title='bbox 712 1271 821 1334; x_wconf 82' lang='lat' dir='ltr'><strong>coloris</strong></span> <span class='ocrx_word' id='word_1_105' title='bbox 845 1273 874 1334; x_wconf 91' lang='lat' dir='ltr'><strong>io</strong></span> <span class='ocrx_word' id='word_1_106' title='bbox 898 1272 1020 1334; x_wconf 82' lang='lat' dir='ltr'><strong>aethere</strong></span> <span class='ocrx_word' id='word_1_107' title='bbox 1045 1279 1077 1334; x_wconf 91' lang='lat' dir='ltr'><strong>et</strong></span> <span class='ocrx_word' id='word_1_108' title='bbox 1099 1272 1208 1336; x_wconf 79' lang='lat' dir='ltr'><strong>eoloris</strong></span> <span class='ocrx_word' id='word_1_109' title='bbox 1231 1272 1261 1334; x_wconf 90' lang='lat' dir='ltr'><strong>in</strong></span> <span class='ocrx_word' id='word_1_110' title='bbox 1284 1272 1498 1353; x_wconf 86' lang='lat' dir='ltr'><strong>superficiebus</strong></span> 
     </span>
     <span class='ocr_line' id='line_1_12' title="bbox 143 1360 1497 1442; baseline 0.001 -20"><span class='ocrx_word' id='word_1_111' title='bbox 143 1363 306 1422; x_wconf 81' lang='lat' dir='ltr'><strong>densarum</strong></span> <span class='ocrx_word' id='word_1_112' title='bbox 329 1369 534 1422; x_wconf 83' lang='lat' dir='ltr'><strong>creaturarum</strong></span> <span class='ocrx_word' id='word_1_113' title='bbox 560 1360 714 1436; x_wconf 85' lang='lat' dir='ltr'><strong>lunarium,</strong></span> <span class='ocrx_word' id='word_1_114' title='bbox 747 1361 900 1441; x_wconf 81' lang='lat' dir='ltr'><strong>proportio</strong></span> <span class='ocrx_word' id='word_1_115' title='bbox 922 1368 1028 1424; x_wconf 80' lang='lat' dir='ltr'><strong>mutua</strong></span> <span class='ocrx_word' id='word_1_116' title='bbox 1058 1361 1167 1424; x_wconf 84' lang='lat' dir='ltr'><strong>inverti</strong></span> <span class='ocrx_word' id='word_1_117' title='bbox 1196 1367 1301 1442; x_wconf 84' lang='lat' dir='ltr'><strong>potest</strong></span> <span class='ocrx_word' id='word_1_118' title='bbox 1331 1361 1497 1424; x_wconf 84' lang='lat' dir='ltr'><strong>continenti</strong></span> 
     </span>
     <span class='ocr_line' id='line_1_13' title="bbox 141 1449 1497 1530; baseline -0.003 -14"><span class='ocrx_word' id='word_1_119' title='bbox 141 1450 268 1516; x_wconf 68' lang='lat' dir='ltr'><strong>nicorio</strong></span> <span class='ocrx_word' id='word_1_120' title='bbox 292 1451 434 1514; x_wconf 82' lang='lat' dir='ltr'><strong>auctione</strong></span> <span class='ocrx_word' id='word_1_121' title='bbox 456 1457 509 1512; x_wconf 88' lang='lat' dir='ltr'><strong>ont</strong></span> <span class='ocrx_word' id='word_1_122' title='bbox 531 1450 654 1529; x_wconf 76' lang='lat' dir='ltr'><strong>majoris</strong></span> <span class='ocrx_word' id='word_1_123' title='bbox 677 1449 881 1514; x_wconf 69' lang='lat' dir='ltr'>diminutione.</span> <span class='ocrx_word' id='word_1_124' title='bbox 933 1449 994 1512; x_wconf 90' lang='lat' dir='ltr'><strong>Sed</strong></span> <span class='ocrx_word' id='word_1_125' title='bbox 1024 1451 1102 1512; x_wconf 84' lang='lat' dir='ltr'><strong>eddo</strong></span> <span class='ocrx_word' id='word_1_126' title='bbox 1126 1452 1309 1514; x_wconf 73' lang='lat' dir='ltr'><strong>scottorum</strong></span> <span class='ocrx_word' id='word_1_127' title='bbox 1334 1469 1497 1530; x_wconf 78' lang='lat' dir='ltr'><strong>argomen-</strong></span> 
     </span>
     <span class='ocr_line' id='line_1_14' title="bbox 141 1538 1499 1619; baseline 0 -17"><span class='ocrx_word' id='word_1_128' title='bbox 141 1548 218 1602; x_wconf 85' lang='lat' dir='ltr'><strong>tum.</strong></span> <span class='ocrx_word' id='word_1_129' title='bbox 265 1538 334 1602; x_wconf 75' lang='lat' dir='ltr'><strong>Etsi</strong></span> <span class='ocrx_word' id='word_1_130' title='bbox 355 1547 521 1619; x_wconf 81' lang='lat' dir='ltr'><strong>praecepta</strong></span> <span class='ocrx_word' id='word_1_131' title='bbox 545 1538 654 1600; x_wconf 84' lang='lat' dir='ltr'><strong>docent</strong></span> <span class='ocrx_word' id='word_1_132' title='bbox 677 1539 823 1602; x_wconf 72' lang='lat' dir='ltr'><strong>fabricam</strong></span> <span class='ocrx_word' id='word_1_133' title='bbox 846 1539 890 1601; x_wconf 86' lang='lat' dir='ltr'><strong>cio</strong></span> <span class='ocrx_word' id='word_1_134' title='bbox 923 1540 1049 1615; x_wconf 88' lang='lat' dir='ltr'><strong>instrui,</strong></span> <span class='ocrx_word' id='word_1_135' title='bbox 1082 1547 1117 1600; x_wconf 92' lang='lat' dir='ltr'><strong>ut</strong></span> <span class='ocrx_word' id='word_1_136' title='bbox 1146 1540 1273 1602; x_wconf 77' lang='lat' dir='ltr'><strong>edectns</strong></span> <span class='ocrx_word' id='word_1_137' title='bbox 1296 1540 1327 1602; x_wconf 92' lang='lat' dir='ltr'><strong>in</strong></span> <span class='ocrx_word' id='word_1_138' title='bbox 1351 1539 1499 1602; x_wconf 84' lang='lat' dir='ltr'><strong>infinitum</strong></span> 
     </span>
     <span class='ocr_line' id='line_1_15' title="bbox 140 1627 1497 1709; baseline -0.003 -15"><span class='ocrx_word' id='word_1_139' title='bbox 140 1639 238 1709; x_wconf 82' lang='lat' dir='ltr'><strong>mque</strong></span> <span class='ocrx_word' id='word_1_140' title='bbox 260 1627 486 1709; x_wconf 72' lang='lat' dir='ltr'><strong>multiplicetur,</strong></span> <span class='ocrx_word' id='word_1_141' title='bbox 507 1645 616 1690; x_wconf 84' lang='lat' dir='ltr'><strong>manus</strong></span> <span class='ocrx_word' id='word_1_142' title='bbox 638 1635 741 1690; x_wconf 82' lang='lat' dir='ltr'><strong>tamon</strong></span> <span class='ocrx_word' id='word_1_143' title='bbox 764 1629 889 1690; x_wconf 77' lang='lat' dir='ltr'><strong>artificis</strong></span> <span class='ocrx_word' id='word_1_144' title='bbox 921 1647 980 1690; x_wconf 89' lang='lat' dir='ltr'><strong>noo</strong></span> <span class='ocrx_word' id='word_1_145' title='bbox 1011 1648 1046 1690; x_wconf 91' lang='lat' dir='ltr'><strong>eo</strong></span> <span class='ocrx_word' id='word_1_146' title='bbox 1074 1646 1175 1709; x_wconf 83' lang='lat' dir='ltr'><strong>neque</strong></span> <span class='ocrx_word' id='word_1_147' title='bbox 1199 1636 1375 1709; x_wconf 75' lang='lat' dir='ltr'><strong>sequentur.</strong></span> <span class='ocrx_word' id='word_1_148' title='bbox 1416 1629 1497 1691; x_wconf 82' lang='lat' dir='ltr'><strong>Nam</strong></span> 
     </span>
     <span class='ocr_line' id='line_1_16' title="bbox 141 1717 1499 1802; baseline -0.002 -21"><span class='ocrx_word' id='word_1_149' title='bbox 141 1719 171 1782; x_wconf 81' lang='lat' dir='ltr'><strong>si</strong></span> <span class='ocrx_word' id='word_1_150' title='bbox 192 1725 397 1784; x_wconf 45' lang='lat' dir='ltr'><strong>uon-*tantum</strong></span> <span class='ocrx_word' id='word_1_151' title='bbox 420 1717 508 1779; x_wconf 87' lang='lat' dir='ltr'><strong>deest</strong></span> <span class='ocrx_word' id='word_1_152' title='bbox 529 1717 728 1798; x_wconf 72' lang='lat' dir='ltr'><strong>politissimos</strong></span> <span class='ocrx_word' id='word_1_153' title='bbox 751 1717 825 1780; x_wconf 84' lang='lat' dir='ltr'><strong>uitri</strong></span> <span class='ocrx_word' id='word_1_154' title='bbox 845 1717 1041 1792; x_wconf 71' lang='lat' dir='ltr'><strong>rotunditati,</strong></span> <span class='ocrx_word' id='word_1_155' title='bbox 1080 1719 1160 1802; x_wconf 89' lang='lat' dir='ltr'><strong>qnod</strong></span> <span class='ocrx_word' id='word_1_156' title='bbox 1190 1719 1238 1779; x_wconf 84' lang='lat' dir='ltr'><strong>rei</strong></span> <span class='ocrx_word' id='word_1_157' title='bbox 1262 1718 1366 1780; x_wconf 84' lang='lat' dir='ltr'><strong>Lunae</strong></span> <span class='ocrx_word' id='word_1_158' title='bbox 1390 1735 1499 1798; x_wconf 79' lang='lat' dir='ltr'><strong>corpus</strong></span> 
     </span>
     <span class='ocr_line' id='line_1_17' title="bbox 140 1805 1499 1888; baseline 0.003 -22"><span class='ocrx_word' id='word_1_159' title='bbox 140 1807 191 1870; x_wconf 83' lang='lat' dir='ltr'><strong>vet</strong></span> <span class='ocrx_word' id='word_1_160' title='bbox 215 1807 282 1886; x_wconf 83' lang='lat' dir='ltr'><strong>ejus</strong></span> <span class='ocrx_word' id='word_1_161' title='bbox 304 1815 426 1886; x_wconf 58' lang='lat' dir='ltr'><strong>mrtem</strong></span> <span class='ocrx_word' id='word_1_162' title='bbox 445 1805 641 1868; x_wconf 67' lang='lat' dir='ltr'><strong>centesimam</strong></span> <span class='ocrx_word' id='word_1_163' title='bbox 671 1807 861 1888; x_wconf 83' lang='lat' dir='ltr'><strong>distorquest</strong></span> <span class='ocrx_word' id='word_1_164' title='bbox 891 1815 923 1869; x_wconf 88' lang='lat' dir='ltr'><strong>et</strong></span> <span class='ocrx_word' id='word_1_165' title='bbox 953 1807 1069 1869; x_wconf 82' lang='lat' dir='ltr'><strong>locutas</strong></span> <span class='ocrx_word' id='word_1_166' title='bbox 1102 1807 1285 1882; x_wconf 71' lang='lat' dir='ltr'><strong>confundet,</strong></span> <span class='ocrx_word' id='word_1_167' title='bbox 1318 1816 1354 1868; x_wconf 81' lang='grc' dir='ltr'><strong>ιι</strong></span> <span class='ocrx_word' id='word_1_168' title='bbox 1379 1811 1499 1870; x_wconf 79' lang='lat' dir='ltr'><strong>tentum</strong></span> 
     </span>
     <span class='ocr_line' id='line_1_18' title="bbox 142 1895 1498 1975; baseline 0 -17"><span class='ocrx_word' id='word_1_169' title='bbox 142 1895 272 1974; x_wconf 74' lang='lat' dir='ltr'><strong>denique</strong></span> <span class='ocrx_word' id='word_1_170' title='bbox 295 1895 411 1969; x_wconf 78' lang='lat' dir='ltr'><strong>deerit,</strong></span> <span class='ocrx_word' id='word_1_171' title='bbox 450 1896 528 1975; x_wconf 88' lang='lat' dir='ltr'><strong>quod</strong></span> <span class='ocrx_word' id='word_1_172' title='bbox 561 1895 883 1958; x_wconf 73' lang='lat' dir='ltr'><strong>deciesmiiIesismui</strong></span> <span class='ocrx_word' id='word_1_173' title='bbox 911 1896 1050 1971; x_wconf 77' lang='lat' dir='ltr'><strong>aboiect3</strong></span> <span class='ocrx_word' id='word_1_174' title='bbox 1086 1904 1122 1957; x_wconf 93' lang='lat' dir='ltr'><strong>ut</strong></span> <span class='ocrx_word' id='word_1_175' title='bbox 1151 1896 1178 1957; x_wconf 90' lang='lat' dir='ltr'><strong>ei</strong></span> <span class='ocrx_word' id='word_1_176' title='bbox 1201 1896 1330 1975; x_wconf 87' lang='lat' dir='ltr'><strong>jubeas,</strong></span> <span class='ocrx_word' id='word_1_177' title='bbox 1366 1898 1498 1958; x_wconf 82' lang='lat' dir='ltr'><strong>reculam</strong></span> 
     </span>
     <span class='ocr_line' id='line_1_19' title="bbox 144 1969 1499 2065; baseline -0.001 -17"><span class='ocrx_word' id='word_1_178' title='bbox 144 1969 256 2048; x_wconf 87' lang='grc'>50000</span> <span class='ocrx_word' id='word_1_179' title='bbox 287 1983 460 2046; x_wconf 76' lang='lat' dir='ltr'><strong>milliarium</strong></span> <span class='ocrx_word' id='word_1_180' title='bbox 482 1984 591 2048; x_wconf 77' lang='lat' dir='ltr'><strong>abhinc</strong></span> <span class='ocrx_word' id='word_1_181' title='bbox 616 1985 781 2048; x_wconf 69' lang='lat' dir='ltr'><strong>disturbem</strong></span> <span class='ocrx_word' id='word_1_182' title='bbox 805 1986 849 2048; x_wconf 87' lang='lat' dir='ltr'><strong>sie</strong></span> <span class='ocrx_word' id='word_1_183' title='bbox 872 1985 1012 2047; x_wconf 80' lang='lat' dir='ltr'><strong>exbibete</strong></span> <span class='ocrx_word' id='word_1_184' title='bbox 1035 1993 1235 2065; x_wconf 85' lang='lat' dir='ltr'><strong>praesentem,</strong></span> <span class='ocrx_word' id='word_1_185' title='bbox 1260 1985 1346 2047; x_wconf 84' lang='lat' dir='ltr'><strong>acsi</strong></span> <span class='ocrx_word' id='word_1_186' title='bbox 1369 1985 1499 2047; x_wconf 83' lang='lat' dir='ltr'><strong>distaret</strong></span> 
     </span>
     <span class='ocr_line' id='line_1_20' title="bbox 144 2073 1498 2154; baseline -0.002 -17"><span class='ocrx_word' id='word_1_187' title='bbox 144 2093 237 2138; x_wconf 85' lang='lat' dir='ltr'><strong>unum</strong></span> <span class='ocrx_word' id='word_1_188' title='bbox 257 2073 404 2142; x_wconf 84' lang='lat' dir='ltr'><strong>milliaro,</strong></span> <span class='ocrx_word' id='word_1_189' title='bbox 431 2073 535 2134; x_wconf 75' lang='lat' dir='ltr'><strong>&#39;doerit</strong></span> <span class='ocrx_word' id='word_1_190' title='bbox 557 2074 687 2136; x_wconf 81' lang='lat' dir='ltr'><strong>fortasse</strong></span> <span class='ocrx_word' id='word_1_191' title='bbox 711 2076 889 2137; x_wconf 73' lang='lat' dir='ltr'><strong>rotunditati</strong></span> <span class='ocrx_word' id='word_1_192' title='bbox 913 2074 981 2136; x_wconf 78' lang='lat' dir='ltr'><strong>vitri</strong></span> <span class='ocrx_word' id='word_1_193' title='bbox 1003 2073 1171 2154; x_wconf 76' lang='lat' dir='ltr'><strong>particule,</strong></span> <span class='ocrx_word' id='word_1_194' title='bbox 1195 2095 1225 2137; x_wconf 84' lang='lat' dir='ltr'><strong>v.</strong></span> <span class='ocrx_word' id='word_1_195' title='bbox 1248 2091 1276 2135; x_wconf 88' lang='lat' dir='ltr'><strong>o.</strong></span> <span class='ocrx_word' id='word_1_196' title='bbox 1299 2073 1498 2154; x_wconf 71' lang='lat' dir='ltr'><strong>quinqmgies</strong></span> 
     </span>
     <span class='ocr_line' id='line_1_21' title="bbox 143 2161 1498 2242; baseline -0.001 -16"><span class='ocrx_word' id='word_1_197' title='bbox 143 2161 324 2236; x_wconf 67' lang='lat' dir='ltr'><strong>muscha,</strong></span> <span class='ocrx_word' id='word_1_198' title='bbox 358 2180 436 2242; x_wconf 88' lang='lat' dir='ltr'><strong>quae</strong></span> <span class='ocrx_word' id='word_1_199' title='bbox 463 2163 529 2241; x_wconf 84' lang='lat' dir='ltr'><strong>janu</strong></span> <span class='ocrx_word' id='word_1_200' title='bbox 561 2171 657 2226; x_wconf 87' lang='lat' dir='ltr'><strong>totum</strong></span> <span class='ocrx_word' id='word_1_201' title='bbox 686 2164 759 2235; x_wconf 80' lang='lat' dir='ltr'><strong>iilud</strong></span> <span class='ocrx_word' id='word_1_202' title='bbox 782 2164 1088 2226; x_wconf 70' lang='lat' dir='ltr'><strong>idolum-confundet,</strong></span> <span class='ocrx_word' id='word_1_203' title='bbox 1136 2163 1250 2225; x_wconf 84' lang='lat' dir='ltr'><strong>Nescio</strong></span> <span class='ocrx_word' id='word_1_204' title='bbox 1272 2183 1312 2224; x_wconf 80' lang='lat' dir='ltr'><strong>an</strong></span> <span class='ocrx_word' id='word_1_205' title='bbox 1334 2180 1498 2241; x_wconf 81' lang='lat' dir='ltr'><strong>argumen-</strong></span> 
     </span>
     <span class='ocr_line' id='line_1_22' title="bbox 145 2252 1497 2332; baseline -0.001 -18"><span class='ocrx_word' id='word_1_206' title='bbox 145 2259 248 2314; x_wconf 82' lang='lat' dir='ltr'><strong>torum</strong></span> <span class='ocrx_word' id='word_1_207' title='bbox 267 2252 381 2314; x_wconf 80' lang='lat' dir='ltr'><strong>borum</strong></span> <span class='ocrx_word' id='word_1_208' title='bbox 397 2252 574 2313; x_wconf 77' lang='lat' dir='ltr'><strong>alterutrum</strong></span> <span class='ocrx_word' id='word_1_209' title='bbox 596 2253 786 2318; x_wconf 76' lang='lat' dir='ltr'><strong>confirmetur</strong></span> <span class='ocrx_word' id='word_1_210' title='bbox 806 2253 860 2315; x_wconf 85' lang='lat' dir='ltr'><strong>iiio</strong></span> <span class='ocrx_word' id='word_1_211' title='bbox 881 2252 1108 2332; x_wconf 30' lang='lat' dir='ltr'><strong>*expedmentm</strong></span> <span class='ocrx_word' id='word_1_212' title='bbox 1135 2253 1213 2332; x_wconf 87' lang='lat' dir='ltr'><strong>qnod</strong></span> <span class='ocrx_word' id='word_1_213' title='bbox 1236 2252 1267 2314; x_wconf 88' lang='lat' dir='ltr'><strong>ia</strong></span> <span class='ocrx_word' id='word_1_214' title='bbox 1291 2252 1497 2331; x_wconf 56' lang='lat' dir='ltr'><strong>praestantia</strong></span> 
     </span>
     <span class='ocr_line' id='line_1_23' title="bbox 143 2339 1498 2422; baseline -0.001 -20"><span class='ocrx_word' id='word_1_215' title='bbox 143 2339 235 2404; x_wconf 78' lang='lat' dir='ltr'><strong>simis</strong></span> <span class='ocrx_word' id='word_1_216' title='bbox 254 2340 342 2413; x_wconf 88' lang='lat' dir='ltr'><strong>tubis,</strong></span> <span class='ocrx_word' id='word_1_217' title='bbox 368 2357 444 2420; x_wconf 80' lang='lat' dir='ltr'><strong>ques</strong></span> <span class='ocrx_word' id='word_1_218' title='bbox 466 2341 611 2402; x_wconf 73' lang='lat' dir='ltr'><strong>innuimus</strong></span> <span class='ocrx_word' id='word_1_219' title='bbox 625 2341 697 2402; x_wconf 89' lang='lat' dir='ltr'><strong>mibi</strong></span> <span class='ocrx_word' id='word_1_220' title='bbox 712 2342 842 2420; x_wconf 74' lang='lat' dir='ltr'><strong>contigit</strong></span> <span class='ocrx_word' id='word_1_221' title='bbox 856 2341 965 2416; x_wconf 82' lang='lat' dir='ltr'><strong>videre,</strong></span> <span class='ocrx_word' id='word_1_222' title='bbox 989 2357 1066 2403; x_wconf 83' lang='lat' dir='ltr'><strong>aura</strong></span> <span class='ocrx_word' id='word_1_223' title='bbox 1086 2341 1232 2404; x_wconf 85' lang='lat' dir='ltr'><strong>coelestis</strong></span> <span class='ocrx_word' id='word_1_224' title='bbox 1251 2341 1315 2422; x_wconf 75' lang='lat' dir='ltr'><strong>jorn</strong></span> <span class='ocrx_word' id='word_1_225' title='bbox 1339 2340 1443 2402; x_wconf 65' lang='lat' dir='ltr'><strong>absida</strong></span> <span class='ocrx_word' id='word_1_226' title='bbox 1464 2347 1498 2401; x_wconf 85' lang='lat' dir='ltr'><strong>ct</strong></span> 
     </span>
     <span class='ocr_line' id='line_1_24' title="bbox 141 2429 1495 2510; baseline 0 -20"><span class='ocrx_word' id='word_1_227' title='bbox 141 2429 308 2510; x_wconf 76' lang='lat' dir='ltr'><strong>splendens</strong></span> <span class='ocrx_word' id='word_1_228' title='bbox 328 2435 586 2508; x_wconf 75' lang='lat' dir='ltr'><strong>repraesentatur,</strong></span> <span class='ocrx_word' id='word_1_229' title='bbox 609 2449 663 2510; x_wconf 81' lang='lat' dir='ltr'><strong>pes·</strong></span> <span class='ocrx_word' id='word_1_230' title='bbox 682 2446 769 2510; x_wconf 88' lang='lat' dir='ltr'><strong>quam</strong></span> <span class='ocrx_word' id='word_1_231' title='bbox 792 2433 844 2492; x_wconf 86' lang='lat' dir='ltr'><strong>uix</strong></span> <span class='ocrx_word' id='word_1_232' title='bbox 867 2437 1071 2510; x_wconf 78' lang='lat' dir='ltr'><strong>agnoscuntur</strong></span> <span class='ocrx_word' id='word_1_233' title='bbox 1095 2431 1233 2494; x_wconf 83' lang='lat' dir='ltr'><strong>stellulae</strong></span> <span class='ocrx_word' id='word_1_234' title='bbox 1256 2431 1329 2490; x_wconf 84' lang='lat' dir='ltr'><strong>ittae</strong></span> <span class='ocrx_word' id='word_1_235' title='bbox 1351 2429 1495 2490; x_wconf 70' lang='lat' dir='ltr'><strong>minutae</strong></span> 
     </span>
     <span class='ocr_line' id='line_1_25' title="bbox 233 2517 1497 2601; baseline 0.001 -22"><span class='ocrx_word' id='word_1_236' title='bbox 233 2517 306 2580; x_wconf 84' lang='lat' dir='ltr'><strong>Dini</strong></span> <span class='ocrx_word' id='word_1_237' title='bbox 337 2534 385 2580; x_wconf 81' lang='lat' dir='ltr'><strong>ure</strong></span> <span class='ocrx_word' id='word_1_238' title='bbox 418 2519 540 2588; x_wconf 68' lang='lat' dir='ltr'><strong>luderes</strong></span> <span class='ocrx_word' id='word_1_239' title='bbox 578 2519 680 2601; x_wconf 63' lang='lat' dir='ltr'><strong>itaque</strong></span> <span class='ocrx_word' id='word_1_240' title='bbox 717 2528 803 2599; x_wconf 86' lang='lat' dir='ltr'><strong>turpe</strong></span> <span class='ocrx_word' id='word_1_241' title='bbox 839 2521 910 2582; x_wconf 85' lang='lat' dir='ltr'><strong>mihi</strong></span> <span class='ocrx_word' id='word_1_242' title='bbox 943 2539 1000 2582; x_wconf 89' lang='lat' dir='ltr'><strong>uon</strong></span> <span class='ocrx_word' id='word_1_243' title='bbox 1032 2526 1091 2594; x_wconf 89' lang='lat' dir='ltr'><strong>eet,</strong></span> <span class='ocrx_word' id='word_1_244' title='bbox 1117 2527 1236 2599; x_wconf 80' lang='lat' dir='ltr'><strong>partem</strong></span> <span class='ocrx_word' id='word_1_245' title='bbox 1264 2519 1357 2579; x_wconf 85' lang='lat' dir='ltr'><strong>etiarn</strong></span> <span class='ocrx_word' id='word_1_246' title='bbox 1382 2518 1497 2580; x_wconf 79' lang='lat' dir='ltr'><strong>victum</strong></span> 
     </span>
     <span class='ocr_line' id='line_1_26' title="bbox 143 2605 1496 2688; baseline -0.001 -18"><span class='ocrx_word' id='word_1_247' title='bbox 143 2613 327 2670; x_wconf 78' lang='lat' dir='ltr'><strong>rmtaurnre.</strong></span> <span class='ocrx_word' id='word_1_248' title='bbox 375 2605 518 2670; x_wconf 72' lang='lat' dir='ltr'><strong>Concedo</strong></span> <span class='ocrx_word' id='word_1_249' title='bbox 549 2607 626 2675; x_wconf 87' lang='lat' dir='ltr'><strong>enim</strong></span> <span class='ocrx_word' id='word_1_250' title='bbox 650 2617 685 2670; x_wconf 86' lang='lat' dir='ltr'><strong>ut</strong></span> <span class='ocrx_word' id='word_1_251' title='bbox 710 2609 741 2670; x_wconf 89' lang='lat' dir='ltr'><strong>in</strong></span> <span class='ocrx_word' id='word_1_252' title='bbox 765 2609 986 2671; x_wconf 84' lang='lat' dir='ltr'><strong>Dissertatiooa</strong></span> <span class='ocrx_word' id='word_1_253' title='bbox 1011 2625 1142 2688; x_wconf 90' lang='lat' dir='ltr'><strong>quoqne,</strong></span> <span class='ocrx_word' id='word_1_254' title='bbox 1175 2607 1286 2687; x_wconf 81' lang='lat' dir='ltr'><strong>aliquid</strong></span> <span class='ocrx_word' id='word_1_255' title='bbox 1311 2627 1330 2666; x_wconf 81' lang='grc' dir='ltr'><strong>ι</strong></span> <span class='ocrx_word' id='word_1_256' title='bbox 1354 2605 1496 2668; x_wconf 81' lang='lat' dir='ltr'><strong>Gulilneo</strong></span> 
     </span>
     <span class='ocr_line' id='line_1_27' title="bbox 140 2695 1495 2778; baseline -0.003 -18"><span class='ocrx_word' id='word_1_257' title='bbox 140 2696 334 2778; x_wconf 76' lang='lat' dir='ltr'><strong>praestitum,</strong></span> <span class='ocrx_word' id='word_1_258' title='bbox 358 2699 642 2778; x_wconf 73' lang='lat' dir='ltr'><strong>quodneqoaqnan</strong></span> <span class='ocrx_word' id='word_1_259' title='bbox 653 2714 856 2777; x_wconf 81' lang='lat' dir='ltr'><strong>speraveram.</strong></span> <span class='ocrx_word' id='word_1_260' title='bbox 893 2699 941 2760; x_wconf 81' lang='lat' dir='ltr'><strong>At</strong></span> <span class='ocrx_word' id='word_1_261' title='bbox 958 2715 1073 2760; x_wconf 83' lang='lat' dir='ltr'><strong>rursum</strong></span> <span class='ocrx_word' id='word_1_262' title='bbox 1097 2697 1124 2758; x_wconf 88' lang='lat' dir='ltr'><strong>si</strong></span> <span class='ocrx_word' id='word_1_263' title='bbox 1148 2713 1204 2775; x_wconf 81' lang='lat' dir='ltr'><strong>ago</strong></span> <span class='ocrx_word' id='word_1_264' title='bbox 1227 2695 1340 2771; x_wconf 85' lang='lat' dir='ltr'><strong>idnon</strong></span> <span class='ocrx_word' id='word_1_265' title='bbox 1363 2695 1495 2778; x_wconf 78' lang='lat' dir='ltr'><strong>sperari,</strong></span> 
     </span>
     <span class='ocr_line' id='line_1_28' title="bbox 143 2783 1497 2868; baseline -0.003 -19"><span class='ocrx_word' id='word_1_266' title='bbox 143 2789 243 2850; x_wconf 75' lang='lat' dir='ltr'><strong>babeo</strong></span> <span class='ocrx_word' id='word_1_267' title='bbox 267 2793 380 2861; x_wconf 83' lang='lat' dir='ltr'><strong>temen,</strong></span> <span class='ocrx_word' id='word_1_268' title='bbox 404 2805 491 2866; x_wconf 75' lang='lat' dir='ltr'><strong>onem</strong></span> <span class='ocrx_word' id='word_1_269' title='bbox 514 2787 578 2861; x_wconf 84' lang='lat' dir='ltr'><strong>tibi,</strong></span> <span class='ocrx_word' id='word_1_270' title='bbox 604 2789 724 2868; x_wconf 79' lang='lat' dir='ltr'><strong>roganti</strong></span> <span class='ocrx_word' id='word_1_271' title='bbox 749 2788 836 2868; x_wconf 84' lang='lat' dir='ltr'><strong>,quis</strong></span> <span class='ocrx_word' id='word_1_272' title='bbox 850 2788 924 2848; x_wconf 83' lang='lat' dir='ltr'><strong>haec</strong></span> <span class='ocrx_word' id='word_1_273' title='bbox 941 2785 1113 2868; x_wconf 84' lang='lat' dir='ltr'><strong>putasset,“</strong></span> <span class='ocrx_word' id='word_1_274' title='bbox 1138 2785 1296 2846; x_wconf 83' lang='lat' dir='ltr'><strong>exhibeam</strong></span> <span class='ocrx_word' id='word_1_275' title='bbox 1318 2803 1358 2845; x_wconf 75' lang='lat' dir='ltr'><strong>en</strong></span> <span class='ocrx_word' id='word_1_276' title='bbox 1372 2783 1497 2846; x_wconf 75' lang='lat' dir='ltr'><strong>Disser-</strong></span> 
     </span>
     <span class='ocr_line' id='line_1_29' title="bbox 144 2873 1498 2958; baseline -0.002 -20"><span class='ocrx_word' id='word_1_277' title='bbox 144 2875 263 2938; x_wconf 80' lang='lat' dir='ltr'><strong>tatioue</strong></span> <span class='ocrx_word' id='word_1_278' title='bbox 287 2895 365 2950; x_wconf 87' lang='lat' dir='ltr'><strong>ruea,</strong></span> <span class='ocrx_word' id='word_1_279' title='bbox 388 2875 553 2938; x_wconf 86' lang='lat' dir='ltr'><strong>Pistoriurn</strong></span> <span class='ocrx_word' id='word_1_280' title='bbox 574 2878 711 2958; x_wconf 78' lang='lat' dir='ltr'><strong>adeoquo</strong></span> <span class='ocrx_word' id='word_1_281' title='bbox 733 2875 832 2957; x_wconf 85' lang='lat' dir='ltr'><strong>ipsum</strong></span> <span class='ocrx_word' id='word_1_282' title='bbox 856 2875 1030 2939; x_wconf 82' lang='lat' dir='ltr'><strong>Gaesarem.</strong></span> <span class='ocrx_word' id='word_1_283' title='bbox 1077 2876 1228 2954; x_wconf 84' lang='lat' dir='ltr'><strong>Adeoque</strong></span> <span class='ocrx_word' id='word_1_284' title='bbox 1247 2882 1283 2936; x_wconf 82' lang='lat' dir='ltr'><strong>et</strong></span> <span class='ocrx_word' id='word_1_285' title='bbox 1301 2874 1332 2934; x_wconf 88' lang='lat' dir='ltr'><strong>in</strong></span> <span class='ocrx_word' id='word_1_286' title='bbox 1355 2893 1396 2936; x_wconf 75' lang='lat' dir='ltr'><strong>eo</strong></span> <span class='ocrx_word' id='word_1_287' title='bbox 1416 2873 1498 2935; x_wconf 85' lang='lat' dir='ltr'><strong>diiii-</strong></span> 
     </span>
     <span class='ocr_line' id='line_1_30' title="bbox 143 2963 1499 3047; baseline -0.003 -19"><span class='ocrx_word' id='word_1_288' title='bbox 143 2965 264 3039; x_wconf 65' lang='lat' dir='ltr'><strong>coms,</strong></span> <span class='ocrx_word' id='word_1_289' title='bbox 299 2965 380 3044; x_wconf 86' lang='lat' dir='ltr'><strong>quod</strong></span> <span class='ocrx_word' id='word_1_290' title='bbox 405 2965 487 3027; x_wconf 72' lang='lat' dir='ltr'><strong>usos</strong></span> <span class='ocrx_word' id='word_1_291' title='bbox 515 2966 612 3027; x_wconf 86' lang='lat' dir='ltr'><strong>nudos</strong></span> <span class='ocrx_word' id='word_1_292' title='bbox 630 2973 798 3047; x_wconf 80' lang='lat' dir='ltr'><strong>¹praestare</strong></span> <span class='ocrx_word' id='word_1_293' title='bbox 822 2985 881 3028; x_wconf 91' lang='lat' dir='ltr'><strong>uon</strong></span> <span class='ocrx_word' id='word_1_294' title='bbox 901 2965 1004 3045; x_wconf 81' lang='lat' dir='ltr'><strong>possit</strong></span> <span class='ocrx_word' id='word_1_295' title='bbox 1027 2983 1072 3038; x_wconf 87' lang='lat' dir='ltr'><strong>ea,</strong></span> <span class='ocrx_word' id='word_1_296' title='bbox 1098 2981 1174 3044; x_wconf 78' lang='lat' dir='ltr'><strong>quoe</strong></span> <span class='ocrx_word' id='word_1_297' title='bbox 1199 2963 1322 3043; x_wconf 77' lang='lat' dir='ltr'><strong>spebuto</strong></span> <span class='ocrx_word' id='word_1_298' title='bbox 1355 2967 1499 3036; x_wconf 69' lang='lat' dir='ltr'><strong>amatus,</strong></span> 
     </span>
     <span class='ocr_line' id='line_1_31' title="bbox 145 3051 1500 3134; baseline -0.005 -16"><span class='ocrx_word' id='word_1_299' title='bbox 145 3053 357 3118; x_wconf 67' lang='lat' dir='ltr'><strong>adversarium</strong></span> <span class='ocrx_word' id='word_1_300' title='bbox 379 3054 476 3116; x_wconf 79' lang='lat' dir='ltr'><strong>habes</strong></span> <span class='ocrx_word' id='word_1_301' title='bbox 496 3053 728 3130; x_wconf 84' lang='lat' dir='ltr'><strong>Wackheriuur,</strong></span> <span class='ocrx_word' id='word_1_302' title='bbox 753 3055 804 3134; x_wconf 87' lang='lat' dir='ltr'><strong>qui</strong></span> <span class='ocrx_word' id='word_1_303' title='bbox 827 3055 949 3116; x_wconf 86' lang='lat' dir='ltr'><strong>omnino</strong></span> <span class='ocrx_word' id='word_1_304' title='bbox 968 3060 1076 3134; x_wconf 81' lang='lat' dir='ltr'><strong>putat,</strong></span> <span class='ocrx_word' id='word_1_305' title='bbox 1109 3053 1139 3116; x_wconf 88' lang='lat' dir='ltr'><strong>in</strong></span> <span class='ocrx_word' id='word_1_306' title='bbox 1163 3053 1221 3114; x_wconf 90' lang='lat' dir='ltr'><strong>hoc</strong></span> <span class='ocrx_word' id='word_1_307' title='bbox 1243 3051 1358 3114; x_wconf 81' lang='lat' dir='ltr'><strong>isdtiitn</strong></span> <span class='ocrx_word' id='word_1_308' title='bbox 1375 3051 1500 3130; x_wconf 62' lang='lat' dir='ltr'><strong>ueneris</strong></span> 
     </span>
     <span class='ocr_line' id='line_1_32' title="bbox 143 3140 1500 3225; baseline -0.007 -19"><span class='ocrx_word' id='word_1_309' title='bbox 143 3141 267 3206; x_wconf 74' lang='lat' dir='ltr'><strong>humani</strong></span> <span class='ocrx_word' id='word_1_310' title='bbox 290 3161 412 3204; x_wconf 81' lang='lat' dir='ltr'><strong>numero</strong></span> <span class='ocrx_word' id='word_1_311' title='bbox 433 3144 578 3223; x_wconf 81' lang='lat' dir='ltr'><strong>reperiri,</strong></span> <span class='ocrx_word' id='word_1_312' title='bbox 602 3145 652 3225; x_wconf 86' lang='lat' dir='ltr'><strong>qui</strong></span> <span class='ocrx_word' id='word_1_313' title='bbox 676 3144 814 3225; x_wconf 83' lang='lat' dir='ltr'><strong>siruplioe</strong></span> <span class='ocrx_word' id='word_1_314' title='bbox 833 3144 901 3205; x_wconf 84' lang='lat' dir='ltr'><strong>visu</strong></span> <span class='ocrx_word' id='word_1_315' title='bbox 924 3161 1043 3205; x_wconf 86' lang='lat' dir='ltr'><strong>omnem</strong></span> <span class='ocrx_word' id='word_1_316' title='bbox 1066 3141 1255 3222; x_wconf 70' lang='lat' dir='ltr'><strong>speculariae</strong></span> <span class='ocrx_word' id='word_1_317' title='bbox 1276 3140 1402 3205; x_wconf 75' lang='lat' dir='ltr'><strong>visionis</strong></span> <span class='ocrx_word' id='word_1_318' title='bbox 1425 3140 1500 3202; x_wconf 52' lang='lat' dir='ltr'><strong>sub*</strong></span> 
     </span>
     <span class='ocr_line' id='line_1_33' title="bbox 142 3229 1502 3314; baseline -0.004 -18"><span class='ocrx_word' id='word_1_319' title='bbox 142 3232 289 3296; x_wconf 72' lang='lat' dir='ltr'><strong>tilitntcm</strong></span> <span class='ocrx_word' id='word_1_320' title='bbox 322 3231 486 3295; x_wconf 82' lang='lat' dir='ltr'><strong>imitentur.</strong></span> <span class='ocrx_word' id='word_1_321' title='bbox 530 3234 596 3295; x_wconf 86' lang='lat' dir='ltr'><strong>Neo</strong></span> <span class='ocrx_word' id='word_1_322' title='bbox 618 3234 707 3294; x_wconf 83' lang='lat' dir='ltr'><strong>vaide</strong></span> <span class='ocrx_word' id='word_1_323' title='bbox 731 3235 759 3295; x_wconf 88' lang='lat' dir='ltr'><strong>ei</strong></span> <span class='ocrx_word' id='word_1_324' title='bbox 781 3251 925 3314; x_wconf 80' lang='lat' dir='ltr'><strong>repugno.</strong></span> <span class='ocrx_word' id='word_1_325' title='bbox 973 3231 1056 3293; x_wconf 85' lang='lat' dir='ltr'><strong>Vidi·</strong></span> <span class='ocrx_word' id='word_1_326' title='bbox 1070 3230 1163 3293; x_wconf 81' lang='lat' dir='ltr'><strong>enim·</strong></span> <span class='ocrx_word' id='word_1_327' title='bbox 1177 3231 1226 3311; x_wconf 87' lang='lat' dir='ltr'><strong>qui</strong></span> <span class='ocrx_word' id='word_1_328' title='bbox 1259 3231 1296 3290; x_wconf 81' lang='lat' dir='ltr'><strong>de</strong></span> <span class='ocrx_word' id='word_1_329' title='bbox 1329 3229 1376 3291; x_wconf 82' lang='lat' dir='ltr'><strong>bie</strong></span> <span class='ocrx_word' id='word_1_330' title='bbox 1400 3229 1502 3291; x_wconf 82' lang='lat' dir='ltr'><strong>omnia</strong></span> 
     </span>
     <span class='ocr_line' id='line_1_34' title="bbox 143 3317 1501 3404; baseline -0.004 -19"><span class='ocrx_word' id='word_1_331' title='bbox 143 3329 382 3402; x_wconf 70' lang='lat' dir='ltr'><strong>monserantur</strong></span> <span class='ocrx_word' id='word_1_332' title='bbox 403 3321 491 3384; x_wconf 87' lang='lat' dir='ltr'><strong>nodis</strong></span> <span class='ocrx_word' id='word_1_333' title='bbox 519 3321 633 3396; x_wconf 85' lang='lat' dir='ltr'><strong>oculis,</strong></span> <span class='ocrx_word' id='word_1_334' title='bbox 666 3323 756 3403; x_wconf 76' lang='lat' dir='ltr'><strong>quae&#39;</strong></span> <span class='ocrx_word' id='word_1_335' title='bbox 774 3323 843 3404; x_wconf 84' lang='lat' dir='ltr'><strong>ipse·</strong></span> <span class='ocrx_word' id='word_1_336' title='bbox 872 3323 923 3383; x_wconf 81' lang='lat' dir='ltr'><strong>uis</strong></span> <span class='ocrx_word' id='word_1_337' title='bbox 955 3319 1140 3402; x_wconf 86' lang='lat' dir='ltr'><strong>assequebar</strong></span> <span class='ocrx_word' id='word_1_338' title='bbox 1170 3321 1389 3394; x_wconf 82' lang='lat' dir='ltr'><strong>instrumento,</strong></span> <span class='ocrx_word' id='word_1_339' title='bbox 1422 3317 1501 3399; x_wconf 90' lang='lat' dir='ltr'><strong>quod</strong></span> 
     </span>
     <span class='ocr_line' id='line_1_35' title="bbox 144 3410 1464 3490; baseline 0.002 -17"><span class='ocrx_word' id='word_1_340' title='bbox 144 3411 308 3490; x_wconf 71' lang='lat' dir='ltr'><strong>decuptmn</strong></span> <span class='ocrx_word' id='word_1_341' title='bbox 331 3410 495 3472; x_wconf 79' lang='lat' dir='ltr'><strong>oxinibebat</strong></span> <span class='ocrx_word' id='word_1_342' title='bbox 516 3411 559 3472; x_wconf 88' lang='lat' dir='ltr'><strong>rei</strong></span> <span class='ocrx_word' id='word_1_343' title='bbox 582 3412 767 3475; x_wconf 79' lang='lat' dir='ltr'><strong>diametrum.</strong></span> <span class='ocrx_word' id='word_1_344' title='bbox 1461 3447 1464 3460; x_wconf 93' lang='lat'><em>·</em></span> 
     </span>
     <span class='ocr_line' id='line_1_36' title="bbox 236 3497 1501 3581; baseline -0.003 -21"><span class='ocrx_word' id='word_1_345' title='bbox 236 3497 315 3568; x_wconf 71' lang='lat' dir='ltr'><strong>Quis</strong></span> <span class='ocrx_word' id='word_1_346' title='bbox 336 3516 410 3560; x_wconf 83' lang='lat' dir='ltr'><strong>vcro</strong></span> <span class='ocrx_word' id='word_1_347' title='bbox 433 3507 466 3561; x_wconf 79' lang='lat' dir='ltr'><strong>ta</strong></span> <span class='ocrx_word' id='word_1_348' title='bbox 489 3500 538 3560; x_wconf 85' lang='lat' dir='ltr'><strong>vei</strong></span> <span class='ocrx_word' id='word_1_349' title='bbox 560 3501 684 3561; x_wconf 68' lang='lat' dir='ltr'><strong>undem</strong></span> <span class='ocrx_word' id='word_1_350' title='bbox 716 3501 783 3581; x_wconf 90' lang='lat' dir='ltr'><strong>qui,</strong></span> <span class='ocrx_word' id='word_1_351' title='bbox 818 3519 886 3563; x_wconf 74' lang='lat' dir='ltr'><strong>oum</strong></span> <span class='ocrx_word' id='word_1_352' title='bbox 918 3498 1011 3560; x_wconf 85' lang='lat' dir='ltr'><strong>etiam</strong></span> <span class='ocrx_word' id='word_1_353' title='bbox 1034 3517 1082 3560; x_wconf 82' lang='lat' dir='ltr'><strong>ine</strong></span> <span class='ocrx_word' id='word_1_354' title='bbox 1106 3497 1187 3560; x_wconf 90' lang='lat' dir='ltr'><strong>intus</strong></span> <span class='ocrx_word' id='word_1_355' title='bbox 1209 3497 1295 3560; x_wconf 86' lang='lat' dir='ltr'><strong>etin</strong></span> <span class='ocrx_word' id='word_1_356' title='bbox 1318 3503 1388 3558; x_wconf 82' lang='lat' dir='ltr'><strong>cute</strong></span> <span class='ocrx_word' id='word_1_357' title='bbox 1411 3513 1501 3558; x_wconf 84' lang='lat' dir='ltr'><strong>nossa</strong></span> 
     </span>
     <span class='ocr_line' id='line_1_37' title="bbox 145 3586 1501 3668; baseline -0.004 -18"><span class='ocrx_word' id='word_1_358' title='bbox 145 3588 330 3668; x_wconf 77' lang='lat' dir='ltr'><strong>profitearis,</strong></span> <span class='ocrx_word' id='word_1_359' title='bbox 348 3607 461 3650; x_wconf 86' lang='lat' dir='ltr'><strong>nomen</strong></span> <span class='ocrx_word' id='word_1_360' title='bbox 485 3596 585 3650; x_wconf 85' lang='lat' dir='ltr'><strong>temen</strong></span> <span class='ocrx_word' id='word_1_361' title='bbox 609 3591 711 3654; x_wconf 84' lang='lat' dir='ltr'><strong>celas?</strong></span> <span class='ocrx_word' id='word_1_362' title='bbox 734 3590 823 3652; x_wconf 82' lang='lat' dir='ltr'><strong>Anne</strong></span> <span class='ocrx_word' id='word_1_363' title='bbox 847 3590 903 3652; x_wconf 90' lang='lat' dir='ltr'><strong>hoo</strong></span> <span class='ocrx_word' id='word_1_364' title='bbox 926 3589 1060 3662; x_wconf 84' lang='lat' dir='ltr'><strong>simulas,</strong></span> <span class='ocrx_word' id='word_1_365' title='bbox 1087 3596 1121 3649; x_wconf 85' lang='lat' dir='ltr'><strong>ut</strong></span> <span class='ocrx_word' id='word_1_366' title='bbox 1143 3586 1238 3651; x_wconf 88' lang='lat' dir='ltr'><strong>tutius</strong></span> <span class='ocrx_word' id='word_1_367' title='bbox 1262 3587 1360 3648; x_wconf 81' lang='lat' dir='ltr'><strong>lateas</strong></span> <span class='ocrx_word' id='word_1_368' title='bbox 1383 3601 1501 3646; x_wconf 86' lang='lat' dir='ltr'><strong>meam·</strong></span> 
     </span>
     <span class='ocr_line' id='line_1_38' title="bbox 146 3672 1502 3760; baseline -0.004 -22"><span class='ocrx_word' id='word_1_369' title='bbox 146 3694 205 3758; x_wconf 85' lang='lat' dir='ltr'><strong>que</strong></span> <span class='ocrx_word' id='word_1_370' title='bbox 237 3675 343 3738; x_wconf 74' lang='lat' dir='ltr'><strong>eludes</strong></span> <span class='ocrx_word' id='word_1_371' title='bbox 375 3676 548 3756; x_wconf 82' lang='lat' dir='ltr'><strong>indaginem</strong></span> <span class='ocrx_word' id='word_1_372' title='bbox 571 3678 691 3758; x_wconf 85' lang='lat' dir='ltr'><strong>objecta</strong></span> <span class='ocrx_word' id='word_1_373' title='bbox 713 3679 770 3741; x_wconf 84' lang='lat' dir='ltr'><strong>bac</strong></span> <span class='ocrx_word' id='word_1_374' title='bbox 801 3679 880 3741; x_wconf 81' lang='lat' dir='ltr'><strong>faico</strong></span> <span class='ocrx_word' id='word_1_375' title='bbox 910 3677 1032 3760; x_wconf 83' lang='lat' dir='ltr'><strong>specie?</strong></span> <span class='ocrx_word' id='word_1_376' title='bbox 1078 3675 1178 3738; x_wconf 82' lang='lat' dir='ltr'>Credo</span> <span class='ocrx_word' id='word_1_377' title='bbox 1210 3674 1348 3754; x_wconf 79' lang='lat' dir='ltr'><strong>equidem</strong></span> <span class='ocrx_word' id='word_1_378' title='bbox 1380 3682 1412 3734; x_wconf 88' lang='lat' dir='ltr'><strong>et</strong></span> <span class='ocrx_word' id='word_1_379' title='bbox 1446 3672 1502 3733; x_wconf 88' lang='lat' dir='ltr'><strong>hoo</strong></span> 
     </span>
     <span class='ocr_line' id='line_1_39' title="bbox 145 3760 1502 3846; baseline -0.006 -16"><span class='ocrx_word' id='word_1_380' title='bbox 145 3765 321 3846; x_wconf 78' lang='lat' dir='ltr'><strong>inquirendi</strong></span> <span class='ocrx_word' id='word_1_381' title='bbox 342 3766 503 3846; x_wconf 80' lang='lat' dir='ltr'><strong>vestigium</strong></span> <span class='ocrx_word' id='word_1_382' title='bbox 527 3768 653 3841; x_wconf 87' lang='lat' dir='ltr'><strong>desero;</strong></span> <span class='ocrx_word' id='word_1_383' title='bbox 685 3769 844 3830; x_wconf 88' lang='lat' dir='ltr'><strong>nonenim</strong></span> <span class='ocrx_word' id='word_1_384' title='bbox 868 3787 915 3830; x_wconf 90' lang='lat' dir='ltr'><strong>me</strong></span> <span class='ocrx_word' id='word_1_385' title='bbox 947 3767 1028 3829; x_wconf 87' lang='lat' dir='ltr'><strong>nosti</strong></span> <span class='ocrx_word' id='word_1_386' title='bbox 1050 3763 1248 3846; x_wconf 76' lang='lat' dir='ltr'><strong>penitissime.</strong></span> <span class='ocrx_word' id='word_1_387' title='bbox 1297 3760 1502 3826; x_wconf 68' lang='lat' dir='ltr'><strong>Abori-aetia</strong></span> 
     </span>
     <span class='ocr_line' id='line_1_40' title="bbox 146 3849 1503 3933; baseline -0.007 -15"><span class='ocrx_word' id='word_1_388' title='bbox 146 3855 276 3926; x_wconf 79' lang='lat' dir='ltr'><strong>foribus,</strong></span> <span class='ocrx_word' id='word_1_389' title='bbox 298 3855 379 3918; x_wconf 82' lang='lat' dir='ltr'><strong>fallit</strong></span> <span class='ocrx_word' id='word_1_390' title='bbox 401 3865 432 3917; x_wconf 87' lang='lat' dir='ltr'><strong>bs</strong></span> <span class='ocrx_word' id='word_1_391' title='bbox 456 3857 749 3933; x_wconf 83' lang='lat' dir='ltr'><strong>conjectura‚·seria</strong></span> <span class='ocrx_word' id='word_1_392' title='bbox 772 3858 900 3919; x_wconf 82' lang='lat' dir='ltr'><strong>disserui</strong></span> <span class='ocrx_word' id='word_1_393' title='bbox 932 3873 999 3918; x_wconf 90' lang='lat' dir='ltr'><strong>cnm</strong></span> <span class='ocrx_word' id='word_1_394' title='bbox 1023 3853 1140 3918; x_wconf 86' lang='lat' dir='ltr'><strong>Nouoio</strong></span> <span class='ocrx_word' id='word_1_395' title='bbox 1165 3851 1307 3914; x_wconf 81' lang='lat' dir='ltr'><strong>Galilaei.</strong></span> <span class='ocrx_word' id='word_1_396' title='bbox 1353 3849 1389 3912; x_wconf 82' lang='lat' dir='ltr'><strong>Si</strong></span> <span class='ocrx_word' id='word_1_397' title='bbox 1419 3865 1503 3910; x_wconf 86' lang='lat' dir='ltr'><strong>error</strong></span> 
     </span>
     <span class='ocr_line' id='line_1_41' title="bbox 144 3936 1502 4024; baseline -0.008 -16"><span class='ocrx_word' id='word_1_398' title='bbox 144 3954 205 4020; x_wconf 85' lang='lat' dir='ltr'><strong>est,</strong></span> <span class='ocrx_word' id='word_1_399' title='bbox 231 3943 382 4024; x_wconf 79' lang='lat' dir='ltr'><strong>gonuinus</strong></span> <span class='ocrx_word' id='word_1_400' title='bbox 401 3953 464 4018; x_wconf 85' lang='lat' dir='ltr'><strong>est,</strong></span> <span class='ocrx_word' id='word_1_401' title='bbox 488 3944 606 4008; x_wconf 86' lang='lat' dir='ltr'><strong>minime</strong></span> <span class='ocrx_word' id='word_1_402' title='bbox 629 3946 728 4008; x_wconf 86' lang='lat' dir='ltr'><strong>dotus.</strong></span> <span class='ocrx_word' id='word_1_403' title='bbox 775 3947 905 4009; x_wconf 85' lang='lat' dir='ltr'><strong>Audiam</strong></span> <span class='ocrx_word' id='word_1_404' title='bbox 929 3945 1030 4024; x_wconf 79' lang='lat' dir='ltr'><strong>igitur,</strong></span> <span class='ocrx_word' id='word_1_405' title='bbox 1053 3943 1099 4004; x_wconf 88' lang='lat' dir='ltr'><strong>uti</strong></span> <span class='ocrx_word' id='word_1_406' title='bbox 1122 3951 1176 4003; x_wconf 82' lang='lat' dir='ltr'><strong>tua</strong></span> <span class='ocrx_word' id='word_1_407' title='bbox 1198 3939 1388 4002; x_wconf 77' lang='lat' dir='ltr'><strong>instrumenti</strong></span> <span class='ocrx_word' id='word_1_408' title='bbox 1412 3936 1502 4000; x_wconf 82' lang='lat' dir='ltr'><strong>Gaii-</strong></span> 
     </span>
     <span class='ocr_line' id='line_1_42' title="bbox 145 4027 1502 4115; baseline -0.008 -17"><span class='ocrx_word' id='word_1_409' title='bbox 145 4033 207 4098; x_wconf 88' lang='lat' dir='ltr'><strong>iaei</strong></span> <span class='ocrx_word' id='word_1_410' title='bbox 230 4033 395 4110; x_wconf 64' lang='lat' dir='ltr'><strong>descriptio</strong></span> <span class='ocrx_word' id='word_1_411' title='bbox 417 4051 504 4096; x_wconf 79' lang='lat' dir='ltr'><strong>meae</strong></span> <span class='ocrx_word' id='word_1_412' title='bbox 522 4035 842 4115; x_wconf 77' lang='lat' dir='ltr'><strong>fabricaedescriptso</strong></span> <span class='ocrx_word' id='word_1_413' title='bbox 856 4036 1020 4113; x_wconf 78' lang='lat' dir='ltr'><strong>redarguat</strong></span> <span class='ocrx_word' id='word_1_414' title='bbox 1033 4050 1159 4096; x_wconf 82' lang='lat' dir='ltr'><strong>errores.</strong></span> <span class='ocrx_word' id='word_1_415' title='bbox 1192 4028 1339 4108; x_wconf 82' lang='lat' dir='ltr'><strong>Equidem</strong></span> <span class='ocrx_word' id='word_1_416' title='bbox 1354 4027 1502 4107; x_wconf 81' lang='lat' dir='ltr'><strong>protinam</strong></span> 
     </span>
     <span class='ocr_line' id='line_1_43' title="bbox 142 4115 1503 4203; baseline -0.009 -16"><span class='ocrx_word' id='word_1_417' title='bbox 142 4132 229 4187; x_wconf 73' lang='lat' dir='ltr'><strong>tucn</strong></span> <span class='ocrx_word' id='word_1_418' title='bbox 249 4131 282 4185; x_wconf 83' lang='lat' dir='ltr'><strong>et</strong></span> <span class='ocrx_word' id='word_1_419' title='bbox 297 4121 454 4184; x_wconf 80' lang='lat' dir='ltr'><strong>liberalem</strong></span> <span class='ocrx_word' id='word_1_420' title='bbox 468 4123 655 4186; x_wconf 76' lang='lat' dir='ltr'><strong>volontatem</strong></span> <span class='ocrx_word' id='word_1_421' title='bbox 678 4141 751 4203; x_wconf 73' lang='lat' dir='ltr'><strong>erga</strong></span> <span class='ocrx_word' id='word_1_422' title='bbox 766 4143 816 4186; x_wconf 83' lang='lat' dir='ltr'><strong>nio</strong></span> <span class='ocrx_word' id='word_1_423' title='bbox 829 4125 933 4186; x_wconf 86' lang='lat' dir='ltr'><strong>iubens</strong></span> <span class='ocrx_word' id='word_1_424' title='bbox 948 4121 1115 4195; x_wconf 76' lang='lat' dir='ltr'><strong>oxoscuior,</strong></span> <span class='ocrx_word' id='word_1_425' title='bbox 1140 4119 1190 4200; x_wconf 89' lang='lat' dir='ltr'><strong>qui</strong></span> <span class='ocrx_word' id='word_1_426' title='bbox 1212 4136 1259 4179; x_wconf 87' lang='lat' dir='ltr'><strong>me</strong></span> <span class='ocrx_word' id='word_1_427' title='bbox 1279 4135 1316 4178; x_wconf 90' lang='lat' dir='ltr'><strong>eo</strong></span> <span class='ocrx_word' id='word_1_428' title='bbox 1333 4115 1503 4196; x_wconf 82' lang='lat' dir='ltr'><strong>argumenti</strong></span> 
     </span>
     <span class='ocr_line' id='line_1_44' title="bbox 144 4204 1503 4294; baseline -0.008 -19"><span class='ocrx_word' id='word_1_429' title='bbox 144 4231 258 4292; x_wconf 72' lang='lat' dir='ltr'><strong>genere</strong></span> <span class='ocrx_word' id='word_1_430' title='bbox 271 4211 429 4273; x_wconf 66' lang='lat' dir='ltr'><strong>monueris</strong></span> <span class='ocrx_word' id='word_1_431' title='bbox 443 4212 691 4275; x_wconf 80' lang='lat' dir='ltr'><strong>exhilarandum:</strong></span> <span class='ocrx_word' id='word_1_432' title='bbox 716 4233 809 4294; x_wconf 86' lang='lat' dir='ltr'><strong>eoque</strong></span> <span class='ocrx_word' id='word_1_433' title='bbox 833 4213 951 4274; x_wconf 83' lang='lat' dir='ltr'><strong>nornine</strong></span> <span class='ocrx_word' id='word_1_434' title='bbox 975 4221 1006 4273; x_wconf 87' lang='lat' dir='ltr'><strong>et</strong></span> <span class='ocrx_word' id='word_1_435' title='bbox 1020 4209 1146 4272; x_wconf 82' lang='lat' dir='ltr'><strong>Seussio</strong></span> <span class='ocrx_word' id='word_1_436' title='bbox 1168 4225 1234 4270; x_wconf 88' lang='lat' dir='ltr'><strong>meo</strong></span> <span class='ocrx_word' id='word_1_437' title='bbox 1258 4206 1374 4285; x_wconf 81' lang='lat' dir='ltr'><strong>gratias</strong></span> <span class='ocrx_word' id='word_1_438' title='bbox 1397 4204 1503 4276; x_wconf 76' lang='lat' dir='ltr'><strong>debeo,</strong></span> 
     </span>
     <span class='ocr_line' id='line_1_45' title="bbox 144 4293 1502 4384; baseline -0.009 -19"><span class='ocrx_word' id='word_1_439' title='bbox 144 4301 195 4384; x_wconf 81' lang='lat' dir='ltr'><strong>qui</strong></span> <span class='ocrx_word' id='word_1_440' title='bbox 219 4299 355 4364; x_wconf 81' lang='lat' dir='ltr'><strong>nectito</strong></span> <span class='ocrx_word' id='word_1_441' title='bbox 379 4301 561 4376; x_wconf 77' lang='lat' dir='ltr'><strong>officiorum,</strong></span> <span class='ocrx_word' id='word_1_442' title='bbox 592 4321 668 4382; x_wconf 80' lang='lat' dir='ltr'><strong>qnae</strong></span> <span class='ocrx_word' id='word_1_443' title='bbox 691 4305 771 4365; x_wconf 80' lang='lat' dir='ltr'><strong>iuter</strong></span> <span class='ocrx_word' id='word_1_444' title='bbox 794 4321 849 4366; x_wconf 87' lang='lat' dir='ltr'><strong>nos</strong></span> <span class='ocrx_word' id='word_1_445' title='bbox 873 4319 1047 4364; x_wconf 86' lang='lat' dir='ltr'><strong>exercemus</strong></span> <span class='ocrx_word' id='word_1_446' title='bbox 1079 4297 1186 4370; x_wconf 80' lang='lat' dir='ltr'><strong>sinici,</strong></span> <span class='ocrx_word' id='word_1_447' title='bbox 1217 4295 1338 4357; x_wconf 80' lang='lat' dir='ltr'><strong>tranuito</strong></span> <span class='ocrx_word' id='word_1_448' title='bbox 1362 4312 1424 4354; x_wconf 92' lang='lat' dir='ltr'><strong>uon</strong></span> <span class='ocrx_word' id='word_1_449' title='bbox 1445 4293 1502 4354; x_wconf 86' lang='lat' dir='ltr'><strong>de-</strong></span> 
     </span>
     <span class='ocr_line' id='line_1_46' title="bbox 143 4382 1503 4472; baseline -0.009 -18"><span class='ocrx_word' id='word_1_450' title='bbox 143 4392 262 4464; x_wconf 86' lang='lat' dir='ltr'><strong>flectit,</strong></span> <span class='ocrx_word' id='word_1_451' title='bbox 289 4399 322 4451; x_wconf 91' lang='lat' dir='ltr'><strong>et</strong></span> <span class='ocrx_word' id='word_1_452' title='bbox 344 4388 431 4450; x_wconf 78' lang='lat' dir='ltr'><strong>simui</strong></span> <span class='ocrx_word' id='word_1_453' title='bbox 455 4391 642 4464; x_wconf 75' lang='lat' dir='ltr'><strong>subirascor,</strong></span> <span class='ocrx_word' id='word_1_454' title='bbox 676 4391 725 4472; x_wconf 80' lang='lat' dir='ltr'><strong>qui</strong></span> <span class='ocrx_word' id='word_1_455' title='bbox 749 4409 814 4453; x_wconf 85' lang='lat' dir='ltr'><strong>curn</strong></span> <span class='ocrx_word' id='word_1_456' title='bbox 839 4389 988 4453; x_wconf 85' lang='lat' dir='ltr'><strong>consolari</strong></span> <span class='ocrx_word' id='word_1_457' title='bbox 1013 4387 1150 4450; x_wconf 86' lang='lat' dir='ltr'><strong>debuerit</strong></span> <span class='ocrx_word' id='word_1_458' title='bbox 1172 4385 1317 4447; x_wconf 83' lang='lat' dir='ltr'><strong>afflictum</strong></span> <span class='ocrx_word' id='word_1_459' title='bbox 1340 4382 1421 4445; x_wconf 87' lang='lat' dir='ltr'><strong>curie</strong></span> <span class='ocrx_word' id='word_1_460' title='bbox 1444 4383 1503 4443; x_wconf 86' lang='lat' dir='ltr'><strong>im-</strong></span> 
     </span>
     <span class='ocr_line' id='line_1_47' title="bbox 144 4475 1504 4562; baseline -0.008 -20"><span class='ocrx_word' id='word_1_461' title='bbox 144 4479 335 4550; x_wconf 86' lang='lat' dir='ltr'><strong>minentium,</strong></span> <span class='ocrx_word' id='word_1_462' title='bbox 360 4478 493 4541; x_wconf 83' lang='lat' dir='ltr'><strong>immisso</strong></span> <span class='ocrx_word' id='word_1_463' title='bbox 517 4480 574 4541; x_wconf 88' lang='lat' dir='ltr'><strong>hoc</strong></span> <span class='ocrx_word' id='word_1_464' title='bbox 597 4489 761 4559; x_wconf 72' lang='lat' dir='ltr'><strong>paeonem</strong></span> <span class='ocrx_word' id='word_1_465' title='bbox 780 4480 883 4562; x_wconf 83' lang='lat' dir='ltr'><strong>equite</strong></span> <span class='ocrx_word' id='word_1_466' title='bbox 907 4479 939 4539; x_wconf 87' lang='lat' dir='ltr'><strong>io</strong></span> <span class='ocrx_word' id='word_1_467' title='bbox 962 4475 1083 4540; x_wconf 85' lang='lat' dir='ltr'><strong>ludendi</strong></span> <span class='ocrx_word' id='word_1_468' title='bbox 1107 4475 1321 4537; x_wconf 83' lang='lat' dir='ltr'><strong>necessitatem</strong></span> <span class='ocrx_word' id='word_1_469' title='bbox 1353 4489 1400 4532; x_wconf 89' lang='lat' dir='ltr'><strong>me</strong></span> <span class='ocrx_word' id='word_1_470' title='bbox 1428 4489 1504 4532; x_wconf 83' lang='lat' dir='ltr'><strong>con-</strong></span> 
     </span>
     <span class='ocr_line' id='line_1_48' title="bbox 145 4563 1504 4646; baseline -0.007 -16"><span class='ocrx_word' id='word_1_471' title='bbox 145 4568 264 4646; x_wconf 83' lang='lat' dir='ltr'><strong>ieoerib.</strong></span> <span class='ocrx_word' id='word_1_472' title='bbox 312 4565 373 4638; x_wconf 83' lang='lat' dir='ltr'><strong>Qui</strong></span> <span class='ocrx_word' id='word_1_473' title='bbox 395 4569 421 4629; x_wconf 86' lang='lat' dir='ltr'><strong>ni</strong></span> <span class='ocrx_word' id='word_1_474' title='bbox 436 4568 505 4630; x_wconf 82' lang='lat' dir='ltr'><strong>tibi</strong></span> <span class='ocrx_word' id='word_1_475' title='bbox 523 4571 601 4631; x_wconf 78' lang='lat' dir='ltr'><strong>adeo</strong></span> <span class='ocrx_word' id='word_1_476' title='bbox 626 4569 783 4632; x_wconf 72' lang='lat' dir='ltr'><strong>familiaris</strong></span> <span class='ocrx_word' id='word_1_477' title='bbox 806 4579 872 4644; x_wconf 83' lang='lat' dir='ltr'><strong>est,</strong></span> <span class='ocrx_word' id='word_1_478' title='bbox 906 4575 942 4630; x_wconf 87' lang='grc' dir='ltr'><strong>ιιι</strong></span> <span class='ocrx_word' id='word_1_479' title='bbox 974 4584 1071 4628; x_wconf 87' lang='lat' dir='ltr'><strong>meam</strong></span> <span class='ocrx_word' id='word_1_480' title='bbox 1106 4563 1304 4626; x_wconf 83' lang='lat' dir='ltr'><strong>festivitatem</strong></span> <span class='ocrx_word' id='word_1_481' title='bbox 1337 4579 1403 4623; x_wconf 80' lang='lat' dir='ltr'><strong>enm</strong></span> <span class='ocrx_word' id='word_1_482' title='bbox 1436 4577 1504 4621; x_wconf 85' lang='lat' dir='ltr'><strong>esse</strong></span> 
     </span>
     <span class='ocr_line' id='line_1_49' title="bbox 146 4649 1504 4735; baseline -0.006 -19"><span class='ocrx_word' id='word_1_483' title='bbox 146 4658 248 4730; x_wconf 79' lang='lat' dir='ltr'><strong>sciae3</strong></span> <span class='ocrx_word' id='word_1_484' title='bbox 273 4657 301 4717; x_wconf 91' lang='lat' dir='ltr'><strong>si</strong></span> <span class='ocrx_word' id='word_1_485' title='bbox 323 4665 484 4735; x_wconf 81' lang='lat' dir='ltr'><strong>practerea</strong></span> <span class='ocrx_word' id='word_1_486' title='bbox 507 4667 561 4720; x_wconf 78' lang='lat' dir='ltr'><strong>tua</strong></span> <span class='ocrx_word' id='word_1_487' title='bbox 583 4666 633 4720; x_wconf 87' lang='lat' dir='ltr'><strong>est</strong></span> <span class='ocrx_word' id='word_1_488' title='bbox 655 4658 932 4721; x_wconf 78' lang='lat' dir='ltr'><strong>ilie&#39;oo&#39;uimoditas</strong></span> <span class='ocrx_word' id='word_1_489' title='bbox 965 4655 1043 4725; x_wconf 83' lang='lat' dir='ltr'><strong>alia,</strong></span> <span class='ocrx_word' id='word_1_490' title='bbox 1076 4671 1162 4734; x_wconf 78' lang='lat' dir='ltr'><strong>quoru</strong></span> <span class='ocrx_word' id='word_1_491' title='bbox 1196 4649 1409 4714; x_wconf 81' lang='lat' dir='ltr'><strong>atestivitato</strong></span> <span class='ocrx_word' id='word_1_492' title='bbox 1431 4667 1504 4729; x_wconf 81' lang='lat' dir='ltr'><strong>por-</strong></span> 
     </span>
     <span class='ocr_line' id='line_1_50' title="bbox 146 4739 1504 4829; baseline -0.005 -23"><span class='ocrx_word' id='word_1_493' title='bbox 146 4745 293 4825; x_wconf 78' lang='lat' dir='ltr'><strong>cipiatur3</strong></span> <span class='ocrx_word' id='word_1_494' title='bbox 316 4746 343 4808; x_wconf 86' lang='lat' dir='ltr'><strong>ei</strong></span> <span class='ocrx_word' id='word_1_495' title='bbox 359 4746 495 4826; x_wconf 58' lang='lat' dir='ltr'><strong>&#39;denique</strong></span> <span class='ocrx_word' id='word_1_496' title='bbox 516 4749 642 4829; x_wconf 74' lang='lat' dir='ltr'><strong>pietatis</strong></span> <span class='ocrx_word' id='word_1_497' title='bbox 663 4749 782 4826; x_wconf 81' lang='lat' dir='ltr'><strong>iegibus</strong></span> <span class='ocrx_word' id='word_1_498' title='bbox 807 4750 851 4822; x_wconf 78' lang='lat' dir='ltr'><strong>ei,</strong></span> <span class='ocrx_word' id='word_1_499' title='bbox 886 4766 977 4826; x_wconf 77' lang='lat' dir='ltr'><strong>osona</strong></span> <span class='ocrx_word' id='word_1_500' title='bbox 1003 4745 1040 4806; x_wconf 85' lang='lat' dir='ltr'><strong>ad</strong></span> <span class='ocrx_word' id='word_1_501' title='bbox 1066 4741 1192 4804; x_wconf 87' lang='lat' dir='ltr'><strong>nominis</strong></span> <span class='ocrx_word' id='word_1_502' title='bbox 1215 4741 1308 4803; x_wconf 83' lang='lat' dir='ltr'><strong>etiam</strong></span> <span class='ocrx_word' id='word_1_503' title='bbox 1332 4739 1504 4820; x_wconf 81' lang='lat' dir='ltr'><strong>opprobria,</strong></span> 
     </span>
     <span class='ocr_line' id='line_1_51' title="bbox 146 4828 1506 4917; baseline 0.009 -21"><span class='ocrx_word' id='word_1_504' title='bbox 146 4834 384 4912; x_wconf 52' lang='lat' dir='ltr'><strong>mobiigstusc</strong></span> <span class='ocrx_word' id='word_1_505' title='bbox 411 4836 479 4916; x_wconf 80' lang='lat' dir='ltr'><strong>quie</strong></span> <span class='ocrx_word' id='word_1_506' title='bbox 500 4847 534 4900; x_wconf 83' lang='grc' dir='ltr'><strong>ιιι</strong></span> <span class='ocrx_word' id='word_1_507' title='bbox 565 4838 660 4917; x_wconf 74' lang='lat' dir='ltr'><strong>igitur.</strong></span> <span class='ocrx_word' id='word_1_508' title='bbox 685 4838 743 4899; x_wconf 85' lang='lat' dir='ltr'><strong>es?</strong></span> <span class='ocrx_word' id='word_1_509' title='bbox 787 4837 829 4899; x_wconf 71' lang='lat' dir='ltr'><strong>lit</strong></span> <span class='ocrx_word' id='word_1_510' title='bbox 856 4850 1014 4916; x_wconf 76' lang='lat' dir='ltr'><strong>quomam</strong></span> <span class='ocrx_word' id='word_1_511' title='bbox 1040 4833 1115 4893; x_wconf 70' lang='lat' dir='ltr'><strong>hcet</strong></span> <span class='ocrx_word' id='word_1_512' title='bbox 1143 4831 1271 4912; x_wconf 64' lang='grc' dir='ltr'><strong>Ρὶιῒβῐῑῦ</strong></span> <span class='ocrx_word' id='word_1_513' title='bbox 1297 4828 1506 4910; x_wconf 62' lang='grc' dir='ltr'><em>ἆμψΜΗ</em></span> 
     </span>
    </p>
   </div>
   <div class='ocr_carea' id='block_1_3' title="bbox 0 0 1839 5530">
    <p class='ocr_par' dir='ltr' id='par_1_3' title="bbox 0 0 1839 5530">
     <span class='ocr_line' id='line_1_52' title="bbox 0 0 1839 5530; baseline 0 0"><span class='ocrx_word' id='word_1_514' title='bbox 0 0 1839 5530; x_wconf 95' lang='lat' dir='ltr'><strong> </strong></span> 
     </span>
    </p>
   </div>
  </div>
 </body>
</html>
