3684 5518
743 307 825 374 capae
842 309 886 360 rv.
910 307 934 359 e.
1453 307 1512 373 201

168 485 370 548 retractiones.
410 486 558 548 Ponamus
578 487 656 549 enirn
675 488 750 567 jam,
774 486 804 547 id
825 486 903 567 qnod
928 486 1068 566 refringit
1086 486 1187 548 radios
1206 486 1337 548 siderum
1361 485 1517 548 materiam

170 595 233 636 esse
265 573 428 654 liquidam,
460 575 612 638 humidam
648 585 679 637 et
711 594 854 656 gravem,
888 575 1031 655 gradibus
1064 576 1158 636 solnm
1192 574 1230 636 ab
1263 593 1358 654 aquae
1391 574 1519 636 materia

172 663 349 737 distinctam,
373 671 517 744 sequetur
539 666 651 745 itaque,
677 665 702 726 si
727 663 796 744 quid
819 663 868 725 hic
893 665 924 726 in
949 663 1050 725 Terris
1075 662 1180 725 existit
1204 663 1333 738 aridum,
1359 663 1543 737 fumosum*

169 750 296 832 igneum,
328 770 387 814 non
418 753 506 815 aliter
533 773 625 834 supra
645 755 702 815 hoc
729 751 880 816 harnidum
909 771 1015 834 corpus
1045 752 1260 827 eluctaturum,
1293 771 1379 832 quam
1404 759 1457 814 atr
1481 771 1519 812 ex

169 840 435 920 aquaeluctatur:
461 861 517 923 qno
541 843 666 905 obtento
691 842 762 903 turni
787 841 896 902 altiora
917 841 983 902 loca
1006 841 1158 915 tenebunt,
1186 860 1274 922 quam
1294 841 1367 902 baec
1392 840 1519 903 materia

167 927 350 1002 retractatis,
376 930 477 1012 ibique
500 931 668 994 existentes
691 931 937 993 illuminabuntur
952 931 1032 1001 (cum
1054 930 1116 991 sint
1139 929 1305 1004 materiati)
1330 931 1369 990 ad
1393 949 1519 1010 crepus-

167 1017 297 1080 culorum
312 1017 493 1092 claritatem,
512 1020 723 1083 retractionem
739 1038 810 1080 vero
825 1020 937 1081 nullam
952 1017 1091 1080 efficient.
1117 1017 1195 1080 Nam
1216 1018 1302 1080 furnis
1319 1017 1448 1098 (Capi,
1463 1017 1519 1090 11)

164 1105 303 1185 pellucidi
327 1107 461 1169 definitio
486 1127 543 1170 non
568 1110 720 1188 competit,
748 1127 839 1188 qnare
864 1125 960 1187 neque
984 1105 1134 1168 retractio.

249 1195 309 1256 His
333 1195 526 1259 circumventi
551 1197 778 1260 difficultatibus
803 1195 903 1258 aditus
927 1203 1078 1257 tentemus
1101 1214 1158 1257 non
1180 1213 1254 1274 quos
1279 1195 1371 1270 lpbet,
1397 1213 1520 1274 geome-

163 1282 267 1357 tricos,
299 1284 353 1345 sed
378 1302 452 1365 quos
482 1287 553 1349 licet
581 1287 721 1368 ἀτεχτυςτ
750 1293 962 1366 comparantes
991 1283 1120 1346 invicem
1147 1283 1235 1345 binas
1262 1283 1399 1345 binarum
1428 1283 1533 1360 incli-¹

163 1371 316 1434 nationum
344 1373 550 1438 retractiones.
602 1378 649 1438 Ac
676 1375 762 1436 initio
793 1375 910 1453 quidem
940 1381 1109 1435 statuamus
1138 1371 1351 1434 inclinationes
1382 1373 1518 1452 ejusdem

163 1460 236 1521 radii
259 1462 289 1523 in
315 1467 386 1523 aere
410 1471 441 1524 et
463 1465 493 1526 in
518 1465 612 1526 Terra
640 1471 756 1539 certas,
785 1482 861 1542 quae
893 1462 967 1524 nihil
991 1463 1030 1523 ad
1058 1481 1178 1524 sensum
1207 1461 1389 1541 discrepent.
1436 1461 1516 1522 Nam
1555 1459 1562 1465 ’

163 1567 218 1628 qno
241 1549 339 1612 minor
363 1560 412 1613 est
432 1554 586 1632 proportio
605 1551 658 1615 EO
679 1553 716 1614 ad
733 1550 799 1624 CA,
825 1553 880 1613 hoc
904 1551 999 1612 minor
1022 1558 1070 1612 est
1089 1550 1164 1612 baec
1189 1549 1393 1630 discrepantia
1416 1567 1515 1628 angu-

163 1638 255 1700 lorum
285 1647 319 1700 et
342 1639 399 1701 hoc
427 1643 542 1704 tardius
570 1643 712 1716 sentitnr3
742 1650 775 1701 nt
803 1640 931 1720 exempli
959 1659 1052 1702 causa
1075 1641 1116 1700 sit
1137 1635 1192 1699 EO
1217 1634 1274 1713 95,
1305 1638 1435 1719 qualium
1460 1634 1517 1700 AC

169 1723 306 1792 100000.
355 1727 454 1791 Erunt
476 1731 656 1792 incidentiae
680 1731 771 1791 tales.

643 1822 677 1881 ln
703 1820 798 1879 Terra
902 1818 935 1877 In
961 1817 1042 1878 Atre

689 1903 751 1970 90⁰
774 1941 811 1951 -
842 1937 880 1946 ·--
906 1901 1044 1968 870300

690 1991 751 2060 890
776 2029 813 2038 -
840 2025 879 2037 ν-
905 1989 1044 2056 870190
1131 1995 1137 2018 0

691 2079 816 2148 880-
843 2115 882 2124 -
907 2078 969 2144 860
990 2079 1045 2144 480

690 2169 750 2235 870
774 2205 813 2214 -
842 2205 880 2213 -
906 2165 967 2234 860
1012 2166 1044 2232 60

690 2259 750 2324 860
774 2295 812 2304 --
836 2297 879 2344 Ι·-
907 2255 969 2323 850
995 2258 1045 2321 170

591 2373 598 2398 1
691 2345 751 2411 850
775 2383 813 2391 --
842 2381 881 2392 -
907 2345 969 2414 840
992 2347 1045 2413 250

333 2493 338 2502 .
692 2433 752 2500 600
776 2469 816 2481 ···-
843 2470 882 2478 --
909 2433 969 2502 590
993 2427 1159 2516 54010001
1232 2478 1235 2485 .

254 2525 408 2586 Ponarnus
433 2542 504 2602 ergo
528 2525 556 2585 iu
582 2526 775 2588 inclinatione
800 2523 861 2591 600
884 2547 938 2589 seu
966 2525 1125 2590 altitudine
1152 2519 1212 2586 30⁰
1240 2520 1312 2582 nihil
1342 2519 1525 2581 sensibiliter

165 2612 285 2676 differre
318 2612 430 2673 radios.
477 2614 511 2674 In
546 2614 602 2676 hac
635 2635 707 2678 vero
741 2616 899 2678 altitudine
928 2614 1030 2696 Tycho
1068 2612 1118 2673 lib.
1148 2613 1172 2672 1.
1220 2609 1522 2690 Progymnasmatum

166 2703 215 2764 111.
243 2698 297 2766 79.
320 2700 406 2780 ponit
430 2702 641 2765 retractionem
662 2703 743 2766 Solis
768 2703 886 2767 102500.
924 2703 967 2764 Et
991 2710 1038 2763 est
1061 2719 1167 2761 secans
1193 2699 1293 2777 anguli
1318 2692 1380 2760 600
1402 2699 1522 2778 duplum

166 2790 253 2852 radii.
302 2789 384 2868 Ergo
417 2791 545 2869 simplex
578 2794 721 2854 retractio
753 2793 988 2873 proportionalis
1021 2788 1138 2869 angulis
1172 2783 1336 2850 1114300..
1365 2787 1424 2847 Uni
1454 2805 1524 2865 ergo

166 2880 273 2959 gradui
297 2879 480 2957 respondent
502 2877 590 2942 43000.
638 2882 706 2943 Jarn
730 2884 822 2962 igitur
851 2882 1068 2943 descendamus
1093 2877 1131 2938 ad
1156 2875 1427 2937 considerationem
1451 2875 1523 2936 reli-

167 2987 293 3048 quarum
324 2967 562 3029 inclinationum.
617 2971 696 3032 Nam
733 2970 759 3030 in
798 2971 956 3033 altitudine
990 2965 1026 3030 10
1059 2986 1123 3028 seu.
1150 2963 1342 3026 inclinatione
1375 2959 1436 3024 890
1472 2961 1524 3023 811

167 3056 343 3138 retringitur
366 3074 419 3135 per
442 3051 505 3129 260,
531 3067 563 3119 nt
592 3067 639 3120 est
668 3059 696 3119 in
726 3060 829 3121 eodem
862 3058 943 3120 tolio.
991 3055 1154 3128 Quaeritur
1184 3060 1297 3132 quanta
1325 3050 1366 3111 sit
1395 3050 1525 3112 altitudo

167 3146 250 3208 Solis
280 3145 413 3208 retracta
442 3164 533 3224 super
561 3153 667 3208 a‘erem.
718 3147 880 3218 Quaeritur
909 3165 1047 3208 numerus
1076 3143 1235 3224 graduum,
1267 3141 1315 3220 qui
1345 3136 1525 3202 1111143000

168 3235 386 3314 multiplicetur
415 3242 447 3294 et
474 3235 651 3313 productum
683 3239 709 3297 in
744 3245 899 3298 secantem
924 3237 989 3315 ejus
1023 3235 1135 3296 numeri
1168 3230 1327 3308 graduum,
1354 3226 1526 3308 abjectisb

170 3323 292 3396 ultimis,
318 3321 486 3384 constituat
509 3321 572 3386 260.
613 3323 665 3387 Sit·
682 3321 744 3388 840
765 3323 825 3397 160,
850 3323 1016 3404 multiplica
1042 3319 1066 3382 1“
1088 3315 1216 3382 240160
1240 3337 1293 3397 per
1315 3314 1402 3392 43000,
1428 3315 1529 3396 prodit

170 3411 315 3473 retractio
339 3413 573 3489 proportionalis
603 3412 687 3477 10000
703 3412 779 3477 23000
794 3410 893 3475 280010.
934 3413 1049 3474 Seoans
1073 3419 1122 3470 est
1146 3408 1302 3487 decuplum
1327 3406 1412 3467 radii.
1448 3405 1528 3482 Ergo

172 3499 314 3561 retractio
344 3496 392 3562 100
417 3497 469 3568 300,
517 3499 631 3564 Debuit
653 3499 716 3565 260.
766 3503 814 3564 811
839 3519 908 3583 ergo
933 3497 994 3564 870
1017 3499 1063 3573 80;
1088 3495 1256 3575 multiplica
1284 3493 1308 3556 1“
1338 3491 1399 3557 270
1421 3493 1452 3556 80
1477 3513 1529 3573 per

172 3587 259 3660 d3‘¹‘‚
288 3588 391 3666 prodit
418 3587 546 3668 simplex
573 3591 601 3654 10
626 3589 678 3654 300.
727 3592 843 3652 Secans
861 3599 915 3651 est
944 3589 1140 3668 vigecuplmn.
1188 3583 1270 3663 Ergo
1299 3584 1441 3643 retractio
1466 3579 1528 3644 200.

174 3677 286 3738 Debuit
318 3695 386 3737 esse
420 3673 471 3738 26.
520 3675 892 3752 8111111111870480;
926 3679 1092 3757 rnnltiplica
1126 3669 1154 3735 1“
1187 3667 1248 3734 270
1275 3668 1328 3734 480
1361 3689 1413 3750 per
1440 3666 1528 3741 43000,

174 3765 274 3842 prodit
302 3765 438 3842 simplex,
459 3769 600 3829 retractio
632 3765 736 3830 10300.
790 3767 905 3830 Secans
934 3775 982 3828 est
1011 3765 1186 3844 vigesimum
1217 3759 1396 3837 sextuplum.
1448 3758 1529 3835 Ergo

175 3855 316 3915 retractio
333 3852 394 4002 4270
418 3851 492 3918 2000.
540 3855 651 3918 Debuit
676 3852 739 3919 260.
782 3856 865 3932 Ergo
890 3857 919 3916 in
943 3863 1013 3916 1111
1039 3853 1141 3915 radius
1167 3850 1190 3910 is
1215 3850 1377 3911 inclinatur
1401 3847 1529 3907 retracta

174 3961 227 4021 per
248 3937 312 4003 870
357 3941 398 4002 70.
416 3937 458 4013 ²⁹)

261 4030 321 4090 Hic
344 4030 369 4091 si
396 4040 519 4110 utraque
544 4033 685 4096 retractio
710 4041 791 4106 recte
821 4033 959 4106 haberet,
990 4049 1112 4108 scopum
1132 4029 1196 4106 jam
1223 4024 1438 4104 tetigissemus.
1487 4021 1530 4082 m

178 4119 246 4199 qnia
268 4118 411 4182 retractio
435 4126 497 4180 tarn
520 4139 616 4201 parva
644 4121 671 4182 10
686 4119 762 4194 2500,
787 4120 905 4201 qualem
929 4139 966 4182 ex
982 4118 1121 4200 Tychone
1146 4114 1317 4186 ascivimus
1342 4113 1371 4174 in
1396 4111 1448 4172 111.
1471 4107 1532 4173 300

178 4209 316 4270 facillimo
341 4225 470 4268 errorem
503 4209 724 4271 observationis
748 4209 883 4270 admittit
910 4227 964 4288 per
992 4225 1025 4268 sc
1055 4225 1110 4267 non
1141 4204 1260 4284 quidem
1292 4219 1441 4281 magnum,
1478 4201 1529 4260 sed

178 4297 367 4376 postmodum
390 4297 420 4357 in
450 4296 699 4375 multiplicatione
728 4296 966 4370 intolerabilern;
996 4294 1155 4355 videndum
1184 4293 1274 4370 igitur
1301 4291 1366 4369 jam
1386 4289 1468 4359 erit,
1493 4309 1529 4348 aa

179 4385 267 4446 etiarn
297 4384 432 4464 reliquae
460 4384 672 4465 respondeant.
718 4385 800 4463 Ergo
824 4386 852 4446 in
883 4386 1036 4447 schemate
1066 4401 1131 4444 cnm
1157 4381 1198 4442 sit
1225 4380 1327 4458 posita
1350 4377 1434 4438 ΕΒΑ
1459 4371 1529 4446 910,

180 4473 246 4552 quia
267 4472 353 4534 ΒΕΑ
378 4467 447 4544 890,
472 4481 503 4534 11
531 4474 669 4535 inventus
693 4474 721 4534 in
747 4479 817 4533 abre
842 4471 884 4533 illi
909 4473 1093 4551 respondens
1117 4465 1255 4537 870470,
1282 4478 1329 4527 est
1352 4485 1423 4542 ergo
1448 4463 1531 4526 BAE

180 4561 344 4623 differentia
372 4555 408 4622 10
434 4557 495 4622 130.
543 4559 644 4631 Quare
667 4563 751 4624 ΒΕΑ
775 4557 913 4624 870470
936 4569 968 4621 et
992 4567 1023 4620 ut
1047 4559 1130 4620 sinus
1154 4558 1237 4617 ΒΕΑ
1262 4553 1397 4618 870470
1422 4550 1530 4617 99925

182 4650 216 4708 ad
239 4649 304 4719 AB,
329 4649 375 4709 ita
399 4649 481 4710 sinus
505 4649 590 4710 ΕΒΑ
614 4646 722 4714 99985
748 4650 786 4710 ad
809 4649 867 4711 ΑΕ
893 4644 1031 4713 100060.
1078 4645 1179 4715 Quare
1205 4645 1229 4705 si
1250 4645 1314 4722 jam
1340 4645 1407 4705 bine
1432 4643 1531 4722 inqui-

183 4755 276 4799 ramus
301 4738 518 4806 horizontalem
543 4737 571 4798 in
597 4738 691 4799 Terra
715 4738 936 4812 retractionem,
962 4739 1071 4816 fiatque
1097 4733 1180 4795 ΕΒΑ
1206 4728 1274 4806 900,
1306 4740 1375 4793 tnnc
1404 4727 1533 4796 100060
