3464 5524
622 223 653 274 ἀι
672 223 743 272 rebus
764 221 866 286 Optiola.
1121 299 1125 302 -
1378 221 1420 290 55

73 401 217 482 'phndumz
247 401 278 461 id
303 399 340 462 tit
366 405 450 460 motu
474 399 596 479 eapitis,
632 417 688 480 qno
712 417 788 461 unus
811 399 913 462 oculus
943 398 1070 462 efficitur
1094 406 1227 479 tempore
1253 401 1341 481 quasi
1363 403 1421 464 dno

96 493 131 553 rel
146 489 233 570 piures
255 489 351 552 oculi.
400 487 505 550 Omnis
530 507 599 550 vero
623 488 733 550 locatio
758 487 897 566 imaginis
922 497 970 550 est
993 489 1102 550 mentis
1117 509 1169 550 sen
1194 489 1289 550 ruanis
1313 508 1420 552 sensus

94 579 221 640 cmmnrds
244 597 333 657 opus.
382 575 531 656 Quicquid
552 577 629 638 enim
645 585 693 638 est
717 577 864 656 imaginis,
890 595 966 656 qnae
991 596 1047 637 non
1073 585 1120 638 est
1143 577 1195 650 rei,
1217 577 1247 638 id
1271 587 1319 639 est
1342 578 1421 640 iraa-

92 667 237 746 qinationis,
263 665 296 727 id
317 674 369 727 est
391 666 510 726 mentis.
558 665 606 726 Ex
629 666 782 727 schemate
807 663 858 728 53.
884 667 941 727 mei
965 665 1030 726 libri
1056 683 1159 744 negas,
1185 664 1208 726 S
1232 684 1301 728 csse
1324 668 1420 729 locum

90 755 216 833 imaginis:
252 773 324 816 esse
359 755 439 816 enim
467 753 591 816 cuilibet
621 756 705 816 oculo
738 765 911 834 separatum
944 755 1082 834 imaginis
1113 753 1208 815 locum
1232 755 1261 816 in
1286 757 1417 835 speculo.

87 845 138 906 Etsi
157 863 199 904 me
221 841 504 922 diutissime'prius
528 863 718 906 exercuerant
733 845 760 905 in
777 844 916 922 speculis,
941 863 1030 924 quam
1046 844 1152 906 librum
1168 843 1292 923 scripsi,
1316 852 1419 908 tamen

87 931 217 1012 conjecisti
241 949 290 994 me
316 933 347 992 in
372 949 483 993 noram
505 932 582 994 hanc
605 950 716 996 curam.
750 931 829 994 Nam
854 951 945 1012 usqua
970 933 1007 993 ad
1023 933 1173 999 oculorum
1187 933 1321 994 dolorem
1344 951 1417 995 corr-

86 1021 210 1100 tenplans
233 1039 293 1082 nou
320 1020 407 1100 potui
431 1021 667 1100 deprehendere,
697 1040 772 1101 quaa
797 1028 828 1083 tn
848 1021 951 1100 jactas
975 1021 1101 1083 vidisse:
1135 1040 1195 1081 una
1218 1023 1297 1083 enim
1319 1022 1418 1102 imago

85 1112 170 1172 oblata
190 1109 246 1172 init
270 1108 394 1188 utrique
419 1110 521 1184 oculo,
547 1109 634 1171 airnnl
659 1109 782 1190 apertis.
821 1111 879 1172 illa
903 1110 1021 1190 quidem
1040 1109 1136 1188 major
1150 1109 1310 1173 ridebatur
1333 1112 1418 1173 oculo

83 1199 234 1278 propinquo,
261 1215 355 1277 qnam
378 1198 427 1258 vel
452 1199 604 1261 remotiori
628 1198 675 1259 vei
698 1199 831 1278 utrisque
855 1199 979 1278 apertis.
1027 1197 1089 1260 Sed
1112 1197 1142 1259 id
1166 1217 1224 1260 non
1247 1206 1295 1260 est
1317 1203 1420 1269 nudae

84 1287 205 1348 lineamm
227 1285 285 1346 sed
311 1285 554 1356 aestimationis,
587 1294 621 1349 ut
643 1305 709 1350 cunr
733 1288 840 1349 stellae
864 1287 991 1350 humiles
1015 1287 1153 1348 uidentur
1177 1287 1306 1367 majores
1331 1306 1419 1366 quam

83 1374 229 1437 rertieales.
278 1373 466 1454 Superficies
490 1383 553 1436 tam
576 1376 744 1456 propinqua
766 1376 851 1438 oculo
875 1376 1005 1438 sentitur
1019 1376 1164 1438 velociter
1178 1377 1316 1455 locatque
1340 1377 1418 1438 ima-

83 1464 161 1542 ginem
182 1463 211 1524 in
235 1463 399 1542 superlicio
424 1465 574 1544 propiore,
609 1483 685 1545 qnae
717 1466 813 1527 altero
844 1473 947 1545 aperto
976 1463 1095 1526 videtur
1118 1464 1198 1525 ultra
1221 1465 1417 1545 superficiem,

82 1552 136 1630 qnia
154 1551 196 1612 illi
218 1569 280 1613 non
306 1552 353 1614 ita
377 1563 427 1613 est
451 1553 587 1628 evidens,
623 1553 730 1634 qnippe
761 1553 913 1618 remotior.
961 1551 1077 1615 Contra
1105 1553 1160 1614 iroc
1184 1551 1259 1615 vidi:
1292 1553 1419 1632 primum

82 1639 173 1719 apertis
196 1639 319 1701 duobus
343 1640 439 1702 oculis
464 1641 550 1721 inque
574 1642 733 1721 imaginem
755 1641 894 1714 intentis,
918 1649 989 1721 post
1005 1642 1102 1703 altero
1117 1642 1219 1702 clauso
1244 1641 1420 1716 (indirecta

81 1727 145 1806 globi
165 1728 360 1802 intuitione),
395 1728 481 1791 initio
513 1731 630 1809 quidem
663 1731 714 1792 nni
738 1730 914 1792 oeuio⁸visa
945 1738 994 1792 est
1016 1729 1114 1809 imago
1138 1748 1232 1810 aeque
1256 1725 1365 1809 magn'a
1388 1739 1420 1792 et

80 1816 224 1897 propinqua
247 1835 286 1879 ac
311 1818 397 1896 prins
424 1827 549 1899 utroque
574 1827 680 1900 aperto
704 1820 802 1881 oculo:
828 1819 916 1900 paulo
941 1837 1012 1880 vero
1027 1827 1113 1898 post,
1137 1818 1258 1880 immoto
1283 1827 1315 1880 at
1333 1821 1419 1881 oculo

80 1915 104 1964 et
121 1906 251 1984 speculo,
277 1905 384 1985 imago
408 1906 474 1971 risa
497 1915 546 1968 est
569 1907 704 1988 aequalis
728 1907 772 1968 rei
795 1915 826 1968 et
849 1914 966 1969 remota
986 1907 1262 1986 proportionaliter.
1302 1907 1421 1986 Nempe

80 1993 117 2052 nbi
146 2011 195 2054 nec
227 2013 401 2057 concursus
433 1995 633 2058 metatrieinm
666 2013 721 2057 nec
749 1996 902 2058 evidentia
934 1995 1099 2076 superficiei
1133 1994 1299 2074 specularis
1322 1996 1420 2058 locum

83 2081 206 2144 conciliat
228 2082 373 2163 imagini,
397 2083 440 2145 ibi
463 2084 634 2146 aestimatio
658 2085 850 2166 quantitatis,
880 2103 956 2164 quaa
980 2084 1144 2146 desumitur
1168 2103 1187 2144 a
1209 2090 1354 2146 consueta
1376 2085 1420 2147 rei

81 2177 155 2230 notae
177 2171 368 2250 quantitate,
396 2170 575 2235 locationem
598 2179 749 2252 praestat3
782 2190 884 2234 rerum
908 2173 963 2234 hoc
986 2172 1027 2234 ibi
1052 2179 1169 2234 tantum
1191 2171 1242 2234 ubi
1266 2172 1422 2235 evanescit

81 2258 278 2336 quodammodo
305 2260 439 2322 latitudo
459 2262 600 2341 pupillae.
647 2260 771 2323 Summa
794 2261 869 2323 haec
893 2270 954 2323 est:
989 2261 1136 2323 dualitate
1169 2261 1322 2324 oculomm
1345 2262 1420 2324 sub-

81 2347 130 2406 hta
150 2347 228 2408 locus
253 2349 404 2429 imaginis
427 2360 473 2434 est
498 2360 559 2412 tam
583 2358 728 2423 restratus,
754 2357 787 2414 ut
809 2370 847 2412 ex
870 2369 906 2412 eo
929 2369 979 2412 res
1003 2351 1070 2430 ipsa
1092 2351 1147 2411 sub
1165 2353 1277 2429 angulo
1300 2350 1420 2431 aequali

82 2452 124 2514 qno
144 2453 218 2498 nunc
240 2436 351 2517 imago
373 2439 507 2518 spectari
531 2447 638 2520 queat:
673 2439 717 2500 sin
743 2439 869 2520 denique
893 2439 999 2501 haeret
1021 2439 1166 2500 memoria
1187 2437 1245 2499 loci
1268 2457 1322 2519 per
1345 2440 1420 2502 duos
1493 2514 1495 2518 ¹

80 2523 162 2584 oculos
183 2525 254 2600 risi,
292 2527 374 2586 idem
400 2528 483 2588 locus
508 2536 557 2590 est
584 2529 633 2608 qui
658 2535 785 2607 apparet
813 2537 845 2589 et
867 2529 916 2590 uui
940 2529 1036 2590 oculo.
1084 2528 1147 2589 Imo
1171 2543 1241 2587 vero
1261 2527 1325 2606 jam
1348 2536 1419 2590 tan·

80 2609 133 2672 den
152 2615 283 2692 patescit
310 2621 343 2676 et
366 2621 450 2676 tunm
473 2616 720 2696 experimentum.
767 2616 896 2679 Intuitus
914 2616 1042 2697 primurn
1064 2635 1122 2678 uno
1139 2615 1223 2676 oculo
1247 2615 1418 2696 imaginem,

81 2709 168 2776 postea
189 2711 221 2764 et
246 2704 350 2764 altero
374 2713 479 2782 aperto
514 2712 581 2766 orta
604 2713 663 2766 „est
694 2705 792 2784 imago
822 2703 886 2766 loco
917 2703 1100 2784 profundiori
1125 2703 1248 2784 speculi.
1294 2704 1364 2767 Scis
1388 2713 1420 2766 tu

82 2791 202 2852 cansam?
249 2789 399 2852 Gennina
422 2801 454 2853 et
474 2793 633 2855 verissima
657 2813 750 2855 causa
773 2803 822 2856 est
844 2794 934 2855 haec:
956 2793 1033 2854 oculi
1055 2793 1100 2854 ita
1124 2793 1238 2853 assueti
1263 2801 1346 2865 sunt,
1377 2804 1419 2868 ut,

81 2876 137 2938 licet
156 2878 383 2960 defatigantur,
420 2890 520 2944 tamen
544 2883 583 2944 ad
614 2890 756 2962 punctum
779 2883 857 2944 idem
880 2883 1077 2962 propinquum
1101 2879 1218 2941 visibile
1242 2880 1419 2962 dirigantur.

81 2964 166 3046 ltaque
187 2985 255 3030 cum
280 2976 411 3048 apertus
435 2971 538 3032 oculus
564 2971 606 3032 sit
628 2971 742 3034 vicinus
756 2972 894 3052 speculo,
920 2970 1050 3050 reliquus
1078 2968 1105 3029 si
1129 2967 1291 3048 aperiatur,
1307 2969 1421 3050 rapitur·

81 3054 154 3116 etiam
174 3057 212 3118 ad
235 3058 268 3120 id
293 3065 440 3136 punctum
464 3060 595 3140 speculi,
629 3060 707 3140 quod
737 3067 785 3122 eat
815 3060 961 3133 vicinum,
995 3057 1064 3138 quia
1091 3057 1214 3118 evidens
1247 3065 1309 3132 est,
1343 3059 1421 3122 oculi

82 3145 234 3207 nereidem
257 3147 385 3208 rotundi
409 3148 523 3226 speculi
547 3158 688 3229 puuctum
712 3147 864 3211 intuentes
889 3148 1002 3210 directe
1025 3145 1196 3208 necessario
1219 3145 1323 3227 vident
1346 3148 1421 3210 duas

83 3228 208 3312 imagines
231 3235 369 3314 oblique.
404 3235 450 3296 Ex
464 3235 520 3312 hoc
544 3237 678 3298 nascitur
701 3237 811 3299 clarior
834 3236 994 3316 explicatio
1019 3253 1129 3296 causae
1154 3241 1185 3296 et
1208 3234 1315 3298 verior.
1352 3235 1421 3298 Bini

85 3321 146 3382 oculi
167 3339 253 3384 unam
281 3323 424 3384 videntes
448 3324 624 3405 imaginem,
659 3325 686 3388 in
711 3326 765 3388 illa
788 3327 900 3407 speculi
923 3331 1047 3405 puncta,
1083 3343 1159 3403 quae
1184 3332 1347 3388 causantur
1370 3345 1420 3387 re-

83 3425 253 3488 percussum,
288 3411 458 3490 diriguntur
490 3413 626 3494 oblique,
658 3415 784 3494 quilibet
820 3414 851 3477 in
880 3432 981 3494 suum;
1018 3421 1049 3474 et
1081 3413 1171 3474 iidem
1194 3432 1284 3476 unum
1306 3416 1420 3496 speculi

83 3505 204 3573 puuctum
226 3500 387 3562 intuentes
410 3502 540 3578 directe,
565 3504 641 3564 duas
663 3504 768 3566 vident
790 3503 945 3584 imagines.
977 3501 1108 3564 Axioma
1131 3508 1244 3564 certum
1261 3509 1319 3566 ast.
1352 3505 1421 3566 Jarn

84 3601 142 3648 unns
175 3588 280 3650 oculus
315 3595 438 3668 apertus
471 3590 583 3653 directe
622 3593 715 3654 fertur
750 3593 781 3653 in

84 3683 205 3750 punctum
228 3675 452 3756 repercutiens,
477 3679 565 3759 inque
581 3699 616 3741 eo
632 3699 685 3742 seu
702 3680 783 3742 ultra
1050 3677 1103 3742 rig.
1125 3673 1167 3724 29.

84 3761 150 3824 ridet
170 3772 202 3826 et
218 3764 385 3844 imaginem
398 3767 521 3830 directe.
558 3767 780 3848 Superveniens
1091 3779 1094 3784 “

84 3847 157 3926 igitur
177 3853 253 3916 alter
277 3853 385 3916 oculus
407 3855 487 3918 idem
505 3859 619 3937 speculi
637 3866 780 3936 punctum

84 3936 179 4010 directe
207 3943 345 4004 intuetur
377 3945 540 4026 tantisper,
574 3947 669 4008 donec
698 3947 781 4008 aliud

85 4036 206 4104 punctum
228 4029 381 4106 inveniat,
414 4033 443 4093 in
477 4034 555 4114 quod
585 4035 703 4115 oblique
731 4033 780 4096 in·

86 4123 156 4177 tuens
177 4138 266 4182 uuam
291 4139 361 4182 cum
384 4121 465 4182 socio
489 4123 594 4186 uideat
610 4123 779 4204 imaginem.

87 4199 149 4266 lion
169 4217 348 4289 perpetuum
371 4227 429 4270 non
454 4219 502 4273 ast
524 4231 579 4274 nec
594 4213 683 4275 durat
702 4213 778 4274 dna-

87 4289 142 4354 litas
172 4295 332 4378 imaginis,
373 4297 426 4358 sed
459 4299 586 4363 redeunt
616 4301 647 4363 in
679 4319 779 4376 unam,
1038 4337 1059 4380 χ

87 4377 145 4442 licet
172 4403 234 4448 cnm
268 4385 376 4448 dolore
409 4395 531 4468 propter
563 4390 781 4454 contentionem
1062 4387 1067 4398 “

88 4469 224 4538 oculorum.
265 4471 342 4536 Alia
364 4481 398 4538 ct
420 4479 602 4540 constantior
616 4487 666 4540 est
688 4498 780 4540 causa
853 4411 946 4561 Χ

89 4553 223 4624 talitatis
252 4561 403 4642 imaginis
438 4565 468 4626 in
504 4569 653 4630 concavis.
700 4568 780 4631 Nam

91 4645 137 4706 siut
168 4651 222 4712 dno
256 4651 341 4713 radii
376 4649 440 4726 Ac,
481 4653 536 4716 ΒΕ
570 4655 709 4738 paralleli
742 4656 779 4716 ab

90 4733 174 4802 atem
202 4739 296 4806 stella
322 4741 456 4823 delapsi,
493 4746 541 4826 qui
573 4745 780 4828 repercutien-
