3694 5528
702 317 758 354 oum
775 301 874 354 Nunnio
892 299 1004 352 ffiderso.
1461 299 1529 370 499

169 477 278 540 brocas
310 495 448 558 carpere,
480 486 516 540 nt
546 429 584 542 ea
612 479 731 543 minuta
757 479 857 543 lucida
888 497 999 559 magna
1026 484 1157 556 putetur.
1209 475 1289 540 Vide
1319 475 1432 558 Optica
1458 497 1528 544 mea

169 567 220 630 fol
247 561 433 734 2Sssethuitnr'
424 654 454 716 in
478 661 530 716 tuo
553 653 656 716 libello
681 657 732 719 iol.
760 653 810 720 13.
828 651 901 729 ¹⁰)
893 651 1050 734 ingeniosa
1078 661 1111 716 et
1138 651 1275 732 legitima
1307 653 1526 718 demonstratio

168 743 244 822 aJ’us,
268 744 347 824 quod
372 762 391 804 a
412 761 460 804 me
483 761 599 824 quoqne
624 744 676 806 fol.
702 741 766 808 286
798 744 913 824 passim
944 742 1057 806 dictum
1090 749 1153 816 est,
1189 742 1427 806 demonstratum
1454 760 1525 806 vero

167 829 307 894 minime·
331 840 450 894 montes
463 831 600 893 Lunares
623 834 717 895 multo
740 834 870 914 majores
894 849 961 894 esse
985 831 1135 904 Terrenis,
1160 830 1248 909 idque
1272 849 1330 892 non
1354 835 1471 892 tantum
1494 832 1524 894 in

166 921 358 1000 proportione
382 939 502 982 snorum
526 919 690 999 globorum,
717 922 795 1001 quod
819 939 876 1000 ego
900 921 1044 993 dixeram,
1069 919 1176 982 sedin
1200 919 1424 997 comparatione
1447 918 1524 980 sim-

166 1008 247 1088 plici.
294 1007 419 1071 Scilicet
443 1008 672 1072 desiderabatur
695 1011 734 1072 ad
758 1011 814 1072 hoc
838 1009 1102 1126 demonstrandum
1126 1015 1210 1070 tuum
1232 1007 1445 1086 perspicillum,
1470 1013 1524 1070 tua

164 1097 197 1158 in
220 1096 410 1159 observando
436 1096 603 1176 diligentia.

253 1185 319 1246 Nec
352 1184 449 1246 minus
488 1185 642 1264 ingeniose
673 1193 704 1246 te
737 1186 790 1248 iol.
818 1180 867 1246 tt.
903 1201 1060 1263 comparas
1093 1183 1132 1244 ad
1171 1180 1412 1254 observationem
1445 1181 1522 1244 disci

164 1271 311 1347 Lunaris‚
336 1292 402 1336 oum
426 1273 454 1334 ei
475 1273 603 1352 primum
624 1282 806 1336 enascuntur
828 1291 954 1344 cornua,
984 1272 1134 1353 docesque
1164 1289 1275 1332 cornua
1304 1271 1424 1350 objectu
1447 1270 1522 1332 tecti
1609 1287 1612 1295 ’

165 1369 279 1441 tegere,
294 1368 328 1423 ut
337 1362 469 1442 reliquus
484 1361 585 1423 discus
600 1363 741 1424 emineat.
763 1363 823 1423 Est
830 1360 879 1424 hic
889 1361 962 1424 mihi
976 1361 1080 1422 modus
1095 1359 1277 1422 observandi
1291 1357 1520 1422 usitatissimus.

253 1449 340 1520 Quod
359 1469 430 1512 vero
446 1451 732 1514 demonstrationem
755 1449 876 1523 attinet,
901 1468 976 1528 quae
1001 1449 1144 1521 ostendit,
1160 1447 1216 1508 hon
1235 1447 1334 1510 lumen
1355 1467 1392 1510 ex
1415 1453 1521 1510 nostra

163 1537 283 1600 Tellure
307 1539 433 1612 effundi,
462 1559 499 1600 ea
518 1539 581 1618 jam
606 1560 624 1600 a
647 1536 690 1602 20
714 1539 801 1602 aunis
825 1557 919 1617 eoque
952 1536 1079 1617 amplius
1107 1534 1165 1600 fuit
1195 1553 1289 1616 penes
1312 1535 1518 1610 Mnestheum,

89 1651 96 1661 ·
163 1644 202 1686 ex
234 1626 318 1704 cujus
352 1627 490 1688 doctrina
521 1627 604 1688 illam
636 1627 816 1690 transtuli
808 1647 837 1688 in
865 1645 963 1688 meam
986 1624 1201 1688 Astronomiae
1230 1631 1369 1711 partem
1377 1621 1519 1703 Opticam

164 1711 240 1792 Gap.
266 1714 322 1775 Vl.
354 1715 395 1778 N.
423 1713 473 1778 10.
506 1715 682 1794 plenissimo
714 1721 863 1792 tractatu,
896 1714 946 1776 ubi
970 1715 1092 1778 easdem
1121 1712 1214 1775 etiam
1245 1711 1400 1791 opiniones
1424 1712 1519 1792 (qnod

165 1802 266 1864 lumen
289 1802 346 1864 hoc
369 1803 411 1865 sit
435 1824 454 1864 a
476 1802 549 1866 Sole
572 1803 620 1864 vel
645 1823 663 1864 a
686 1805 823 1876 Venere)
847 1811 946 1864 tecum
971 1803 1075 1864 eodem
1103 1801 1191 1863 rnodo
1214 1800 1326 1876 reluta,
1359 1799 1417 1862 nisi
1441 1801 1518 1881 quod

164 1890 244 1952 hano
267 1890 403 1953 ultimam
426 1892 533 1953 merito
557 1911 611 1954 suo
634 1893 725 1973 paulo
749 1911 837 1972 qnam
860 1899 893 1954 tu
915 1891 1035 1954 mollius
1058 1889 1184 1970 excipio.

235 1977 348 2042 'Putas
372 1979 425 2043 iol.
453 1977 504 2044 15.
528 1980 666 2042 ruborem
683 1981 767 2042 illurn
781 1981 885 2042 Lunae
909 1981 1069 2054 aheneum,
1094 1995 1182 2059 quem
1205 1976 1285 2040 eirca
1308 1976 1518 2040 extremitates

163 2066 286 2129 umbrae
310 2069 461 2130 Terrenus
484 2069 573 2132 Luna
596 2069 744 2148 eclipsata
771 2068 897 2137 retinet,
926 2068 1040 2149 reliquo
1068 2085 1191 2147 corpore
1215 2065 1301 2128 fusca
1324 2073 1356 2126 et
1377 2065 1515 2141 evanida,

160 2173 229 2216 esse
262 2175 301 2216 ex
334 2155 552 2219 illuminatione
584 2157 700 2219 vicinae
736 2157 926 2220 substantiae
959 2155 1122 2218 aetherias.
1178 2153 1316 2233 Adjuvas
1349 2171 1447 2218 meam
1478 2155 1516 2214 de

160 2243 265 2306 eodem
296 2245 405 2306 mbore
435 2245 669 2334 disputationem
692 2246 744 2308 fol.
769 2243 834 2308 300
858 2243 1053 2324 Opticorum,
1088 2243 1137 2305 ubi
1165 2261 1233 2306 eam
1257 2261 1294 2304 ex
1322 2240 1493 2304 refractis
1485 2261 1516 2304 ru

158 2338 261 2394 nostro
285 2340 354 2394 aere
378 2332 460 2394 Solis
483 2317 585 2396 radiis
601 2334 733 2405 deduco,
757 2342 789 2396 et
812 2334 1022 2397 accommodas
1046 2351 1096 2406 ea,
1104 2350 1198 2412 quae
1227 2330 1277 2394 iol.
1303 2325 1367 2392 319
1392 2328 1514 2405 adduxi,

158 2421 196 2480 ad
220 2420 367 2482 rationem
391 2421 558 2495 dicendam,
584 2440 636 2483 cur
659 2423 688 2484 in
712 2422 803 2485 totali
817 2421 899 2484 Solis
924 2421 1029 2500 eclipsi
1052 2439 1111 2482 non
1130 2437 1249 2498 semper
1267 2437 1327 2480 nox
1344 2419 1399 2480 fiat
1421 2437 1513 2492 mera,

158 2523 234 2587 qnae
258 2508 291 2570 in
311 2509 387 2570 libro
411 2511 448 2570 de
467 2509 567 2572 Stella
584 2511 673 2572 Nova
695 2510 812 2590 repetii.
851 2510 964 2572 Dubito
984 2507 1133 2583 Galilaea,
1159 2526 1196 2568 au
1221 2506 1318 2586 possit
1340 2507 1415 2568 haee
1439 2514 1512 2567 ate

159 2596 241 2658 dicta
264 2615 356 2658 cansa
379 2597 447 2660 hnic
475 2599 612 2660 sulficere
642 2599 759 2661 rubori:
788 2599 865 2660 haec
889 2598 967 2660 enim
989 2598 1033 2660 nti
1056 2597 1102 2658 vis
1130 2613 1239 2658 aurora
1261 2595 1381 2656 Lunare
1404 2611 1512 2671 corpus

157 2684 333 2748 circumstat
355 2687 451 2749 multo
474 2687 671 2766 aequabilius,
696 2707 784 2767 qnam
804 2695 837 2748 nt
855 2687 944 2748 mbor
962 2686 1021 2748 iste
1037 2685 1081 2748 sio
1104 2681 1334 2764 inaequabiliter
1347 2682 1377 2742 in
1392 2681 1512 2742 Lunam

158 2772 325 2847 derivetur,
350 2782 385 2836 ut
407 2775 570 2838 ostendunt
592 2795 660 2838 mea
683 2777 734 2838 fol.
760 2773 824 2838 303
853 2775 950 2837 allata
977 2773 1202 2853 experimenta:
1231 2789 1308 2850 quae
1332 2769 1381 2830 ubi
1405 2769 1510 2830 intuo

158 2867 326 2941 systemate
348 2865 449 2925 mundi
472 2864 502 2926 in
525 2863 803 2928 considerationem
817 2863 989 2938 adduxeris,
1013 2881 1101 2940 spero
1125 2870 1156 2923 te
1178 2861 1235 2921 hac
1258 2859 1288 2920 in
1311 2867 1398 2938 parts
1422 2863 1509 2918 tanto

159 2949 276 3012 felicius
300 2951 337 3011 de
367 2969 464 3014 rerum
495 2952 596 3014 causis
628 2953 860 3032 disputaturum.
878 2947 920 3024 ¹¹)
966 2951 1016 3012 Ad
1047 2950 1194 3030 pallorem
1226 2955 1327 3010 tamen
1350 2946 1455 3007 Lunae
1480 2945 1510 3008 in

158 3037 288 3100 mediam
307 3039 443 3102 umbram
461 3041 835 3115 imperfectissimum,
860 3040 909 3103 ubi
924 3047 1048 3102 cessant
1064 3037 1142 3100 radii
1156 3035 1239 3099 Solis
1263 3033 1394 3106 refracti,
1420 3033 1508 3094 facile

156 3126 273 3204 patior,
298 3133 332 3189 ut
356 3129 445 3207 J'uxta
474 3129 575 3191 sidera
597 3127 700 3194 Solem
733 3129 977 3203 circumstantia,
1009 3127 1117 3208 quibus
1141 3141 1196 3204 ego
1220 3123 1271 3186 fol.
1295 3119 1360 3186 303
1383 3119 1509 3202 palloris

158 3231 282 3276 oausam
305 3217 510 3296 mansoaripsi,
534 3216 608 3280 haec
632 3226 686 3280 tua
707 3236 817 3281 aurora
839 3225 873 3280 ιιι
895 3216 993 3296 potior
1015 3235 1108 3278 cansa
1130 3214 1306 3276 adducatur.

244 3303 375 3366 Absolvi
402 3306 530 3368 alterum
557 3305 653 3368 libelli
675 3307 720 3369 tui
743 3313 853 3386 caput,
885 3307 921 3368 de
945 3306 1051 3368 Luna:
1085 3312 1207 3368 transeo
1231 3301 1271 3362 ad
1300 3297 1441 3374 tertiam,
1466 3297 1508 3360 ds

156 3389 346 3454 sideribus
370 3394 521 3456 ceteris.

244 3479 346 3542 Prima
375 3488 429 3542 tna
462 3481 633 3544 observatio
665 3488 715 3543 est
746 3479 960 3562 magnitudinis
990 3479 1140 3554 siderum,
1175 3497 1298 3559 quorum
1327 3477 1506 3556 corpuscula

157 3567 331 3646 perspicillo
350 3568 493 3648 inspecta
509 3571 539 3632 in
558 3570 751 3650 proportione
771 3572 809 3632 ad
823 3571 927 3634 Lunae
952 3567 1130 3630 diametrum
1148 3567 1194 3630 ais
1217 3566 1319 3630 minui.
1370 3565 1507 3628 Adducis

157 3661 189 3714 et
211 3655 273 3716 alia
294 3655 414 3732 similia,
438 3657 544 3737 quibus
567 3659 677 3720 stellae
699 3659 878 3734 minuuntur,
902 3657 1060 3720 verissima
1082 3655 1209 3718 etmihi
1232 3655 1321 3733 longo
1345 3673 1400 3716 usu
1422 3671 1507 3716 com-

155 3737 255 3819 perta,
279 3705 497 3824 crepusculum,
520 3747 609 3822 diem,
634 3749 753 3817 nubem,
777 3748 885 3822 velum,
909 3746 1018 3808 vitrum
1042 3745 1216 3808 coloratum.

240 3831 303 3894 Hic
326 3840 395 3894 tuas
418 3834 537 3896 excutio
560 3835 736 3906 locutiones,
763 3836 924 3914 „angulum
946 3833 1089 3896 visorium
1111 3852 1171 3896 non
1193 3851 1212 3892 a
1234 3827 1374 3910 primario
1398 3821 1506 3890 stellae

154 3921 347 3998 corpusculo,
373 3922 425 3982 sed
449 3942 469 3983 a
491 3924 553 3984 late
572 3924 750 3986 circumfuso
774 3925 932 4004 splendore
962 3921 1158 3984 terminari:
1189 3919 1282 3980 item:
1316 3915 1513 3997 ,perspicillo

153 4007 323 4070 adscititios
346 4011 606 4091 accidentalesque
629 4011 762 4092 fulgores
784 4012 882 4074 stellis
906 4009 1044 4074 adimi.

242 4095 396 4167 Quaerere
419 4098 502 4162 lubet
525 4119 563 4161 aa
586 4107 616 4162 te
641 4097 790 4176 Galilaea,
815 4119 884 4162 oum
913 4099 1088 4179 acquiescas
1110 4097 1141 4158 in
1165 4095 1265 4158 causis
1288 4116 1307 4155 a
1330 4112 1377 4156 me
1401 4093 1505 4156 allatis

153 4184 240 4264 hujus
273 4187 333 4260 rei,
368 4187 417 4248 nbi
441 4189 477 4249 de
510 4189 599 4250 modo
631 4187 755 4250 visionis
787 4188 906 4267 disputo
930 4188 982 4250 fol.
1007 4182 1071 4249 266
1095 4203 1131 4248 ao
1158 4177 1505 4264 praeseminaret&

153 4271 292 4353 Opticae.
339 4275 420 4336 Nam
443 4275 470 4336 si
493 4275 567 4338 nihil
591 4274 760 4351 desideras,
784 4276 888 4339 licebit
910 4276 965 4338 tibi
988 4293 1076 4355 porro
1099 4272 1217 4354 proprie
1242 4272 1331 4352 loqui,
1355 4269 1504 4332 luminosa

150 4369 263 4440 puncta
286 4381 378 4424 conos
402 4363 525 4426 sundere
551 4383 621 4426 suos
637 4365 666 4426 in
686 4364 904 4446 crystallinum,
928 4371 959 4426 st
976 4369 1127 4444 postcom
1143 4360 1324 4424 refractione
1343 4358 1427 4420 iacta
1450 4375 1502 4420 eos

150 4467 268 4511 narsum
290 4451 320 4512 in
344 4460 486 4530 punctum
510 4451 706 4526 contrahere3
730 4452 800 4532 qnia
821 4471 893 4516 vero
916 4451 947 4514 id
969 4458 1112 4532 punctum
1134 4467 1193 4512 non
1217 4447 1341 4526 attingit
1362 4447 1500 4522 retinam,

153 4537 332 4600 dilatatione
364 4558 444 4601 nova
477 4539 733 4621 superficieculam
764 4540 880 4602 retinas
913 4547 1056 4620 occupat,
1088 4558 1156 4601 cum
1189 4536 1324 4600 debuerit
1354 4553 1501 4615 occupare

150 4633 311 4704 punctum:
336 4627 436 4707 itaque
460 4627 701 4708 perspicillomm
723 4647 814 4708 opera
836 4629 913 4703 fieri,
946 4638 981 4690 nt
1003 4629 1065 4690 alia
1091 4626 1271 4708 refractione
1294 4623 1501 4687 intercedente

149 4721 292 4792 punctum
313 4715 388 4778 illud
410 4717 441 4778 in
465 4717 649 4780 retiiormsm
678 4724 839 4795 competat.
884 4716 954 4780 Non
978 4716 1070 4795 igitur
1100 4714 1192 4796 aliqui
1214 4713 1401 4776 descendunt
1423 4711 1502 4774 radii

149 4801 180 4862 in
204 4802 321 4864 oculum
344 4823 363 4866 a
384 4806 544 4895 splendore
575 4804 674 4867 stellis
697 4804 831 4866 extamus
854 4805 1053 4878 circumfus03
1081 4804 1135 4868 sed
1157 4808 1274 4872 contra,
1298 4801 1349 4881 qui
1370 4801 1501 4876 despen-

1228 4902 1289 4970 ³2*
