3648 5530
345 311 412 380 550
956 315 1083 379 Dropides

382 492 436 558 mg.
456 490 498 544 l&
620 493 664 553 Ut
687 497 787 552 aulem
811 501 843 551 et
865 499 969 552 erecta
992 492 1033 552 sit
1056 489 1164 568 imago,
1188 497 1310 570 oportet
1338 511 1403 554 eam
1431 492 1478 554 bis
1505 492 1613 554 everti.
1659 491 1699 552 Et

497 587 567 671 ¹'ut
590 581 645 641 hoc
668 579 730 654 fiat,
758 581 868 640 lentem
891 579 1060 659 propiorem
1084 586 1205 657 oportet
1224 580 1322 658 ipsam
1347 581 1439 640 etiam
1463 599 1531 642 esse
1554 587 1699 642 remotam

534 689 552 727 a
575 669 735 728 remotiore
760 667 840 728 ultra
863 667 943 726 illius
967 677 1080 746 puncta
1103 685 1274 728 concursus.

620 754 670 817 Sit
694 756 771 816 enim
793 755 850 816 AB
879 754 1011 828 visibile,
1046 753 1156 816 ODEF
1177 753 1242 815 lens
1267 755 1304 815 ab
1333 755 1419 815 oculo
1451 755 1604 817 remotior.
1651 753 1699 815 Sit

531 843 724 923 Kpunctum
756 862 926 904 concursus.
976 841 1009 904 Si
1038 861 1109 921 ergo
1143 843 1242 921 imago
1272 843 1367 922 ipsius
1392 843 1448 903 AB
1473 843 1621 905 evertitur
1644 842 1698 903 bac

530 951 590 993 una
613 933 704 1004 lente,
727 939 869 1010 punctum
889 929 937 990 ubi
961 932 1060 1010 imago
1085 939 1212 1010 apparet
1236 951 1341 991 eversa
1365 931 1423 992 erit
1445 933 1527 994 ultra
1546 931 1575 992 K
1601 949 1698 991 remo-

529 1021 589 1081 tius
614 1041 632 1081 a
656 1020 736 1081 lente
758 1038 813 1099 per
831 1019 964 1082 LXXV.
1002 1019 1050 1080 Sit
1074 1019 1122 1080 ille
1148 1020 1230 1079 locus
1254 1020 1289 1092 L,
1315 1027 1345 1079 et
1370 1021 1441 1098 quia
1463 1021 1581 1099 species
1607 1019 1697 1099 ipsius

530 1108 620 1169 lentis
643 1108 696 1168 EF
719 1127 842 1188 cumque
866 1127 902 1167 ea
925 1107 1024 1185 imago
1049 1125 1155 1168 eversa
1179 1108 1271 1184 ipsius
1287 1107 1343 1168 AB
1368 1109 1459 1168 debet
1482 1109 1576 1169 everti
1602 1109 1698 1168 denuo

530 1197 698 1275 paraliam
723 1196 842 1268 lentem,
868 1214 943 1275 quae
968 1197 1009 1255 sit
1026 1193 1095 1268 GH,
1120 1196 1218 1274 imago
1243 1214 1313 1255 vero
1338 1195 1380 1256 rei
1403 1195 1458 1257 AB
1483 1215 1593 1256 eversa
1615 1215 1699 1256 com-

445 1287 459 1343 .'
530 1283 723 1361 prehenditur
747 1284 833 1344 lineis
857 1283 978 1354 ADFL,
1004 1279 1133 1344 BGEL:
1163 1303 1286 1345 necesse
1311 1292 1359 1343 est
1383 1284 1473 1361 igitur
1500 1285 1614 1345 lentem
1640 1282 1697 1343 GH
1799 1301 1800 1348 1

529 1391 597 1432 esse
622 1373 703 1433 ultra
723 1372 750 1432 L
773 1389 827 1450 per
847 1371 995 1433 LXXVI.
1033 1369 1103 1432 Fuit
1127 1372 1239 1432 veroL
1263 1373 1384 1432 alente
1401 1371 1455 1432 EF
1477 1382 1596 1433 remota
1620 1373 1698 1432 ultra
1799 1371 1800 1380 ’

528 1459 558 1520 X
589 1467 731 1539 puuctum
763 1477 933 1520 concursus.
985 1459 1067 1544 Ergo
1101 1459 1162 1520 GH
1192 1460 1257 1520 lens
1290 1460 1422 1521 secunda
1454 1461 1548 1522 multo
1581 1461 1697 1538 lougius

528 1548 728 1610 removebitur
760 1548 840 1609 ultra
872 1548 902 1607 K
934 1548 997 1626 ejus
1029 1558 1172 1626 punctum
1205 1567 1385 1624 concursus,
1417 1557 1451 1609 ut
1474 1549 1570 1622 FLH,
1602 1547 1696 1620 ELG,

528 1637 687 1698 venientes
711 1636 750 1698 ab
779 1635 1019 1698 extremitatibus
1043 1637 1096 1712 rei,
1127 1637 1288 1698 secundam
1311 1636 1528 1698 refractionem
1553 1637 1582 1697 in
1607 1635 1647 1711 G,
1670 1637 1697 1695 Η

528 1726 621 1804 passi,
647 1725 769 1785 tandem
793 1723 900 1784 iterum
925 1730 1035 1786 cocant
1058 1735 1090 1786 et
1113 1735 1268 1805 cogantur,
1285 1725 1324 1785 ad
1349 1726 1465 1786 oculum
1488 1725 1518 1785 in
1542 1719 1574 1786 I.’

616 1812 752 1892 Denique
784 1812 858 1872 haec
891 1813 991 1890 imago
1026 1813 1120 1876 ruinor
1151 1824 1200 1876 est
1231 1833 1263 1875 re
1294 1812 1413 1874 visibili.
1461 1813 1541 1874 Nam
1573 1811 1696 1892 primurn

528 1901 646 1982 species
669 1900 764 1980 ipsius
788 1899 842 1962 EF
864 1902 1040 1980 (eorumque
1065 1922 1140 1982 quae
1164 1921 1218 1982 per
1243 1921 1307 1963 eam
1339 1901 1493 1973 videntur)
1517 1919 1625 1962 eversa
1646 1919 1698 1980 per

530 1991 640 2051 lentem
665 1988 724 2050 GH
753 1996 784 2050 et
813 1988 956 2051 distincta
980 2007 1142 2069 apparens,
1167 1991 1224 2053 erit
1246 1989 1342 2051 minor
1364 1991 1393 2050 iu
1418 1991 1433 2050 I
1456 2007 1510 2068 per
1532 1989 1694 2052 LXXXV.

529 2077 591 2140 Sed
614 2095 669 2158 per
692 2077 828 2149 eandem,
855 2077 940 2140 oculo
964 2077 994 2138 in
1013 2079 1041 2140 L
1065 2079 1240 2153 constituto,
1263 2079 1360 2157 ipsum
1384 2079 1476 2139 etiam
1499 2077 1619 2138 visibile
1642 2077 1696 2138 AB

529 2183 583 2244 per
598 2166 709 2227 lentem
725 2163 780 2227 OD
803 2183 949 2240 eversum,
974 2168 1071 2230 minus
1096 2186 1242 2248 occupare
1267 2168 1397 2245 spatium
1416 2167 1535 2227 videtur
1553 2165 1583 2227 in
1608 2167 1694 2239 lente,

532 2273 619 2332 quarn
647 2271 701 2333 pro
730 2271 786 2314 sua
813 2255 1034 2334 magnitudine,
1067 2258 1137 2338 quia
1160 2258 1188 2318 L
1212 2273 1268 2316 nou
1299 2262 1402 2334 potest
1433 2273 1500 2316 esse
1532 2255 1695 2333 proximum

421 2335 427 2348 '
531 2341 589 2421 ipsi
612 2341 643 2403 K
665 2349 776 2421 puncto
804 2361 981 2416 concursus,
1010 2363 1045 2406 ue
1069 2345 1160 2407 nimia
1184 2345 1225 2406 sit
1248 2344 1395 2406 confusio.
1440 2343 1468 2404 L
1491 2343 1571 2404 enim
1594 2343 1694 2422 proxi-

530 2449 609 2492 mum
639 2449 706 2491 esse
740 2430 831 2491 debet
862 2441 973 2511 puncto
1006 2429 1209 2497 distinctionis
1238 2440 1272 2492 ut
1305 2441 1336 2492 et
1365 2432 1389 2494 I.
1445 2429 1575 2493 Gemino
1609 2432 1695 2512 igitur

530 2519 647 2580 nomine
671 2518 789 2580 visibile
812 2519 869 2581 AB
894 2531 1140 2601 repraesentatur
1163 2539 1297 2601 parvum.

617 2605 829 2670 LXXXVIII.
853 2607 1057 2672 Problema.
1104 2611 1229 2672 Duobus
1253 2609 1396 2668 convexis
1420 2607 1542 2688 pingere
1566 2607 1695 2670 visibilia

528 2715 619 2777 super
640 2714 753 2777 papyro
778 2697 838 2756 situ
862 2705 972 2758 erecto.

618 2785 778 2845 Problema
800 2784 850 2844 diu
874 2785 1053 2864 quaesitum.
1099 2786 1244 2847 Habeant
1272 2783 1365 2863 igitur
1394 2801 1530 2844 convexa
1554 2791 1587 2844 ut
1613 2779 1693 2862 prdp.

529 2872 724 2945 LXXXVII,
740 2871 857 2932 scilicet
870 2881 903 2932 ut
917 2873 982 2934 lens
992 2875 1112 2954 propior
1125 2891 1239 2954 papyro
1259 2871 1301 2932 sit
1315 2872 1396 2933 ultra
1409 2871 1438 2930 K
1456 2879 1599 2951 puuctum
1623 2890 1693 2932 con-

527 2979 641 3022 cursus.
693 2960 771 3021 Nam
802 2961 934 3038 penicilli
967 2961 1048 3024 circa
1075 2964 1105 3023 K
1138 2962 1311 3023 desinentes
1336 2959 1365 3020 iu
1393 2977 1529 3034 acumen,
1561 2959 1642 3021 ultra
1668 2959 1695 3020 Κ

511 3045 695 3110 'dilatantur
718 3048 825 3108 iterum
849 3057 882 3109 et
904 3049 1066 3130 divergunt
1089 3071 1108 3110 a
1127 3069 1159 3111 se
1184 3057 1294 3111 mutuo.
1333 3047 1395 3109 Eos
1418 3049 1520 3128 itaque
1542 3049 1607 3109 lens
1623 3065 1694 3109 con-

526 3155 604 3197 vexa
628 3137 727 3197 altera
750 3137 913 3214 excipiens,
939 3155 1018 3200 nova
1036 3139 1218 3202 refractione
1243 3139 1325 3198 facta
1343 3146 1375 3197 et
1397 3137 1479 3198 acuit
1502 3136 1610 3197 iterum
1633 3137 1695 3196 sin-

526 3225 613 3303 gulos
637 3230 668 3285 et
691 3241 872 3303 convergere
895 3225 975 3288 iuter
998 3248 1030 3288 se
1056 3227 1131 3288 lacit
1153 3227 1308 3287 universos
1329 3225 1366 3285 ad
1391 3243 1500 3285 novam
1524 3225 1695 3295 sectionem,

527 3331 586 3390 qua
610 3318 753 3390 superata
776 3311 838 3391 jam
874 3313 1036 3394 divergunt
1058 3324 1090 3376 et
1113 3315 1157 3375 sic
1182 3314 1210 3375 in
1239 3331 1384 3394 papyrum
1417 3311 1569 3391 primitivo
1594 3314 1695 3374 ordine

527 3399 713 3460 acuminibus
737 3399 799 3460 suis
827 3401 972 3463 incidunt.
1019 3403 1068 3464 Fit
1092 3403 1171 3464 enim
1201 3402 1355 3464 schemate
1382 3399 1431 3462 17.
1458 3419 1515 3480 pou
1540 3421 1638 3474 secus,
1663 3420 1696 3460 ac

527 3488 552 3549 si
572 3487 637 3566 jam
668 3486 787 3548 visibile
813 3485 867 3549 OE
892 3499 976 3550 essct
998 3491 1029 3552 in
1052 3491 1109 3552 DF
1137 3491 1285 3570 picturam
1317 3489 1498 3551 translatum
1521 3498 1554 3550 et
1578 3487 1634 3550 ΟΡ
1657 3489 1696 3549 sit

521 3577 669 3656 jamnon
693 3575 795 3636 oculus
819 3576 873 3636 sed
902 3580 1033 3640 secunda
1062 3579 1127 3640 lens
1160 3578 1238 3640 infra
1266 3577 1352 3639 illud.
1399 3575 1515 3646 Quodsi
1548 3579 1616 3639 lans
1645 3575 1697 3638 ΟΡ

525 3665 566 3725 sit
588 3661 722 3743 proxime
756 3663 835 3724 infra
866 3663 1016 3743 picturam
1039 3667 1111 3741 DF,
1145 3667 1264 3747 pictura
1291 3665 1349 3726 TV
1380 3665 1518 3744 postulat
1552 3684 1701 3746 papyrum

454 3757 457 3764 '
526 3759 671 3815 remotam
696 3759 728 3812 et
750 3751 784 3812 fit
807 3769 928 3832 magna.

612 3839 794 3904 LXXXIX.
819 3841 1025 3903 Problema.
1072 3841 1182 3903 Tribus
1206 3841 1348 3903 convexis
1372 3849 1474 3903 erecta
1497 3849 1529 3901 et
1553 3839 1697 3902 distincta

525 3939 557 3991 et
578 3929 695 4008 majora
718 3936 876 4008 praestare
900 3929 1042 3991 visibilia.

613 4017 681 4079 Duo
711 4034 846 4078 convexa
875 4025 907 4079 et
938 4019 1043 4078 oculus
1076 4017 1120 4078 sic
1155 4016 1432 4089 accommodentur,
1466 4022 1501 4076 ut
1533 4017 1588 4076 liat
1619 4015 1695 4095 quod

525 4106 637 4168 dictum
664 4123 749 4184 prop.
774 4101 973 4180 LXXXVII,
1000 4106 1102 4166 demto
1126 4105 1183 4166 boc
1207 4105 1303 4180 unico,
1329 4113 1363 4164 ut
1385 4103 1489 4165 oculus
1513 4103 1554 4165 sit
1576 4103 1696 4183 propior

522 4201 634 4273 puncto
663 4192 865 4254 distinctionis
894 4193 1053 4273 videatque
1083 4193 1217 4254 coufirsc.
1264 4193 1343 4256 Nam
1376 4193 1499 4254 tertium
1529 4210 1695 4254 convexum

523 4283 568 4364 sic
593 4281 787 4360 applicatum,
813 4286 847 4342 ut
862 4291 910 4342 est
926 4282 1037 4342 iactum
1062 4301 1091 4361 p.
1108 4281 1291 4342 LXXXVI.
1317 4299 1383 4341 cum
1398 4280 1532 4340 secunda
1545 4279 1588 4348 ibi
1606 4281 1694 4351 lenta,

528 4369 645 4434 scilicet
658 4377 692 4430 ut
715 4368 817 4429 oculus
832 4369 873 4430 sit
894 4370 1016 4448 propior
1036 4369 1110 4429 leuti
1130 4388 1217 4449 quam
1241 4375 1385 4447 puuctum
1408 4386 1580 4443 concursus,
1605 4367 1697 4428 faciet

341 4468 375 4521 ut
398 4461 515 4539 species
540 4460 632 4538 (quae
653 4456 701 4518 bis
733 4474 841 4517 eversa
864 4457 934 4530 luit,
964 4464 996 4518 et
1019 4457 1084 4535 jam
1113 4465 1216 4518 erecta
1239 4464 1289 4518 est
1312 4474 1406 4536 eoque
1434 4457 1532 4516 minor
1562 4455 1694 4528 reddita)

341 4566 459 4608 rursum
473 4553 638 4626 augeatur:
663 4544 768 4624 quodsi
789 4543 873 4623 justa
896 4543 986 4604 fuerit
1005 4544 1129 4606 lentium
1144 4543 1309 4624 proportio,
1335 4549 1527 4624 augmentum
1542 4542 1696 4622 superabit

341 4635 468 4712 priorem
492 4633 717 4696 diminutionem
739 4649 793 4711 ρετ
817 4630 891 4692 duas
915 4631 997 4692 solas
1022 4631 1133 4693 iactam
1158 4635 1187 4693 iu
1203 4631 1401 4694 LXXXVII.
1438 4631 1602 4694 Distiuctio
1624 4648 1694 4692 vero

341 4738 380 4779 ex
402 4720 440 4782 iis
464 4721 564 4783 causis
588 4726 739 4800 sequetur,
762 4737 838 4798 quae
862 4727 933 4788 sunt
956 4717 1107 4798 allegatae
1130 4738 1162 4799 p.
1186 4715 1430 4792 LXXXV1.²')
