3672 5528
334 241 400 320 260
811 243 1002 312 Parsbporrsrs
1017 245 1044 308 in
1061 243 1228 304 Vbelllensm

332 419 429 496 emti,
445 437 512 486 uon
536 422 617 490 alba
663 423 915 496 assentanea
939 422 1008 489 binc
1031 421 1182 504 sequitur,
1207 421 1290 487 banc
1309 439 1377 484 esee
1401 421 1477 487 lustr
1499 428 1533 484 et
1553 421 1692 487 alborum

332 516 483 574 naturam.
530 509 718 592 Impossibile
742 512 824 576 enim
845 522 903 586 est,
928 513 1019 576 ullam
1041 512 1228 591 superficiem
1246 513 1345 577 colore
1368 529 1423 577 suo
1445 509 1564 577 efficere
1587 528 1690 592 posse,

331 605 367 662 ut
389 596 492 665 radius
515 598 663 679 quispiam
695 599 756 666 slis
783 601 863 664 linea
895 603 923 663 in
951 621 987 662 se
1014 601 1142 676 incidat,
1172 619 1260 680 quam
1294 602 1390 681 ipsum
1418 598 1549 665 incidere
1577 605 1691 680 cogunt

331 708 406 753 suae
434 688 519 770 leges
549 688 678 766 opticae.
729 690 809 754 Nam
836 690 914 772 quod
944 689 1035 755 latior
1067 689 1186 758 videtur
1217 690 1353 755 alborum
1384 687 1562 766 illustratio,
1597 705 1692 756 causa

332 796 400 840 esse
423 784 526 859 potest
549 776 676 840 eximius
700 777 807 857 fulgor,
832 786 865 840 nt
883 779 949 858 jam
973 778 1182 857 explicabitur,
1204 785 1238 840 et
1259 779 1339 859 quod
1361 779 1554 858 circumjecta
1576 785 1690 860 punctu

330 863 512 928 incensionis
535 865 606 928 alba
629 867 677 929 vel
701 865 760 930 levi
783 867 868 930 radio
887 867 1088 931 inclarescunt
1110 877 1142 928 et
1165 865 1329 930 fortissime
1350 867 1523 931 illustratae
1545 866 1628 944 parti
1650 865 1689 933 ob

329 951 550 1018 conniventiam
573 954 726 1022 oculorum
747 964 954 1020 accensentur.
1002 955 1063 1018 Cur
1087 973 1157 1017 vero
1180 956 1267 1036 nigra
1289 954 1478 1036 potissimum
1495 955 1688 1019 inflammen-

331 1050 388 1118 tur,
411 1051 533 1121 praeter
555 1061 601 1117 ea,
626 1062 703 1123 quae
726 1062 793 1123 cap.
817 1044 842 1108 Ι.
865 1063 951 1124 prop.
977 1041 1029 1108 38.
1055 1044 1200 1120 diximus,
1224 1064 1318 1108 causa
1340 1044 1458 1106 videtur
1487 1043 1580 1106 etiam
1610 1042 1686 1109 haec

330 1149 414 1205 esse,
449 1131 528 1211 qnod
560 1150 752 1214 quaecunque
784 1133 841 1196 boc
863 1134 963 1196 colore
989 1133 1084 1196 tincta
1116 1141 1202 1206 sunt,
1235 1132 1408 1196 ariditatem
1440 1141 1473 1196 et
1500 1132 1690 1196 adustionem

331 1219 466 1298 sspiuut3
490 1217 594 1282 horum
618 1219 710 1299 igitur
732 1221 861 1286 materia
884 1224 982 1300 magis
1005 1221 1110 1284 existit
1133 1221 1365 1287 inflammabilis.
1405 1221 1502 1300 Igitur
1524 1221 1604 1301 quod
1619 1219 1691 1282 alba

329 1307 360 1372 in
383 1314 493 1387 puncto
517 1308 697 1372 incensionis
722 1309 831 1374 latiora
853 1311 1042 1391 apparentia,
1067 1311 1146 1373 idem
1170 1318 1201 1372 et
1223 1310 1367 1391 pleraque
1386 1310 1453 1391 jam
1476 1310 1573 1373 allata
1591 1309 1688 1389 phae-

330 1415 458 1458 nomena
480 1397 590 1460 testari
613 1397 761 1473 videntur,
787 1399 925 1479 ampliari
948 1418 1005 1462 nou
1031 1400 1145 1462 radium
1169 1399 1328 1462 collectum
1351 1398 1380 1460 in
1404 1417 1436 1462 re
1460 1398 1540 1472 alba,
1566 1399 1621 1461 sed
1645 1397 1690 1460 rei

329 1485 418 1548 albae
442 1485 563 1566 ejusque
586 1485 721 1565 picturae
750 1488 778 1550 iu
811 1489 911 1556 retina
941 1488 1168 1565 impressionem
1192 1488 1221 1550 in
1245 1486 1384 1567 spiritum
1407 1485 1559 1548 visorium.
1607 1486 1689 1548 Nam

328 1591 382 1652 per
404 1574 429 1648 I,
455 1568 507 1639 ³0.
532 1575 600 1654 plus
623 1575 723 1638 radiat
746 1577 782 1639 de
807 1578 879 1640 alba
901 1595 989 1656 quarn
1013 1577 1049 1638 de
1072 1576 1159 1657 nigra
1181 1576 1346 1656 superficie.
1389 1576 1501 1656 Fulgor
1524 1574 1617 1656 igitur
1641 1582 1690 1636 est

329 1661 472 1736 eximius,
497 1671 551 1726 sut
573 1663 601 1726 si
623 1661 677 1726 Sol
700 1673 748 1727 est
772 1664 801 1727 in
824 1665 1081 1738 consideratione,
1102 1673 1178 1740 ⁸tuuc
1200 1663 1257 1726 boc
1280 1683 1334 1743 per
1356 1683 1390 1725 se
1414 1672 1512 1744 patet.
1558 1662 1631 1725 Jam
1656 1670 1690 1724 nt

330 1768 423 1831 supra
437 1749 645 1830 comperimus,
668 1751 874 1816 inhaerescere
898 1754 1015 1833 species
1039 1753 1067 1816 in
1083 1753 1200 1833 spiritu,
1225 1753 1304 1832 quod
1328 1753 1357 1814 in
1373 1753 1495 1818 bumore
1520 1759 1573 1812 ant
1587 1748 1691 1814 tunica

330 1839 449 1919 legibus
462 1839 573 1919 opticis
596 1840 660 1903 fieri
684 1860 741 1903 non
757 1844 868 1920 potuit,
893 1843 939 1904 ite
960 1841 1009 1904 hic
1034 1859 1149 1922 quoque
1164 1841 1282 1904 videtur
1304 1840 1422 1925 species
1446 1840 1507 1905 albi
1526 1839 1689 1904 fortissime

332 1927 490 2005 illustrati,
520 1948 573 1992 seu
597 1929 715 2009 species
738 1927 817 1992 Solis
850 1940 973 2010 recepta
1005 1931 1034 1992 in
1059 1929 1194 2010 spiritum
1227 1949 1295 1991 sese
1323 1939 1446 2010 propter
1479 1927 1690 2012 cognationem

330 2023 456 2080 naturae
472 2017 648 2092 diffundere,
670 2037 728 2082 non
753 2019 843 2082 aliter
865 2039 954 2100 quam
976 2027 1065 2099 gutta
1087 2019 1181 2082 rubea
1203 2019 1233 2081 in
1248 2038 1345 2100 aquae
1360 2016 1546 2100 superficiem
1570 2016 1691 2090 (humor

329 2103 360 2169 iu
383 2105 552 2180 humorem)
576 2105 687 2186 illapsa
710 2127 777 2171 sese
801 2107 926 2182 dilatat;
957 2108 1075 2187 species
1098 2127 1169 2170 vero
1193 2107 1297 2187 nigrae
1320 2106 1352 2168 in
1375 2105 1513 2186 spiritum
1545 2113 1689 2186 receptae

331 2191 430 2273 colligi
454 2192 484 2254 in
508 2213 587 2264 sese,
611 2201 645 2256 ut
667 2193 692 2257 oi
716 2203 805 2274 gutta
828 2196 856 2258 in
872 2197 1025 2277 pulverem
1040 2195 1172 2258 incidat:
1197 2195 1285 2276 idque
1305 2193 1422 2275 legibus
1445 2213 1513 2270 uon,
1538 2202 1572 2256 ut
1594 2193 1689 2275 prins,

331 2273 497 2360 opticis.*)
534 2281 655 2346 Etenim
677 2283 703 2344 si
728 2283 802 2347 bene
825 2285 1009 2352 consideres,
1033 2283 1122 2365 pierre
1147 2283 1201 2348 sub
1225 2284 1329 2348 eodem
1352 2301 1462 2363 genere
1485 2291 1558 2345 sunt
1580 2280 1689 2345 inhae-

333 2371 433 2434 rentia
465 2377 497 2431 et
525 2389 610 2433 more
637 2371 749 2450 speciei
782 2372 899 2437 lucidas
927 2392 995 2441 cum
1023 2373 1080 2436 hac
1110 2373 1297 2436 dilatatione.
1345 2371 1424 2434 Nam
1448 2390 1485 2433 ex
1508 2372 1577 2451 ipsa
1604 2389 1689 2433 mora

332 2457 452 2522 videtur
476 2459 560 2539 sequi
576 2459 724 2533 dilatatio,
751 2460 884 2541 fugiente
907 2461 973 2524 ιίιιι
996 2469 1118 2525 etanta
1131 2462 1289 2535 claritate3
1312 2460 1367 2522 sed
1390 2470 1493 2523 tamen
1517 2479 1583 2522 eam
1605 2477 1689 2521 com-

330 2545 458 2612 bibitam
481 2546 710 2618 circumferente
732 2557 766 2613 et
786 2549 855 2612 aliis
878 2549 925 2614 sui
948 2550 1085 2631 partibus
1108 2551 1138 2612 in
1161 2570 1229 2614 eam
1252 2549 1413 2613 incidente.

420 2632 623 2718 Quaecunque
650 2637 756 2704 harum
787 2658 946 2702 causarum
978 2639 1020 2705 sit
1051 2638 1272 2703 consideranda
1301 2638 1331 2700 in
1364 2637 1498 2718 quolibet
1530 2633 1688 2716 singulari,

331 2732 447 2791 certum
470 2733 519 2788 set
541 2726 589 2789 uel
612 2725 641 2788 in
664 2726 779 2802 retina,
811 2747 903 2790 cauea
926 2727 1079 2808 picturae,
1108 2728 1156 2792 vel
1179 2727 1207 2790 in
1238 2725 1408 2806 spiritibus,
1442 2745 1533 2788 cansa
1557 2723 1690 2804 impres-

332 2812 441 2892 sionis,
474 2813 604 2879 existere
629 2814 838 2884 dilatationem
862 2815 1043 2880 lucidorum:
1073 2815 1158 2896 cujus
1182 2816 1301 2898 quidem
1325 2814 1367 2876 rei
1392 2833 1514 2880 cansam
1538 2808 1613 2874 mihi
1636 2831 1691 2892 per

331 2909 429 2964 totum
455 2903 512 2964 hoc
545 2910 637 2985 eaput
662 2902 778 2982 placuit
807 2905 964 2986 inquirere.
1010 2905 1076 2969 Hoc
1110 2905 1213 2984 itaque
1243 2923 1281 2968 ex
1310 2903 1366 2964 hoe
1395 2905 1494 2984 capite
1525 2899 1692 2964 astronomi

331 2989 580 3066 considerabunt,
612 3009 670 3054 non
700 3011 819 3073 semper
850 2993 1000 3058 fidendum
1023 3013 1091 3056 esse
1115 2992 1234 3056 intuitui
1257 2991 1370 3054 oculari
1393 3000 1447 3054 aut
1470 2987 1690 3060 aestimationi,

331 3079 521 3160 quantumvis
544 3080 755 3144 consideratae
783 3082 814 3144 in
837 3083 1008 3162 quantitate
1037 3080 1175 3144 diametri
1204 3083 1310 3162 plenae
1335 3081 1439 3144 Lunae
1467 3087 1520 3142 ant
1549 3077 1688 3140 defectus

329 3165 360 3230 in
384 3167 507 3248 eclipsi:
534 3187 625 3248 quare
648 3187 707 3232 nou
732 3178 850 3237 tantum
872 3169 903 3235 in
926 3168 1082 3235 consilium
1097 3169 1284 3235 adhibendos
1308 3169 1453 3232 certiores
1476 3166 1583 3231 modos
1600 3166 1687 3239 alios,
1772 3219 1782 3230 .

329 3254 384 3319 sed
416 3273 511 3335 neque
539 3265 652 3319 temere
680 3257 719 3318 ab
748 3257 786 3320 iis
816 3257 1066 3334 dissentiendum,
1095 3259 1177 3320 visus
1207 3258 1331 3332 fiducia,
1360 3257 1528 3338 siquando
1553 3253 1625 3326 list.
1657 3261 1692 3318 ut

329 3343 512 3406 dissentiant
534 3343 578 3406 illi
602 3365 620 3406 s
643 3343 719 3408 visu.
757 3347 1004 3412 Demonstrutum
1029 3347 1108 3411 enim
1131 3355 1180 3410 est
1201 3345 1427 3410 evidentissime
1451 3366 1489 3408 ex
1512 3344 1581 3424 ipsa
1604 3343 1689 3406 visus

330 3431 581 3508 conformatione,
611 3431 675 3497 lieri
698 3434 802 3498 crebro
827 3444 861 3498 ut
883 3435 960 3498 visui
983 3455 1067 3500 error
1089 3436 1225 3505 acutat,
1250 3436 1318 3498 dum
1343 3434 1443 3498 lucida
1464 3433 1553 3496 nimis
1578 3450 1689 3511 magus

332 3519 498 3584 existimat

420 3611 492 3670 Illud
513 3610 597 3666 stiam
617 3612 701 3682 hujus
722 3631 783 3668 esse
804 3613 858 3668 loci
879 3613 995 3678 ridetur,
1017 3621 1050 3668 ut
1063 3630 1150 3671 causa
1170 3611 1277 3668 dicatur
1299 3630 1384 3684 quare
1406 3613 1497 3668 sidera
1516 3611 1645 3668 lusciosis
1665 3609 1693 3666 in

331 3693 469 3764 probanda
489 3699 570 3746 nocte
591 3691 756 3758 confusions,
779 3710 882 3750 surore
895 3712 960 3750 vero
977 3693 1038 3764 jem
1052 3693 1168 3763 primum
1182 3702 1315 3764 surgente
1334 3692 1507 3746 distinctiora
1526 3691 1692 3746 rideantur?

331 3771 416 3845 Atqui
445 3771 467 3826 si
488 3771 604 3826 multum
624 3771 717 3827 lumen
732 3773 798 3845 ipsis
813 3773 906 3836 officit,
929 3775 1025 3828 debuit
1037 3773 1100 3843 plus
1123 3773 1232 3827 officere
1254 3773 1422 3827 cumulatum
1443 3787 1561 3826 aurorae
1577 3771 1690 3826 lumine.

418 3853 512 3907 Causa
532 3850 619 3924 igitur
639 3851 710 3907 haec
730 3861 787 3917 est,
810 3857 881 3928 quod
903 3855 931 3908 iu
952 3853 1074 3909 tenebris
1100 3851 1240 3908 nocturnis
1268 3852 1393 3923 pupillas
1415 3853 1537 3906 foramen
1567 3851 1692 3906 naturali

328 3939 403 3988 notu
425 3932 577 3996 dilatetnr;
606 3931 633 3985 in
654 3932 756 3988 lamine
777 3949 896 3988 aurorae
918 3933 1057 3990 clauditur
1077 3933 1190 3988 arctius.
1233 3932 1323 3987 Gonus
1344 3949 1410 3986 vero
1433 3931 1528 4002 puncti
1555 3931 1692 3986 radiantis

327 4013 493 4084 perlasius
515 4013 640 4066 foramen
659 4015 777 4068 validior
798 4014 964 4084 ingreditur,
991 4014 1146 4084 fortemque
1171 4013 1377 4082 impressionem
1397 4013 1483 4081 facit3
1510 4011 1581 4066 idem
1603 4027 1691 4083 engr-

330 4093 408 4148 stieri
429 4093 563 4148 foramine
584 4094 749 4150 constrictus
769 4093 887 4148 debilius
908 4099 1001 4149 moret
1022 4087 1192 4161 omlnmfl)
1231 4092 1374 4148 Hsetsmn
1395 4109 1461 4146 rere
1482 4105 1591 4160 semper
1612 4107 1691 4146 naur-

417 4302 442 4373 *)
467 4303 580 4376 Opticis,
603 4306 655 4358 lunc
669 4312 713 4358 est
732 4303 902 4360 refractoriis
924 4310 1070 4360 contracte
1090 4303 1164 4358 vocis
1186 4305 1306 4359 notione.
1335 4303 1406 4357 Nam
1420 4301 1443 4356 si
1460 4301 1534 4356 vocis
1556 4301 1692 4380 originem

330 4391 449 4459 spectes,
472 4385 592 4456 optinum
612 4391 664 4447 est,
688 4382 813 4454 quicquid
835 4385 869 4436 ad
891 4381 1024 4438 visionem
1044 4383 1176 4453 pertinet.

417 4462 460 4532 es)
481 4465 584 4520 Sensus
605 4471 668 4518 est:
690 4462 744 4516 etsi
767 4461 866 4532 spatiis
887 4461 956 4516 coeli
977 4463 1050 4517 inter
1070 4479 1175 4536 magns
1195 4461 1295 4526 sidera,
1317 4468 1349 4516 nt
1362 4469 1393 4516 et
1411 4460 1598 4518 minutissimis
1621 4463 1690 4517 side-

329 4547 405 4600 ribus
429 4563 480 4600 sns
500 4545 585 4599 etiam
605 4543 643 4599 sit
663 4541 800 4600 radiatio:
823 4549 927 4611 puncta
947 4549 1040 4596 tamen
1061 4543 1178 4607 retinas,
1202 4543 1229 4596 in
1250 4558 1321 4612 qnae
1342 4541 1394 4595 ills
1413 4540 1538 4605 radiant,
1561 4543 1691 4613 occupari

329 4625 476 4686 latitudine
506 4623 671 4682 radiationis
701 4622 821 4681 fortioris
850 4637 1016 4694 magnam
1044 4623 1202 4688 stellarum,
1233 4637 1319 4694 quere
1343 4621 1409 4684 illas
1439 4621 1539 4683 stellae
1569 4624 1690 4694 grandes

331 4719 467 4774 apparere
488 4712 519 4763 ιι
539 4705 624 4760 radiis
644 4703 834 4763 cindnnatas:
866 4703 1029 4761 scelerare
1055 4701 1117 4771 jam
1141 4703 1257 4774 primum
1287 4702 1447 4761 elluesmute
1476 4699 1615 4766 cincinnos
1639 4702 1690 4759 bos

333 4783 467 4852 mqjornm
487 4785 635 4840 stellarum
657 4784 809 4848 obliterari,
831 4783 898 4854 qnia
911 4782 997 4840 uincit
1014 4781 1084 4843 cosli
1106 4780 1273 4841 albescentis
1295 4779 1414 4844 radiatio
1434 4781 1464 4839 in
1483 4797 1562 4843 suum
1583 4781 1690 4840 retinas
