3730 5528
317 224 384 296 418
913 225 942 276 In
965 223 1080 288 Opticam

249 429 252 434 ·
317 408 480 465 illuminato.
510 409 665 476 Propterea
686 411 716 458 et
736 417 834 458 causas
855 403 1039 473 experimenti
1061 403 1166 459 tentari
1187 405 1342 461 infeliciter.
1371 406 1441 460 Nam
1458 405 1511 460 boc
1531 405 1677 472 affirmari,

317 505 405 561 aquas
427 489 514 542 minus
535 490 569 542 de
590 493 651 540 atro
682 484 850 554 participare
872 501 952 554 quam
974 491 1073 540 terras.
1115 485 1167 547 Qui
1188 485 1261 540 enim
1286 487 1338 539 boc
1365 502 1460 542 rerum
1486 503 1548 540 esse
1578 487 1678 555 possit,

318 587 380 625 cum
399 575 492 624 terrae
523 567 601 637 aquis
631 565 735 619 tinctae
767 564 903 633 nigriores
934 567 1077 618 eradant?
1099 563 1145 620 dte.
1186 565 1262 618 Nihil
1283 584 1325 620 me
1347 567 1417 620 liber
1448 583 1524 620 meus
1553 566 1678 638 impedit,

317 651 478 722 quominus
500 653 527 702 te
549 645 666 711 audiam,
689 649 787 699 contra
807 661 849 698 me
871 644 1052 700 disserentem
1067 643 1113 700 dte.
1142 646 1185 700 Do
1207 647 1330 701 maculas
1351 641 1474 716 (Lunae)
1497 664 1558 702 esse
1579 645 1676 712 maria,

318 734 350 785 do
372 730 477 783 lucidas
499 732 594 798 partes
616 743 677 779 esse
699 731 810 781 terram.

407 815 520 866 Pluribus
538 814 569 864 de
587 813 635 864 hoc
654 813 707 878 agit
724 815 750 864 in
771 811 903 872 ,Somnio“
928 810 995 861 bunc
1013 811 1039 861 in
1056 811 1171 862 modom:
1206 808 1249 860 nd
1271 807 1386 860 eundem
1408 809 1514 862 modum
1536 807 1620 862 etiam
1643 809 1678 862 de

316 889 453 946 Terrestri
473 889 559 958 globo
590 889 766 942 statuendum
793 893 850 948 est,
882 901 1012 940 oceanum
1033 892 1063 938 et
1082 885 1171 940 marie
1201 885 1282 940 terris
1313 885 1449 942 interfusa
1479 886 1677 942 obscuritatem

318 972 439 1032 induere,
462 967 635 1022 continentes
656 984 722 1021 vero
743 971 773 1020 et
798 965 903 1020 insulas
925 964 986 1017 luce
1007 965 1078 1019 Solis
1100 965 1200 1020 eximie
1226 966 1458 1036 resplendescere.
1501 969 1577 1030 Quod
1597 967 1676 1036 prius

318 1050 346 1104 iu
368 1048 535 1102 contrariam
554 1047 659 1101 iseram
680 1046 860 1108 sententiam,
889 1060 976 1098 causa
996 1043 1067 1098 haec
1087 1045 1154 1109 fuit,
1186 1045 1252 1115 quia
1271 1047 1374 1100 Temae
1404 1047 1561 1117 superficies
1581 1047 1674 1101 rarioa

318 1129 406 1182 induit
427 1128 543 1190 colores,
565 1144 655 1198 aquae
676 1127 768 1181 colore
789 1141 890 1179 vacare
911 1126 1103 1180 censebantur.
1133 1125 1226 1180 Omnis
1247 1131 1341 1182 autern
1359 1127 1434 1180 color
1454 1134 1568 1197 praeter
1581 1127 1677 1182 album

316 1211 420 1280 gradm
441 1215 486 1262 est
507 1210 542 1262 ad
569 1207 748 1278 nigredinem.
789 1205 861 1262 Sunt
880 1221 946 1258 vero
974 1205 1244 1274 resplendescentiae
1269 1205 1377 1262 luminis
1403 1207 1507 1262 Solaris
1537 1208 1678 1278 analogae

319 1287 481 1344 obscuritati
503 1287 720 1357 superficierum,
751 1289 822 1341 unde
843 1285 1074 1355 repercutiuntur.
1123 1285 1205 1340 Aliud
1237 1293 1430 1358 argumentum
1460 1288 1680 1358 suppeditabant

317 1385 416 1439 aquae.
456 1369 527 1422 Nam
548 1373 686 1438 utcunque
708 1367 767 1437 quis
796 1365 956 1436 superficies
982 1365 1070 1434 juxta
1095 1366 1210 1420 invicem
1238 1367 1344 1436 positas
1374 1367 1517 1422 intueatur
1542 1375 1679 1422 terrarum

316 1457 346 1502 et
367 1463 509 1518 aquarum,
541 1463 650 1516 semper
679 1446 842 1519 nigrescunt
869 1451 974 1510 terrae,
1006 1446 1154 1515 splendent
1174 1463 1272 1517 aquae.
1298 1475 1329 1486 -
1350 1443 1354 1458 '
1375 1449 1452 1509 Quod
1477 1465 1543 1502 vero
1574 1448 1678 1501 attinet

319 1529 425 1582 colores
449 1535 591 1591 terrarum,
613 1527 738 1598 equidem
759 1526 869 1590 rectius,
891 1526 990 1579 saltem
1006 1542 1094 1596 aequo
1111 1525 1175 1595 jure
1194 1527 1305 1590 dixeris,
1327 1543 1420 1582 omnes
1435 1529 1541 1581 colores
1563 1535 1678 1596 praeter

317 1609 429 1680 nigrum
449 1609 554 1679 gradus
576 1625 637 1661 esse
659 1609 693 1660 ad
714 1609 802 1661 lucem
823 1623 929 1676 puram.
972 1605 1049 1668 Quod
1075 1607 1242 1660 vacuitatem
1273 1607 1395 1662 colorum
1415 1607 1442 1661 in
1464 1609 1559 1678 aquis:
1590 1611 1679 1678 negat

318 1705 379 1744 eam
400 1687 577 1753 Aristoteles,
600 1687 721 1742 defendit
742 1687 892 1756 expressis,
914 1703 1004 1757 aquae
1026 1687 1143 1740 colorem
1158 1686 1184 1739 in
1206 1688 1314 1760 nigmm
1336 1704 1461 1759 vergere.
1505 1692 1678 1758 argumento

317 1769 406 1824 utitur
429 1785 446 1821 a
467 1783 550 1822 sensu
571 1767 654 1831 visus,
677 1769 748 1838 quod
770 1773 846 1831 terra
867 1765 952 1820 omnis
975 1765 1074 1836 pluviis
1095 1767 1226 1821 humecta
1245 1767 1351 1839 nigrior
1372 1769 1417 1831 sit,
1439 1767 1543 1821 siccato
1565 1768 1678 1820 humore

317 1867 369 1919 per
400 1848 521 1902 calorem
541 1847 613 1901 Solis
644 1847 745 1900 elarius
776 1847 890 1902 eniteat.
932 1846 1159 1916 Experimentum
1190 1863 1244 1917 ego
1275 1847 1365 1902 addidi
1396 1847 1470 1901 aliud
1489 1867 1504 1900 e
1526 1847 1678 1916 praesenti,

317 1945 377 1982 cum
391 1928 505 1998 Pragae
528 1945 570 1980 me
591 1932 707 1996 propter
726 1933 818 1982 staret
837 1927 966 1982 literatus
988 1927 1131 1997 quisquam
1152 1927 1180 1980 in
1194 1934 1288 1996 ponte,
1310 1927 1482 1998 splendorem
1504 1927 1569 1981 mihi
1592 1942 1678 1998 aqua·

317 2026 377 2066 rum
398 2008 548 2071 inculcans,
571 2014 604 2061 ut
625 2007 745 2062 Galilaei
767 2007 946 2062 assertionem
968 2007 1144 2062 convelleret
1172 2007 1248 2062 Jnssi
1269 2007 1341 2062 enim
1362 2009 1396 2060 ad
1423 2007 1558 2077 imagines
1585 2008 1678 2060 domo-

319 2105 380 2144 rum
400 2088 429 2141 in
449 2087 528 2142 undis
556 2088 695 2156 respicere
724 2103 827 2157 easque
849 2104 908 2142 oum
936 2093 1012 2141 recto
1043 2096 1158 2156 aspectu
1189 2089 1314 2141 domuum
1344 2087 1465 2156 ipsarum
1496 2103 1678 2157 comparare:

318 2166 495 2222 manifestum
526 2167 598 2221 enim
628 2166 764 2222 claritatis
794 2167 937 2222 discrimen
958 2183 1020 2220 esse
1041 2173 1071 2220 et
1098 2166 1233 2238 imagines
1254 2168 1283 2222 in
1302 2167 1382 2222 undis
1413 2167 1594 2223 obscuriores.
1633 2165 1680 2222 Sic

317 2247 413 2316 itaque
434 2253 463 2301 et
484 2247 599 2300 dilutum
621 2253 651 2300 et
665 2253 799 2302 retortum
821 2255 865 2302 est
878 2247 954 2317 prius
976 2253 1168 2317 argumentum
1183 2264 1271 2301 meum
1285 2250 1318 2314 de
1334 2247 1470 2302 coloribus
1492 2255 1628 2302 terrarum
1649 2253 1681 2302 et

316 2330 459 2384 undarum.
503 2327 581 2388 Quod
601 2326 721 2382 alterum
741 2327 844 2382 attinet
865 2343 883 2380 a
902 2327 1164 2396 resplendescentia,
1187 2327 1214 2382 id
1235 2329 1293 2382 tale
1314 2333 1366 2391 est,
1388 2334 1421 2382 ut
1440 2327 1468 2380 in
1484 2327 1551 2397 ipsis
1573 2326 1680 2396 Optiois

317 2407 373 2461 alio
394 2406 464 2470 loco,
487 2407 535 2460 ubi
556 2409 589 2460 de
610 2405 811 2462 illuminatione
825 2408 921 2462 Lunae
943 2423 1007 2477 ago,
1030 2405 1084 2462 vim
1104 2407 1164 2474 ejus
1186 2407 1364 2462 dissolverim.
1392 2407 1462 2462 Nam
1477 2408 1500 2460 si
1521 2408 1679 2475 exemplum

320 2489 456 2541 undarum
476 2488 510 2540 de
531 2485 684 2556 propinquo
706 2493 895 2556 spectatarum
916 2487 1088 2556 applicamus
1102 2490 1136 2540 ad
1158 2504 1274 2557 corpora
1294 2490 1414 2542 rotunda
1433 2488 1571 2540 immensis
1593 2487 1679 2540 inter·

317 2566 403 2622 vallis
425 2573 539 2632 semota,
564 2566 724 2638 longissime
747 2568 906 2622 aberramus
922 2567 1007 2628 aria,
1030 2573 1062 2620 ut
1076 2583 1188 2620 oausam
1203 2569 1370 2622 adducentes
1385 2585 1454 2628 eam,
1478 2583 1549 2638 quae
1564 2584 1619 2622 nou
1632 2571 1678 2620 est

319 2661 413 2702 causa.
456 2647 533 2710 Quod
555 2647 627 2701 enim
648 2663 738 2716 aquae
759 2654 874 2717 propter
888 2649 988 2702 'lemna
1009 2647 1089 2700 iusae
1110 2649 1264 2716 splendent,
1287 2647 1393 2702 faciunt
1409 2647 1435 2702 id
1457 2648 1602 2717 splendore
1624 2663 1678 2700 non

319 2745 369 2781 suo
389 2728 439 2781 sed
460 2727 534 2782 atris
555 2745 573 2782 a
594 2727 658 2782 Sole
679 2727 836 2792 illuminati,
858 2727 937 2797 cujus
951 2729 987 2782 ab
1010 2727 1081 2780 omni
1102 2727 1191 2797 plaga
1212 2728 1305 2797 illapsi
1325 2727 1396 2782 radii
1417 2727 1500 2782 lucidi
1514 2730 1549 2780 sd
1569 2733 1679 2782 nostros

317 2807 541 2878 repercutiuntur
572 2807 673 2864 oculos.
716 2812 778 2879 Age
800 2809 872 2862 enim
893 2809 984 2862 velum
1004 2813 1070 2876 post
1099 2823 1186 2878 aquas
1217 2808 1358 2870 obducito,
1391 2824 1444 2879 quo
1472 2809 1584 2864 claritas
1605 2806 1679 2862 aeris

317 2888 457 2944 ulterioris
479 2887 695 2956 intersepiatur,
716 2887 790 2942 illico
812 2888 916 2942 ridebis
938 2887 1091 2942 extinctum
1112 2887 1185 2941 hunc
1205 2905 1339 2958 aquarum
1361 2889 1542 2957 splendorem.

405 2969 486 3022 Hanc
506 2967 670 3022 solutionem
693 2968 850 3039 argumenti
870 2968 923 3021 mei
945 2967 1062 3035 adiunxi
1082 2967 1111 3020 in
1132 2968 1258 3038 margine
1285 2968 1358 3021 inter
1385 2969 1571 3038 relegendum
1611 2968 1677 3022 Jam

317 3064 383 3100 sero
413 3063 531 3117 corpora
560 3047 695 3101 coelestia
725 3048 826 3101 lumine
855 3047 927 3102 Solis
958 3047 1126 3100 collustrata
1156 3053 1186 3100 et
1216 3047 1343 3117 inspecta
1371 3049 1477 3102 eminus
1506 3061 1678 3116 nequaquam

318 3126 445 3180 ridentur
464 3127 633 3196 repercussis
657 3127 750 3196 optioa
770 3135 800 3182 et
820 3127 959 3197 speculari
987 3128 1052 3196 lege
1072 3125 1156 3180 radiis
1177 3126 1262 3191 Solis,
1286 3130 1334 3182 sed
1355 3127 1417 3180 luce
1439 3127 1638 3182 communicata
1659 3141 1679 3180 a

318 3207 391 3270 Sole,
414 3205 494 3260 utin
515 3207 620 3276 Optiois
643 3223 703 3262 eam
734 3207 876 3277 appellavi
897 3214 927 3260 et
947 3206 1060 3277 propria
1086 3205 1147 3275 Jam
1174 3223 1317 3278 corporum
1342 3209 1421 3262 facta
1440 3209 1476 3262 ob
1497 3207 1679 3277 asperitatem

321 3285 534 3355 superficierum.
564 3291 656 3358 Atque
677 3288 748 3341 haec
768 3288 819 3342 lux
840 3287 1039 3342 communicata
1058 3286 1086 3340 vi
1101 3287 1264 3342 delinitionis
1286 3303 1355 3342 suae
1377 3287 1473 3342 tortior
1487 3295 1532 3342 est
1545 3289 1572 3342 iu
1586 3285 1679 3340 Terris

321 3380 404 3436 quam
423 3366 452 3418 in
472 3365 562 3421 undis.

410 3439 455 3506 to)
474 3459 498 3506 p.
518 3441 578 3492 288.
615 3443 644 3493 In
672 3443 719 3493 hac
747 3445 897 3508 appendice,
924 3457 998 3509 qnam
1026 3443 1161 3510 Kaplernm
1190 3446 1326 3496 coniecisse
1354 3451 1466 3502 constat,
1496 3445 1681 3494 exmsadonem

320 3515 424 3580 legimus
452 3514 587 3564 schematis
615 3511 684 3579 (pag.
708 3511 771 3576 1³1)
802 3516 898 3579 eclipsis
927 3517 986 3565 anni
1013 3513 1090 3565 tom.
1118 3531 1168 3565 non
1194 3515 1268 3580 plane
1297 3531 1352 3568 enm
1380 3522 1469 3566 erentu
1497 3515 1679 3572 concordantis,

320 3589 413 3656 ,solos
434 3587 608 3642 luminarium
629 3587 776 3642 diametros
798 3589 825 3643 in
847 3607 933 3644 causa
953 3589 1067 3654 versari,
1089 3605 1158 3660 quas
1187 3590 1328 3660 quominus
1357 3596 1457 3644 exacte
1480 3589 1571 3642 metiri
1590 3587 1680 3658 possi-

320 3686 398 3732 mus,
430 3669 556 3722 diversae
587 3683 688 3722 causae
719 3669 827 3738 optione
857 3669 885 3724 in
914 3676 1032 3740 utroque
1073 3669 1198 3724 luminari
1238 3670 1395 3739 probibent
1455 3668 1557 3732 Quodsi
1582 3667 1681 3722 Lunae

321 3750 487 3803 diametrum
508 3765 633 3802 assumas
655 3747 737 3818 307„
759 3749 830 3803 Solis
846 3749 892 3815 31,
916 3750 1057 3820 quantitas
1079 3749 1280 3806 concordabit.“
1316 3757 1349 3807 Et
1366 3757 1412 3806 seb
1430 3757 1521 3806 mem:
1545 3747 1682 3811 „variatio

319 3829 446 3884 diametri
467 3833 500 3896 Θ
522 3828 597 3882 intra
621 3829 649 3881 1¹
670 3836 771 3893 manet,
794 3836 826 3884 ut
846 3830 873 3884 in
894 3831 1029 3900 perigaeo
1049 3847 1102 3883 non
1123 3829 1212 3898 major
1232 3829 1269 3883 sit
1284 3828 1359 3884 31¹.“
1376 3834 1474 3900 (Comp.
1489 3835 1545 3885 Vol.
1558 3835 1577 3884 Ι.
1591 3851 1615 3899 p.
1626 3832 1682 3894 16.)

412 3921 457 3985 56)
477 3940 500 3987 p.
521 3920 581 3972 288.
619 3922 821 3974 Rolnholdus
839 3926 865 3974 iu
882 3922 980 3975 scholiis
993 3925 1168 3974 Theoricarum
1180 3923 1313 3974 Purbaohii
1326 3921 1377 3986 (sd.
1392 3939 1415 3974 a.
1430 3921 1512 3987 1542)
1524 3938 1583 3990 pag.
1597 3923 1626 3972 T.
1640 3923 1681 3974 tt:

318 3993 459 4046 Vitellio
478 3997 503 4043 ln
523 3995 617 4060 Opticis
635 3995 677 4044 lib.
697 3993 742 4050 IV,
761 4010 827 4060 prop.
849 3993 891 4044 77.
929 3995 1126 4045 Maestlinus
1151 3996 1177 4044 in
1196 3995 1371 4060 Disputatione
1396 3995 1427 4045 de
1455 4002 1565 4045 motuum
1592 3993 1680 4059 plane·

317 4075 400 4116 tarum
418 4067 444 4115 in
463 4066 531 4117 coelo
551 4067 727 4130 apparentibus
746 4066 966 4133 irregularitatibus
985 4063 1081 4127 (stoa)
1100 4066 1163 4116 thesi
1185 4065 1243 4117 tto.
1264 4069 1360 4125 statuit,
1380 4073 1409 4116 nt
1426 4067 1473 4118 boo
1491 4067 1680 4130 phaenomenon

319 4138 433 4201 explicet,
455 4137 571 4196 ,Lauare
591 4151 679 4201 corpus
697 4153 746 4186 non
767 4151 822 4188 asse
839 4145 892 4188 tam
911 4153 1028 4203 magnum
1047 4145 1166 4203 quantum
1189 4144 1302 4202 potatur,
1332 4138 1375 4188 sed
1394 4139 1543 4188 densitatem
1562 4141 1616 4199 ejus
1634 4137 1680 4187 sub

320 4210 475 4272 aliquantum
494 4209 630 4273 angustiori
643 4209 785 4273 quantitate
798 4211 966 4266 terminatam,
986 4209 1033 4258 alio
1047 4209 1153 4274 quodam
1166 4223 1267 4273 corpore
1280 4209 1435 4268 circumdari,
1454 4210 1519 4274 quod
1531 4208 1682 4272 pellucidum

324 4279 357 4329 sit
376 4286 402 4330 et
419 4295 463 4343 per
480 4280 546 4344 quod
564 4285 616 4328 tam
636 4279 699 4328 Solis
717 4279 809 4338 lumen,
838 4293 912 4345 qnam
931 4280 1034 4330 alisrnm
1053 4280 1189 4342 stellarum,
1218 4282 1282 4330 siout
1301 4288 1326 4332 ot
1343 4282 1408 4330 risus
1426 4282 1504 4330 nostri
1532 4281 1594 4331 radii
1613 4286 1682 4328 tran·

322 4357 404 4401 soant.
442 4349 613 4400 Veruntamen
631 4351 657 4400 id
676 4365 730 4400 esse
748 4352 830 4400 minus
853 4351 942 4400 subtile
967 4358 1096 4416 ceteroque
1124 4352 1225 4402 aethere
1244 4353 1320 4402 multo
1339 4353 1450 4416 spissius,
1477 4351 1540 4402 adeo
1558 4360 1586 4402 ut
1604 4353 1683 4401 instar

320 4423 375 4470 vitri
394 4421 458 4472 Solis
475 4422 556 4471 lucem
575 4437 624 4470 non
643 4428 741 4471 tantum
759 4423 914 4472 transmittat
932 4422 977 4471 sed
996 4423 1071 4472 etiam
1090 4424 1205 4480 retineat,
1226 4429 1251 4474 et
1264 4425 1296 4474 ab
1309 4436 1341 4472 aa
1353 4429 1405 4472 tam
1423 4424 1519 4473 fortiter
1537 4423 1681 4478 illustretur,

321 4499 349 4540 nt
367 4507 443 4542 unum
462 4492 567 4542 solidum
580 4499 606 4541 et
624 4495 766 4542 continuum
781 4508 905 4543 sumsero
925 4507 1025 4556 corpore
1038 4493 1131 4543 Lunari
1149 4497 1295 4556 praesertim
1308 4496 1334 4544 in
1346 4494 1486 4557 pleniluniis
1500 4509 1554 4544 esse
1573 4499 1682 4558 putetur.

322 4563 397 4613 Thesi
417 4561 475 4613 152.
496 4570 624 4628 comparat
642 4563 689 4614 hoc
708 4579 797 4627 corpus
816 4571 898 4614 nostro
919 4566 986 4621 adri,
1016 4565 1086 4614 addit
1113 4571 1214 4614 antem:
1245 4579 1277 4614 an
1296 4565 1386 4614 ibidem
1405 4569 1448 4616 atr
1466 4565 1507 4614 ille
1526 4565 1637 4614 similiter
1655 4570 1684 4612 ut

321 4639 405 4683 nostor
423 4635 448 4683 iu
468 4635 544 4684 nubes
564 4642 720 4694 concrescat,
750 4637 776 4684 in
795 4635 875 4685 medio
894 4635 1071 4700 relinquimus;
1099 4636 1146 4685 boc
1165 4641 1232 4686 certe
1253 4637 1404 4701 experientis
1422 4651 1467 4686 nos
1486 4636 1587 4692 docuit,
1617 4634 1684 4700 quod

322 4705 476 4754 circumfluus
494 4706 535 4755 ille
554 4705 668 4770 splendor
686 4705 787 4756 dirersis
806 4706 954 4770 temporibus
968 4705 1021 4770 plus
1041 4707 1151 4756 minusve
1163 4707 1286 4770 limpidior
1297 4706 1355 4757 sit¹¹
1381 4707 1482 4758 Testem
1497 4707 1598 4757 adducit
1609 4705 1683 4767 bnjns

322 4777 461 4826 sententiae
490 4775 591 4839 eclipsin
617 4777 706 4828 Lunae
732 4790 750 4827 a
777 4793 804 4829 se
834 4779 990 4829 observatam
1017 4779 1057 4828 dle
1083 4777 1226 4830 Palmcmm
1255 4775 1332 4829 root.
1388 4779 1503 4844 Denique
1533 4778 1683 4830 concludens
