3464 5524
1137 117 1163 154 0

323 297 362 368 12
736 303 837 356 Liberae
855 303 957 370 Keplerl
975 305 1128 372 aliorumque
1145 310 1248 357 mutuae

319 477 432 582 directe
457 479 611 562 opposita,
644 501 702 546 nou
734 483 870 563 preecise
899 484 1059 546 rotundum
1091 483 1169 548 effici
1199 481 1340 558 schema,
1376 480 1511 544 confusis
1536 477 1692 544 terminis

318 568 394 633 luem
408 577 450 732 dei
468 569 622 722 illibiaariio
647 658 795 740 inquirere
819 661 975 740 angulum,
1000 681 1057 742 quo
1082 658 1189 725 Solate
1214 679 1321 741 corpus
1344 667 1509 741 spectetur.

406 743 443 821 4)
468 747 603 810 Indidem
627 748 756 812 dimetiri
771 748 853 816 Solis
868 751 1034 814 discessum
1048 771 1068 812 a
1090 751 1186 824 nobie,
1210 749 1385 813 dimetiente
1400 747 1483 813 Solis
1496 751 1545 813 vel
1560 751 1690 813 Terrae

318 851 373 914 pro
397 854 537 898 mensura
560 838 735 902 constituta.

407 921 443 997 5)
466 923 597 987 Radium
612 924 693 988 Solis
717 927 884 992 deficientis
907 949 960 1010 per
985 929 1148 992 fenestram
1171 931 1371 1012 cujuscunque
1395 930 1507 1011 figurae
1531 927 1688 1007 illapsum

317 1011 347 1074 iu
372 1011 540 1092 oppositum
565 1013 725 1094 parietem,
750 1017 799 1097 qui
823 1017 942 1098 quidem
957 1039 976 1081 a
991 1019 1125 1082 fenestra
1147 1020 1282 1100 pluribus
1306 1021 1403 1084 distet
1426 1020 1577 1082 fenestrae
1603 1015 1688 1077 dia-

318 1101 437 1174 metris,
462 1121 549 1180 quarn
565 1122 585 1164 a
599 1101 670 1165 Sole
686 1103 857 1181 Solaribue‚
882 1108 1009 1170 delicere
1024 1116 1056 1172 et
1078 1109 1184 1188 ipsum,
1209 1129 1248 1171 ex
1270 1116 1358 1191 parte
1382 1117 1484 1172 tamen
1508 1105 1688 1168 contraria.

405 1188 441 1263 ti)
467 1187 541 1252 Cum
574 1191 709 1256 fenestra
742 1201 796 1256 aut
817 1204 960 1276 puuctum
992 1197 1109 1260 unicum
1134 1205 1183 1260 est
1215 1205 1268 1261 aut
1289 1205 1323 1260 et
1344 1197 1412 1278 ipsa
1434 1214 1473 1260 eu
1495 1205 1581 1276 parte
1608 1193 1688 1256 Soli

318 1279 471 1340 contrariu
493 1285 612 1342 tautum
636 1275 741 1362 qu'ovis
764 1291 915 1346 momento
939 1285 1054 1355 deficit,
1079 1293 1222 1366 quantum
1236 1285 1290 1350 Sol
1309 1287 1376 1366 ipse
1390 1286 1420 1349 iu
1434 1285 1520 1348 coelo
1542 1285 1687 1364 tegitur:

319 1366 470 1428 defectum
495 1366 576 1430 Solis
600 1369 629 1430 iu
653 1371 737 1432 radio
762 1371 1008 1436 articulatissime
1032 1375 1112 1437 cerui
1135 1393 1236 1456 posse.

410 1455 445 1527 7)
471 1453 546 1518 Cum
571 1456 706 1520 fenestra
728 1461 858 1523 rotunde
889 1470 951 1538 est,
985 1471 1081 1526 totam
1104 1464 1236 1544 speciem
1259 1463 1356 1544 partis
1379 1460 1508 1526 lucentis
1531 1458 1686 1539 ampliari

317 1543 445 1622 prolatis
470 1545 605 1606 terminis
628 1565 689 1609 uua
712 1549 929 1612 semidiametri
953 1551 1104 1614 fenestrae
1135 1554 1162 1614 iu
1188 1571 1290 1615 omncs
1315 1551 1467 1632 regiones,
1493 1557 1525 1609 et
1546 1547 1687 1628 proinde

317 1650 430 1694 corona
453 1632 550 1712 partis
574 1634 610 1696 de
635 1635 705 1698 Sole
729 1638 858 1700 lucentis
881 1639 911 1702 in
934 1641 1019 1702 radio
1044 1662 1102 1705 nou
1132 1651 1223 1704 acuta
1244 1640 1343 1715 cerni,
1377 1639 1461 1702 utin
1486 1639 1585 1711 coelo,
1622 1637 1687 1698 sed

318 1720 422 1782 eodem
446 1721 579 1785 orbiculo
604 1725 728 1788 reducta
752 1726 780 1788 iu
806 1727 963 1803 obtusum,
989 1749 1045 1810 qno
1070 1729 1137 1811 ipsa
1161 1730 1295 1792 fenestra
1316 1736 1413 1809 patet.
1469 1729 1475 1742 '

407 1806 443 1883 8)
467 1809 501 1871 In
527 1811 600 1873 deta
622 1831 695 1876 vera
727 1815 828 1895 specie
853 1815 935 1880 Solis
964 1819 1130 1882 deficientis
1153 1818 1287 1881 invenire
1309 1816 1531 1898 proportionem
1556 1813 1685 1874 diame-

316 1905 430 1960 trorum
453 1896 534 1960 Solis
558 1907 589 1963 et
612 1901 726 1965 Lunae.

406 1981 441 2059 9)
465 1987 501 2050 In
524 1989 624 2068 specie
649 1990 729 2054 Solis
754 1991 920 2058 deficientis
943 2014 997 2076 per
1021 1995 1184 2059 fenestram
1204 1995 1400 2058 orbicularem
1424 1991 1601 2056 intromissa
1626 1990 1683 2051 di-

318 2075 491 2223 pnetieptem
515 2077 619 2226 punse
642 2081 787 2146 minorem
811 2101 956 2164 apparere
981 2093 1013 2148 et
1040 2085 1199 2164 pauciores
1232 2084 1343 2164 digitos
1376 2082 1546 2163 eclipticus,
1582 2099 1681 2158 quarn

330 2181 390 2226 oria
414 2183 442 2225 ru
468 2183 562 2228 coeo.

409 2247 464 2327 10)
488 2253 522 2316 In
546 2255 621 2319 data
644 2256 701 2320 bac
724 2257 805 2320 falsa
828 2260 929 2341 specie
953 2259 1143 2325 nihilomiuus
1167 2261 1300 2324 invenire
1324 2279 1427 2324 veram
1449 2258 1682 2340 proportionem

317 2340 537 2404 dimetieutinm
560 2342 643 2408 Solis
667 2357 699 2413 et
721 2345 826 2411 Lunae
851 2357 883 2411 et
901 2349 1015 2429 justam
1039 2351 1242 2432 quantitatem
1266 2350 1413 2414 defectus.

413 2427 465 2503 li)
494 2430 546 2493 Ad
578 2437 705 2514 quodvis
739 2446 922 2501 momentum
954 2438 1178 2519 deprehendere
1211 2440 1351 2518 angulum
1383 2439 1463 2502 inter
1496 2436 1683 2500 vestientem

319 2514 401 2582 Solis
424 2527 456 2582 et
479 2520 621 2586 circulum
645 2544 799 2607 maguum,
826 2527 875 2607 qui
896 2544 951 2608 per
973 2527 1041 2589 visa
1064 2537 1169 2592 centra
1193 2527 1275 2592 Solis
1299 2535 1330 2590 et
1353 2529 1458 2590 Lunae
1482 2526 1604 2589 transit.

410 2604 465 2681 ¹2)
490 2607 567 2672 Cum
590 2614 719 2677 circulus
743 2615 779 2677 de
804 2614 875 2679 Sole
898 2615 1089 2698 relinquitur,
1115 2617 1140 2680 is
1164 2617 1318 2698 inspecte
1343 2625 1391 2678 est
1413 2615 1503 2678 latior
1526 2615 1681 2677 diametro

318 2696 478 2760 fenestrae.
526 2697 657 2767 Etcum
681 2702 721 2781 Θ
747 2713 830 2768 totus
855 2703 971 2781 defecit,
997 2725 1055 2769 non
1079 2707 1192 2770 sensim
1216 2713 1250 2768 ut
1273 2707 1300 2768 in
1333 2707 1426 2780 coelo,
1457 2706 1500 2768 sic
1527 2704 1558 2766 in
1589 2703 1681 2766 radio

317 2783 374 2847 boc
398 2785 526 2862 accidit,
551 2792 604 2855 eed
629 2793 738 2857 subito.

333 2951 337 2958 ,
408 2871 463 2950 ¹3)
488 2873 556 2947 Quo
579 2883 675 2945 minor
707 2883 842 2966 fepestra
866 2890 920 2944 ant
942 2903 999 2964 quo
1022 2884 1119 2963 major
1147 2886 1211 2966 ejus
1234 2905 1253 2946 a
1275 2884 1393 2963 pariete
1416 2879 1581 2956 distantia,
1617 2879 1680 2942 hoc

316 2961 483 3028 absolutior
502 2965 596 3045 figura
620 2971 763 3034 illustrati
786 2971 923 3051 parietis.

408 3049 465 3126 14)
489 3053 677 3122 Distantiam
699 3069 870 3124 centaurum
893 3059 990 3122 visam
1015 3059 1155 3123 facillime
1179 3079 1297 3142 capere.

405 3209 478 3271 Quae
498 3212 528 3263 de
548 3216 640 3281 Optiee
658 3216 838 3284 maKeplerur
851 3235 908 3271 enm
926 3221 1012 3273 amicis
1030 3235 1075 3285 per
1091 3220 1177 3271 literas
1196 3221 1291 3286 egerit,
1309 3219 1421 3286 quodque
1438 3215 1559 3281 judicium
1575 3213 1680 3264 illorum

314 3281 345 3332 (10
364 3295 393 3332 0⁰
412 3281 498 3340 fuerit,
516 3294 650 3352 sequentes
669 3289 786 3342 exhibent
804 3293 920 3357 paginae.

242 3413 246 3422 ‚
403 3351 602 3409 Maestlinns
630 3375 659 3410 eo
678 3367 787 3426 tempore
805 3377 852 3427 qno
870 3363 973 3426 Kepleri
992 3377 1053 3427 opus
1071 3363 1161 3426 prodiit
1177 3363 1250 3412 nimis
1268 3361 1406 3412 taciturum
1423 3357 1483 3418 fuit,
1511 3373 1559 3424 qno
1577 3358 1693 3409 factum.

316 3429 364 3485 eet,
385 3431 414 3474 ut
431 3425 496 3475 iuter
514 3430 630 3494 epistolae
646 3430 748 3494 Kepleri
766 3435 799 3484 ad
817 3433 978 3485 Maesdiuuru
996 3434 1078 3492 datae,
1097 3447 1159 3499 quas
1177 3448 1253 3483 uranu
1269 3434 1373 3496 scriptae
1390 3430 1522 3486 habemns,
1540 3442 1626 3494 pauca
1644 3429 1680 3480 de

316 3493 407 3558 Optica
425 3494 644 3560 deprehendemus.
676 3499 726 3554 Sed
746 3506 838 3570 aliquot
857 3507 929 3555 annis
956 3511 1016 3555 ante
1044 3503 1122 3567 (anno
1143 3503 1219 3554 reoo.
1241 3501 1265 3552 e.
1284 3503 1351 3567 Sept.
1372 3501 1457 3563 Comp.
1476 3501 1533 3551 Vol.
1546 3500 1567 3550 l.
1585 3515 1610 3563 p.
1626 3497 1679 3560 51)

316 3563 438 3629 Keplerus
456 3564 592 3622 Massiliae
612 3574 715 3625 nunciat
734 3591 794 3639 opus
812 3575 873 3626 illud
891 3590 907 3625 a
925 3589 952 3626 se
970 3579 1097 3640 inceptum
1116 3591 1176 3626 esse.
1198 3574 1338 3640 (Leguutnr
1349 3573 1414 3622 baec
1432 3571 1534 3636 Kepieri
1552 3571 1629 3622 rerba
1648 3573 1679 3620 in

314 3635 372 3687 folio
390 3636 462 3768 ipius
480 3642 608 3693 voluminis
633 3643 704 3696 titulo
725 3647 846 3712 praefixo,
875 3646 939 3712 quod
965 3647 1064 3697 exbibet
1087 3647 1212 3711 exemplar
1229 3647 1355 3697 literarum
1376 3642 1478 3706 Kepleri
1497 3655 1574 3693 mann
1595 3643 1677 3706 scrip·

314 3713 403 3760 tarum.

402 3777 597 3844 Responmouem
615 3785 742 3838 Maesulini
762 3790 794 3839 ad
812 3789 859 3839 baa
876 3787 962 3839 litem
979 3790 1102 3852 integram
1125 3788 1165 3840 bie
1183 3787 1340 3840 inserendam
1359 3785 1509 3841 censuimus.
1530 3798 1587 3836 cum
1604 3783 1678 3834 illurn

316 3847 459 3902 Eansohiur
476 3856 502 3904 lu
521 3857 666 3908 collectione
684 3875 730 3910 sua
749 3861 858 3910 omiserit
876 3857 968 3924 (comp.
979 3860 999 3910 1.
1014 3857 1086 3922 ³02).
1116 3859 1188 3921 Quae
1206 3859 1303 3925 quidem
1321 3857 1459 3921 praemittit
1469 3854 1505 3906 11.
1519 3855 1550 3906 de
1568 3854 1677 3906 calami·

313 3921 407 3972 18111111
425 3924 450 3972 in
471 3925 563 3990 styrie,
581 3930 786 3982 referendarum
805 3931 836 3980 ad
855 3931 939 3981 literas
957 3930 1062 3996 Kepleri⁴
1077 3931 1134 3981 Vol.
1147 3931 1167 3981 1.
1185 3949 1208 3997 p.
1223 3929 1258 3980 54
1276 3929 1420 3993 pmpositas.

405 3991 478 4060 Salus
491 4001 516 4048 iu
528 3999 624 4051 Christo
639 4000 746 4051 Domino
758 4009 848 4052 nostro.
877 4001 978 4052 Literae
997 4009 1065 4060 tuae,
1085 4003 1161 4052 frater
1179 4005 1277 4068 optime.
1296 4001 1457 4050 miserrimum
1476 4013 1555 4050 reruru
1572 4004 1678 4050 enarum

316 4065 440 4129 totiusque
459 4067 558 4132 styriae
577 4079 669 4123 statum
687 4074 745 4124 mibi
765 4073 955 4124 denunciarunt.
994 4072 1090 4124 similla
1107 4075 1216 4126 referunt
1241 4073 1311 4124 nobis
1330 4072 1370 4134 qni
1390 4071 1423 4120 ad
1441 4084 1486 4120 nor
1506 4069 1608 4120 e‘robla
1624 4071 1676 4120 mi·

316 4142 427 4199 simut.
467 4140 568 4193 Utinam
596 4145 664 4194 robis
687 4145 822 4208 vestrisque
840 4145 913 4194 rebus
933 4159 949 4196 a
967 4145 1038 4194 nobie
1056 4150 1082 4194 et
1099 4160 1144 4210 per
1161 4161 1206 4196 nos
1225 4143 1319 4196 consuli
1337 4147 1429 4206 posset.
1466 4137 1531 4201 Quid
1549 4156 1605 4192 reru
1626 4139 1676 4192 uli·

317 4206 414 4268 qnando
434 4211 464 4261 de
482 4213 553 4264 uobis
571 4230 666 4280 qnoque
684 4216 793 4266 futurum
811 4216 856 4272 sit.
875 4214 945 4265 Dens
963 4217 1037 4266 uerit.
1074 4216 1145 4267 lstud
1162 4219 1272 4268 animum
1289 4229 1372 4264 meum
1389 4213 1548 4263 vehementer
1563 4217 1676 4276 torquet,

315 4277 379 4337 quod
398 4282 482 4333 nullae
499 4285 538 4334 rel
557 4286 660 4336 rariores
678 4302 721 4350 pro
740 4287 898 4336 ecclesiarum
917 4293 1052 4336 vestrarum
1072 4291 1140 4338 statu
1151 4287 1265 4353 publicae
1283 4299 1368 4350 preces
1387 4285 1458 4334 liunt.
1495 4282 1534 4332 Ibi
1551 4298 1674 4350 magnum

314 4345 452 4409 silentium,
473 4360 593 4420 tunquam
610 4373 650 4408 res
670 4371 753 4407 omnes
773 4362 857 4407 esseut
874 4363 989 4421 pacatae.
1027 4357 1148 4409 Dominus
1167 4359 1289 4410 ecclesiae
1306 4370 1367 4405 anae
1385 4355 1538 4405 misereatur.

390 4418 457 4480 Quid
477 4427 520 4476 tibi
541 4428 667 4478 consulam
686 4443 742 4478 rere
755 4443 804 4477 uon
822 4427 910 4478 babeo.
938 4427 1003 4488 Quid
1015 4427 1113 4494 Pragae
1133 4429 1198 4494 apud
1211 4428 1344 4480 Gaesarem
1363 4432 1495 4490 expectare
1513 4425 1599 4489 poesia,
1618 4431 1676 4478 tuta

315 4489 413 4546 scena.
439 4498 545 4563 vestigia
569 4499 627 4550 dum
647 4505 672 4549 te
691 4503 785 4548 terrem
804 4499 888 4562 ampla
905 4499 998 4550 salaria
1015 4503 1211 4564 exspectantium
1230 4507 1258 4551 at
1275 4501 1315 4549 rix
1328 4497 1454 4548 dimidium
1467 4497 1674 4561 extorquentium.

316 4557 343 4608 st
363 4563 503 4618 medicinae
522 4584 619 4620 cursum
639 4571 785 4621 continuare
803 4569 883 4627 voles.
901 4569 970 4620 loeus
989 4584 1051 4620 sane
1072 4573 1137 4635 apud
1157 4588 1202 4623 noe
1220 4577 1298 4628 emate
1318 4583 1401 4618 rerum
1420 4567 1452 4618 de
1463 4567 1613 4631 professione
1628 4574 1677 4619 ant

315 4632 511 4694 profesriuncula
530 4656 576 4706 ego
594 4641 703 4705 profecto
717 4641 776 4692 nihil
789 4639 897 4704 polliceri
915 4655 1022 4705 possum.
1060 4640 1139 4693 Nulla
1156 4659 1180 4693 n.
1191 4643 1258 4708 apud
1275 4655 1321 4691 noa
1339 4644 1421 4697 vacat,
1441 4652 1496 4695 nec,
1515 4639 1581 4703 quod
1599 4639 1676 4690 facile

315 4702 439 4762 conjicere
457 4717 539 4771 potes.
570 4713 698 4776 qnisquam
721 4711 828 4762 libenter
846 4711 919 4761 cedit.
957 4711 1173 4764 Extraordinariae
1193 4714 1260 4779 apud
1281 4727 1327 4762 uos
1345 4709 1428 4761 nullae
1447 4715 1519 4766 snut,
1546 4711 1605 4776 qula
1632 4712 1674 4775 qui

314 4773 535 4831 extramdiuarinm
554 4783 670 4834 celadum
684 4787 806 4841 numeret,
825 4797 898 4832 nemo
916 4787 963 4832 est.
989 4783 1072 4843 Quare
1085 4787 1143 4851 quid
1161 4785 1186 4835 lu
1204 4785 1242 4835 bis
1255 4779 1444 4834 difficultatibus
1462 4779 1597 4836 consulam.
1615 4796 1673 4843 pro·

314 4845 380 4896 fecto
399 4861 449 4898 nou
466 4847 554 4903 babeo.
592 4852 675 4906 Unum
692 4854 754 4913 boc,
773 4853 838 4921 quod
856 4854 882 4904 iu
901 4855 951 4906 fine
962 4853 1083 4919 epistolae
1100 4863 1161 4908 mae
1173 4858 1240 4922 petia
1251 4861 1280 4906 nt
1297 4865 1341 4917 pro
1359 4858 1385 4903 te
1398 4853 1495 4918 tuisque
1513 4866 1588 4911 orem
1607 4851 1674 4904 lactc
