3694 5528
746 304 803 358 aaa
819 291 917 346 renuo
936 289 1045 346 urea.
1503 293 1568 364 505

217 463 338 544 nauigio
361 463 417 526 hoo
440 464 569 528 Telluris
592 485 689 528 annuo
712 475 793 529 motu
816 469 1076 548 circumspatietnr
1098 469 1247 531 lustrandi
1273 487 1374 543 causa,
1398 489 1459 533 non
1482 491 1570 536 secus

218 561 309 633 atque
323 571 477 614 mensores
490 571 589 614 rerum
603 553 824 619 inaccessarnm
840 556 1002 618 stationem
1021 558 1153 619 statione
1168 565 1349 637 permutant,
1370 567 1405 620 ut
1418 558 1569 640 triangulo
1677 571 1680 578 “

217 641 366 704 mensorio
386 641 503 720 justam
526 641 612 704 basin
636 662 674 706 ex
696 645 860 706 stationum
883 646 1051 707 intervallis
1075 646 1244 708 concilient.

305 729 383 792 Post
414 727 517 792 Solem
549 739 649 792 antem
680 751 739 792 uon
772 741 820 794 est
852 733 978 796 nobilior
1008 735 1116 813 globus
1148 733 1304 816 aptiorque
1336 734 1447 796 homini
1480 755 1569 816 qnam

218 817 332 879 Tellus.
361 818 441 879 Nam
462 818 488 879 is
502 818 628 899 primum
644 839 765 883 numero
787 822 902 882 medius
916 830 965 883 est
980 840 1018 883 ex
1036 823 1133 901 globis
1154 822 1303 902 primariis
1324 823 1569 896 (circulatoribus
1629 865 1643 874 υ

216 905 264 968 hic
287 913 320 966 et
343 906 447 968 Lunae
471 907 561 986 globo
585 907 833 971 circumtemestri
856 911 999 989 seposito,
1024 918 1057 971 ut
1079 930 1136 990 par
1159 913 1232 985 est),
1258 910 1350 972 babet
1374 912 1451 972 enim
1475 931 1569 992 supra

216 988 356 1067 Mar'tem,
374 993 492 1067 Jovem,
507 993 680 1072 Saturnum,
704 997 784 1058 inira
806 999 992 1077 complexum
1008 999 1054 1059 sni
1074 999 1214 1061 circuitus
1238 1007 1392 1060 currentes
1408 999 1568 1077 Venerem,

216 1083 398 1146 Mercurium
428 1091 460 1144 et
490 1091 643 1145 tornatum
675 1085 705 1146 in
744 1087 842 1148 medio
875 1085 995 1160 Solem,
1035 1105 1173 1148 cursuum
1207 1088 1337 1148 omnium
1370 1087 1568 1163 incitatorem,

216 1190 286 1232 rere
309 1170 498 1250 Apollinem,
533 1189 592 1252 qua
624 1189 697 1234 voce
724 1175 843 1236 Brunus
874 1175 977 1236 crebro
1010 1176 1114 1236 utitur.
1161 1175 1278 1237 Deinde
1307 1193 1373 1237 cnm
1398 1174 1418 1238 5
1442 1195 1571 1256 corpora

216 1260 328 1322 abeunt
350 1260 380 1320 in
404 1260 480 1321 duas
508 1260 643 1336 classes,
677 1261 765 1323 trium
798 1261 1024 1342 primariorum:
1059 1263 1146 1336 cubi,
1177 1264 1342 1337 tetrasemi,
1376 1264 1566 1340 dodecae'dri,

218 1349 342 1410 duorum
373 1349 634 1411 secundariorum:
668 1349 817 1412 icosaddri
841 1359 873 1412 et
902 1351 1055 1427 octaedri,
1081 1352 1210 1413 Telluris
1243 1353 1385 1414 circuitus
1417 1353 1461 1414 sie
1490 1353 1570 1417 inter

215 1445 372 1517 utrumque
396 1436 529 1498 ordinem
553 1437 646 1500 veluti
669 1437 815 1500 maceries
837 1440 1011 1508 intercedit,
1036 1447 1071 1502 ut
1093 1440 1228 1520 superius
1260 1440 1440 1502 dodecabdri
1465 1451 1570 1505 centra

214 1525 372 1605 planorum
397 1521 447 1599 12,
478 1525 602 1586 inferius
625 1527 836 1606 respondentis
864 1527 1015 1590 icosaedri
1044 1529 1168 1607 angelos
1195 1526 1234 1589 12
1259 1527 1411 1606 stringat3
1441 1547 1499 1609 quo
1522 1531 1570 1592 vel

214 1613 280 1675 solo
304 1613 365 1673 situ
386 1613 466 1674 iuter
488 1613 599 1692 figuras
622 1632 696 1694 prae
716 1615 827 1676 ceteris
851 1615 973 1677 orbibus
996 1617 1140 1678 notabilis
1163 1624 1212 1678 est
1234 1617 1315 1676 orbis
1340 1617 1477 1680 Telluris.

304 1701 484 1762 Tertienos
508 1703 537 1762 iu
562 1702 682 1764 Tellure
705 1703 885 1765 Mercurium
911 1705 1101 1782 planetarum
1129 1705 1336 1782 primariorum
1360 1706 1496 1766 ultimum
1519 1707 1571 1768 vix

214 1788 281 1851 visu
305 1788 566 1869 apprehendimus,
592 1799 715 1870 propter
733 1793 930 1872 propinquam
946 1800 977 1854 et
996 1793 1116 1854 nimiam
1130 1791 1211 1854 Solis
1230 1793 1412 1854 claritatem.
1447 1791 1569 1866 Quanto

214 1879 312 1940 minus
334 1879 364 1938 in
387 1876 465 1939 Jove
489 1879 535 1938 rel
560 1877 693 1940 Saturno
716 1880 882 1942 Mercurius
907 1881 1084 1960 conspicuus
1109 1881 1190 1942 erit?
1222 1880 1343 1942 Summo
1368 1883 1469 1963 itaque
1494 1901 1569 1944 oon-

215 1965 283 2030 silio
307 1965 354 2026 bic
377 1965 486 2044 globus
509 1965 620 2028 bomini
653 1968 770 2030 ridetur
802 1968 985 2043 attributus,
1020 1978 1053 2031 ut
1075 1989 1177 2030 omnes
1201 1970 1340 2050 planetas
1373 1970 1571 2051 contemplari

213 2061 329 2136 posset.
376 2054 522 2134 Adeoque
547 2056 614 2134 quis
637 2056 771 2134 negabit,
795 2057 825 2118 in
849 2059 1123 2136 compensationem
1148 2058 1306 2120 latentium
1330 2059 1409 2137 apud
1431 2057 1568 2120 Joviales

213 2145 405 2222 planetarum
425 2161 543 2215 eornm,
561 2161 635 2223 quos
656 2165 709 2205 nos
729 2145 889 2206 terricolae
911 2146 1055 2221 videmus,
1081 2147 1242 2208 attributos
1262 2165 1329 2206 esse
1349 2146 1418 2207 Jovi
1442 2158 1570 2226 quatuor
1676 2163 1678 2168 ⁴

214 2232 301 2306 alios,
326 2231 541 2293 adnumerum
569 2239 695 2311 quatuor
723 2233 897 2297 inferiorum
920 2234 1045 2309 Martis,
1074 2231 1217 2308 Telluris,
1243 2233 1389 2309 Veneris,
1417 2234 1568 2310 Mercurii,

215 2319 319 2384 Solem
343 2319 539 2382 ambientium
562 2320 642 2382 intra
663 2319 749 2382 Jovis
774 2321 939 2384 ambitum?

301 2408 446 2471 Habeant
468 2408 561 2487 igitur
588 2418 745 2472 creaturae
768 2408 891 2486 Joviae,
916 2429 974 2489 qno
999 2429 1032 2470 se
1056 2410 1224 2485 oblectent,
1256 2410 1320 2472 siut
1341 2411 1402 2472 illis
1426 2411 1520 2473 etiam
1543 2411 1570 2474 si

210 2498 313 2578 planet
336 2504 463 2576 quatuor
487 2496 540 2564 sui,
555 2497 696 2577 planetae
721 2496 860 2577 dispositi
884 2499 922 2560 ad
947 2517 1081 2560 normam
1105 2499 1213 2560 classis
1238 2499 1326 2560 trium
1350 2498 1569 2562 rhombicornm

212 2603 376 2664 corporum,
397 2602 520 2665 qnorum
534 2605 622 2647 uuum
642 2584 964 2667 (quasi-rhombicum)
979 2587 1071 2648 'cubus
1085 2587 1151 2664 ipse
1169 2594 1225 2661 est,
1241 2586 1403 2648 secundum
1423 2586 1568 2650 cubocte-

169 2701 172 2711 ·
216 2673 363 2748 edricum,
390 2673 510 2734 tertium
534 2673 876 2750 icosidodeeaedrieum,
901 2671 931 2750 6,
960 2673 1009 2750 12,
1035 2672 1077 2736 30
1100 2675 1257 2754 planorum
1282 2674 1568 2754 quadrilaterorum:

213 2761 346 2824 habeant
378 2762 499 2841 iuquam
528 2761 571 2824 illi
596 2782 668 2838 sna;
700 2781 756 2824 nos
787 2762 920 2824 homines
954 2763 1113 2825 terricolae
1141 2781 1199 2824 non
1234 2763 1336 2844 utique
1370 2763 1483 2825 frustra
1506 2765 1568 2837 (me

213 2851 351 2926 doctore)
366 2851 403 2912 de
417 2849 681 2929 praestantissima
696 2859 866 2913 nostrornm
880 2870 1038 2933 corporum
1057 2850 1244 2916 habitatione
1264 2851 1387 2932 gloriari
1407 2871 1568 2932 possumus

214 2937 341 3019 Deoque
364 2939 512 3000 conditori
535 2948 639 3017 grates
664 2941 816 3002 debemus.

300 3027 385 3088 Haec
425 3045 514 3106 super
550 3028 636 3089 novis
674 3027 931 3103 dubitationibus,
971 3046 1045 3108 quas
1082 3026 1143 3088 tuis
1177 3025 1316 3092 Galilaea
1354 3027 1568 3108 experimentis

211 3116 364 3186 excitasti,
387 3115 594 3195 philosophice
617 3125 717 3179 tecum
740 3117 891 3179 disserere
915 3115 987 3177 mihi
1009 3115 1131 3195 placuit.

300 3203 362 3268 Sed
391 3221 459 3267 cum
491 3205 612 3284 saepius
642 3205 707 3284 jam
739 3213 922 3267 structuram
953 3203 1055 3266 mundi
1076 3222 1131 3284 per
1154 3199 1173 3266 5
1198 3202 1349 3284 regularia
1381 3223 1508 3285 corpora
1530 3223 1569 3266 ex

210 3311 277 3354 meo
300 3291 447 3374 Mysterio
473 3291 729 3375 cosmographiae
763 3293 955 3370 adduxerim,
985 3291 1080 3354 tribus
1112 3291 1213 3354 verbis
1250 3292 1450 3381 objectionem
1482 3291 1567 3356 initio

212 3382 361 3463 epistolae
385 3388 500 3443 tactam
523 3382 645 3460 penitus
669 3381 839 3444 eliminabo.

300 3468 376 3532 Cum
399 3477 526 3551 quatuor
550 3469 580 3530 hi
602 3471 745 3550 planetae
769 3469 994 3550 angustissimis
1017 3467 1166 3531 meatibus
1184 3469 1293 3531 Jovem
1316 3468 1413 3549 ipsum
1436 3469 1567 3533 circum-

213 3557 383 3634 ambulent,
415 3575 502 3619 nemo
534 3564 667 3633 metuat,
702 3558 855 3622 turbatum
887 3558 925 3621 iis
956 3558 995 3620 iri
1025 3558 1172 3619 rationem
1199 3575 1298 3619 meam
1330 3557 1567 3638 interpositionis

211 3645 371 3724 figurarum
394 3644 588 3727 Pythagorae
620 3645 702 3708 inter
733 3647 883 3728 planetas.
931 3644 1011 3719 Quin
1037 3647 1139 3725 potius
1161 3665 1261 3726 spero,
1289 3645 1344 3706 bos
1373 3645 1567 3708 circulatores

210 3731 317 3796 Jovios
341 3741 373 3796 et
395 3734 515 3813 siquos
538 3733 652 3797 habent
674 3735 728 3798 alii
751 3735 842 3798 etiam
865 3735 1020 3816 planetae,
1055 3735 1176 3797 tandem
1208 3751 1326 3796 omnem
1359 3752 1435 3813 quae
1468 3741 1569 3796 restat

212 3821 448 3902 discrepantiam
470 3821 651 3887 sublaturos.
697 3823 862 3886 Rationem
885 3822 965 3885 euim
984 3823 1086 3884 a·Deo
1110 3823 1203 3885 etiam
1226 3823 1332 3884 horum
1356 3821 1578 3885 circulatorum·

210 3910 346 3974 habitam
368 3910 399 3972 iu
423 3910 583 3991 figurarum
605 3911 842 3992 interpositione,
868 3912 1038 3974 circulator'
1051 3911 1172 3986 Terrae,
1196 3911 1284 3972 Luna
1305 3907 1434 3984 scilicet,
1458 3910 1567 3988 arguit,

210 3999 296 4082 cujus
320 3999 477 4066 circuitum
500 3997 581 4060 circa
599 4000 723 4062 Terram
746 4001 901 4080 negligere
925 4019 983 4061 non
1006 3999 1100 4080 potui,
1123 4018 1190 4062 cnm
1212 3997 1285 4062 illud
1308 3996 1462 4077 negotium
1486 3999 1567 4061 serio

211 4095 386 4152 tractarem.
432 4088 580 4168 Adeoque
612 4089 775 4151 etiamnum
798 4089 828 4151 in
861 4087 1052 4150 restitutione
1082 4086 1197 4158 orbium
1225 4094 1257 4148 et
1284 4093 1419 4148 motuum
1446 4086 1566 4162 Martie,

213 4177 357 4254 Telluris,
390 4176 521 4239 Veneris
554 4194 593 4237 ex
624 4177 887 4239 observationibus
916 4176 1028 4238 Brabei
1060 4175 1250 4256 deprehendo
1282 4174 1367 4237 hiare
1399 4175 1568 4254 plusculum

210 4264 378 4342 interstitii,
402 4272 438 4327 ut
459 4263 640 4326 dodeeaedri
659 4264 777 4344 angulis
801 4285 820 4326 a
844 4264 987 4345 peribelio
1002 4263 1113 4326 Martis
1137 4263 1270 4326 extensis
1285 4281 1343 4326 non
1368 4270 1569 4344 assequantur

210 4361 315 4418 centra
345 4355 504 4435 planorum
540 4350 659 4414 Lunam
688 4351 718 4414 in
752 4371 888 4432 apogaeo
912 4371 966 4414 suo
990 4360 1022 4414 et
1050 4351 1168 4433 aphelio
1192 4350 1321 4415 Telluris
1352 4349 1566 4436 constitutam:

208 4459 305 4524 neque
332 4449 439 4505 centra
471 4440 643 4512 iaosaedri,
675 4439 794 4518 aphelio
823 4441 949 4502 Veneris
982 4442 1225 4512 accommodata,
1254 4439 1412 4519 porrigant
1440 4439 1568 4520 angulos

208 4529 356 4594 icosaedri
380 4547 474 4611 nsque
494 4528 535 4592 ad
550 4529 670 4590 Lunam
692 4527 722 4588 iu
746 4545 881 4606 apogaco
905 4546 959 4590 sno
977 4536 1009 4590 et
1030 4529 1175 4609 perihelio
1195 4528 1324 4590 Telluris
1348 4527 1565 4590 constitutam:

209 4619 287 4697 quod
310 4623 488 4700 argumento
513 4625 571 4690 est,
592 4633 753 4694 superesse
777 4616 891 4697 aliquid
905 4615 963 4678 loci
981 4617 1061 4682 inter
1074 4616 1250 4698 peribelium
1263 4614 1373 4680 Martis
1392 4623 1424 4678 et
1441 4617 1568 4696 angulos

209 4703 388 4770 dodecatdri
395 4725 405 4784 3
434 4705 478 4768 sie
500 4705 581 4769 inter
604 4709 709 4766 centra
733 4703 882 4766 ieosaedri
908 4712 940 4766 et
967 4705 1116 4786 aphelium
1137 4703 1287 4779 Veneris3
1315 4711 1350 4767 et
1373 4705 1451 4786 quod
1473 4704 1567 4768 mira-

207 4791 273 4856 culo
297 4813 364 4859 sess
386 4791 500 4877 possit,
524 4791 616 4872 paulu
639 4790 707 4872 plns
731 4789 792 4854 illio
816 4809 904 4872 quam
925 4792 992 4855 hic:
1018 4793 1124 4875 quibus
1148 4811 1219 4875 ergo
1244 4789 1384 4874 spatiolis
1407 4810 1496 4874 spero
1519 4811 1567 4856 me
