3718 5528
316 255 383 326 298

810 259 983 310 serenantes
1000 257 1062 310 Para
1081 257 1180 324 Optloa.

434 485 464 550 2.
489 488 711 568 Παραὸοξοι
734 489 867 549 Lunam
892 509 957 550 uon
983 489 1170 551 obscurari
1195 489 1238 550 ab
1262 489 1385 550 umbra
1408 488 1556 551 Terrae.

405 613 462 674 His
485 612 587 690 itaque
611 611 655 674 sic
686 631 719 674 se
748 613 941 688 habentibus,
973 633 1039 676 cum
1073 613 1141 675 inde
1166 635 1185 674 a
1208 620 1281 675 nata
1311 615 1496 676 astronomia
1524 614 1616 676 luerit
1644 615 1675 674 in

316 703 463 776 confesso,
488 699 620 780 deliquia
643 701 747 762 Lunae
770 703 928 782 provenire
953 722 990 764 ex
1013 705 1134 766 incursu
1158 702 1223 780 ejus
1247 702 1276 762 in
1300 704 1435 766 umbram
1459 704 1581 778 Terrae,
1606 703 1674 766 cal-

315 793 399 855 culus
423 789 513 851 etiam
537 808 627 869 super
650 789 697 852 luis
721 801 876 854 extructus
893 792 1094 853 fundamentis
1117 799 1237 853 tantum
1260 811 1318 854 non
1334 791 1530 854 subtilissime
1546 810 1675 872 respon-

315 880 394 944 derit
421 877 561 940 eventui:
602 897 747 941 summam
785 881 993 944 difficultatem
1031 880 1160 960 objicere
1190 881 1259 942 huic
1293 881 1415 959 negotio
1443 881 1583 944 videntur
1610 881 1674 953 illa,

316 987 392 1049 quae
425 965 526 1046 capite
549 965 606 1029 IV.
641 968 677 1028 de
702 969 932 1030 refractionibus
960 971 1111 1032 radiorum
1136 968 1216 1031 Solis
1240 971 1270 1030 in
1295 977 1365 1032 abre
1397 970 1487 1032 factis
1516 971 1674 1048 disputata

314 1067 396 1120 suut.
429 1056 508 1119 Nam
532 1055 558 1116 si
581 1057 658 1117 radii
682 1056 763 1120 Solis
788 1059 911 1120 Terram
936 1059 1091 1120 occidente
1116 1057 1187 1120 Sole
1211 1059 1421 1137 contingentes
1446 1060 1576 1122 refracto
1600 1077 1674 1138 per-

314 1146 437 1207 veniunt
460 1144 496 1205 ad
522 1162 585 1218 nos,
611 1146 782 1208 transibunt
805 1147 898 1227 igitur
920 1148 1051 1209 refracte
1075 1155 1108 1208 et
1131 1147 1266 1209 umbram
1290 1147 1451 1210 certabunt
1474 1148 1552 1211 infra
1576 1149 1674 1210 locum

313 1233 461 1298 transitus
485 1234 598 1294 Lunae.
645 1234 703 1296 Hic
726 1235 812 1297 nobis
836 1237 930 1298 nodos
956 1237 1121 1298 solvendus
1145 1245 1207 1304 est,
1240 1244 1272 1298 ut
1295 1237 1460 1298 astronomi
1485 1235 1673 1300 dubitatione

478 1357 533 1423 rig.
554 1352 595 1405 93.

764 1327 936 1400 liberentur,
963 1345 1019 1386 neu
1043 1326 1167 1398 existat,
1192 1325 1242 1405 qui
1265 1325 1314 1386 vel
1338 1325 1467 1404 eclipses
1492 1345 1530 1387 ex
1553 1326 1672 1386 refrac-

770 1415 900 1476 tionibus
919 1415 967 1475 vel
982 1413 1180 1493 reflectiones
1200 1431 1237 1474 ex
1256 1414 1417 1493 eclipsibus
1438 1416 1543 1478 Lunae
1562 1415 1676 1476 audeat

769 1503 917 1566 cavillari.

858 1590 1017 1654 Contrua
1048 1589 1200 1652 scribatur
1222 1591 1257 1669 βγ
1288 1591 1416 1652 circulus
1450 1589 1548 1669 major
1571 1587 1674 1650 Solem

768 1689 1015 1762 repraesentans,
1049 1687 1154 1742 centro
1178 1684 1195 1740 b
1223 1679 1351 1742 circulos
1375 1675 1408 1751 ιζ
1429 1680 1542 1740 Terrae
1566 1678 1673 1752 minor,
1738 1679 1739 1684 ’

768 1781 800 1832 et
830 1771 978 1832 ducantur
1006 1767 1216 1847 contingentes
1244 1769 1294 1842 βι,
1319 1764 1353 1848 γζ
1377 1787 1470 1848 usqne
1499 1768 1569 1830 dum
1600 1767 1630 1828 in
1655 1787 1675 1827 o

768 1865 949 1921 concurrant
972 1876 1037 1918 cum
1062 1861 1100 1916 ad
1119 1875 1186 1918 are.
1218 1857 1414 1920 Manifestum
1438 1863 1494 1929 est,
1515 1851 1571 1928 ισζ
1590 1856 1673 1916 futu·

710 1960 711 1965 ’
767 1967 831 2012 ram
847 1947 979 2008 umbram
999 1947 1121 2019 Terrae,
1147 1945 1173 2006 si
1188 1947 1231 2022 fia,
1247 1941 1280 2024 γζ
1294 1944 1444 2008 irrefracti
1470 1945 1672 2025 pervenirent

767 2039 813 2099 At
840 2038 905 2117 jam
938 2036 1049 2097 Terrae
1082 2035 1204 2114 globum
1236 2030 1271 2106 ιζ
1304 2035 1505 2114 amplectatur
1544 2034 1676 2112 sphaera

697 2132 704 2210 j
768 2125 848 2186 aeris
872 2144 948 2192 ιιοιι,
973 2124 1058 2202 eujus
1078 2131 1127 2186 est
1149 2123 1278 2185 medium
1303 2122 1424 2186 densius
1441 2123 1539 2186 medio
1564 2122 1673 2184 aethe·

693 2236 698 2277 ς
768 2217 821 2284 ris,
846 2232 938 2293 quare
959 2214 1002 2288 βι,
1025 2207 1059 2290 ιζ
1077 2211 1268 2290 ingressurae
1292 2219 1394 2273 aerem
1418 2213 1448 2273 iu
1472 2211 1631 2291 punctisr,
1658 2233 1675 2272 a

687 2298 695 2361 ι’
769 2323 825 2364 non
850 2310 979 2381 possunt
1001 2301 1157 2383 pervenire
1182 2300 1212 2360 in
1237 2323 1264 2374 a,
1290 2297 1313 2374 ζ,
1340 2301 1394 2362 sed
1416 2301 1621 2380 refringantur
1644 2298 1673 2359 in

769 2414 811 2470 ιη,
842 2395 883 2454 κθ
913 2400 944 2451 et
976 2389 1146 2468 impingunt
1178 2387 1208 2449 in
1233 2389 1356 2450 Terram
1384 2389 1413 2451 in
1442 2411 1474 2467 η,
1503 2393 1543 2462 θ,
1573 2388 1673 2468 ibique

769 2479 971 2558 impediuntur
995 2479 1172 2558 quominus
1197 2478 1437 2557 progrediantur.
1476 2478 1522 2540 Ae
1538 2497 1604 2539 curn
1619 2476 1674 2539 Sol

768 2572 900 2633 illustret
933 2568 1104 2628 universum
1137 2567 1298 2646 sphaeram
1326 2567 1406 2628 aeris
1439 2576 1582 2647 quantum
1616 2564 1674 2627 sibi

769 2661 806 2720 de
831 2677 867 2718 ea
891 2657 1041 2736 objicitur,
1067 2657 1168 2716 radios
1187 2656 1280 2733 igitur
1300 2656 1375 2717 alios
1393 2657 1474 2718 ultra
1492 2658 1529 2732 βι,
1545 2679 1576 2734 γιι
1600 2671 1672 2734 pro-

763 2748 841 2828 jicit,
868 2764 989 2826 quorum
1008 2745 1110 2825 utique
1130 2744 1222 2824 aliqui
1245 2744 1421 2823 contingent
1439 2745 1552 2806 Terrae
1571 2744 1673 2804 orbem

769 2845 801 2898 et
819 2836 992 2898 transibunt
1013 2841 1135 2913 praeter
1150 2833 1273 2894 Terram
1288 2832 1317 2893 iu
1342 2843 1459 2912 partem
1478 2833 1558 2895 atris
1574 2849 1672 2912 oppo-

769 2930 871 2987 sitam.
919 2922 989 2985 Sint
1012 2925 1065 3000 βλ,
1089 2946 1126 3001 γμ
1150 2921 1242 2994 radii,
1268 2922 1316 3000 qui
1343 2923 1547 2999 refringantur
1570 2923 1600 2984 in
1623 2924 1672 2994 λιι,

768 3039 822 3092 μο,
849 3013 1059 3091 contingentes
1088 3013 1212 3072 Terram
1244 3009 1275 3070 in
1299 3034 1322 3085 a,
1347 3005 1371 3083 ζ.
1417 3009 1466 3071 Ex
1492 3012 1530 3073 iis
1561 3018 1671 3080 autem,

770 3123 845 3184 quae
874 3101 976 3182 Tycho
1008 3101 1108 3163 Brahe
1142 3099 1324 3179 experiundo
1358 3100 1530 3174 coustituit,
1565 3102 1611 3172 la,
1635 3095 1677 3174 μζ

768 3192 972 3253 horizontales
995 3189 1182 3250 radiationes
1205 3187 1415 3250 refractionem
1433 3190 1588 3268 patiuntur
1607 3185 1671 3252 34'.

769 3278 871 3351 Quare
903 3279 1030 3357 angulus
1063 3281 1114 3355 βλι
1145 3287 1195 3339 est
1227 3274 1305 3340 179ο
1327 3273 1392 3348 26’,
1426 3286 1530 3340 tantus
1559 3289 1590 3340 et
1613 3275 1672 3358 γμζ.

769 3371 816 3430 Ac
845 3387 910 3428 cum
939 3386 993 3446 per
1015 3367 1054 3440 X,
1081 3363 1111 3429 9.
1138 3366 1311 3429 Vitellionis
1341 3367 1448 3449 eadem
1479 3368 1618 3430 accidunt
1642 3369 1671 3428 in

770 3459 907 3535 ingressu
939 3475 1014 3536 qnae
1038 3456 1069 3516 in
1100 3474 1240 3534 egressu,
1275 3457 1334 3518 erit
1364 3455 1457 3534 igitur
1479 3459 1536 3536 λιιρ
1567 3457 1672 3519 itidem

772 3542 854 3610 179θ
869 3543 932 3616 26¹,
954 3546 997 3606 sic
1017 3551 1049 3605 et
1063 3565 1132 3624 μορ.
1168 3542 1269 3613 Quare
1290 3545 1395 3606 umbra
1412 3545 1522 3606 Terrae
1543 3545 1674 3624 genuina

769 3635 827 3697 erit
850 3629 947 3714 ιπροζ,
973 3635 1032 3695 imo
1052 3634 1149 3694 adhuc
1169 3633 1296 3705 brevior,
1318 3642 1350 3692 ut
1369 3633 1446 3694 infra
1464 3635 1592 3714 patebit.
1621 3635 1672 3696 Ad

769 3727 866 3787 latero
895 3741 966 3784 vero
995 3723 1089 3802 ipsius
1113 3745 1130 3802 ρ
1155 3721 1315 3799 interjecta
1349 3722 1400 3783 lux
1424 3719 1507 3785 Solis
1540 3723 1674 3786 refracta

769 3813 827 3876 erit
851 3813 973 3875 dimidio
1003 3811 1122 3893 quidem
1151 3810 1291 3882 debilior,
1320 3829 1409 3889 quam
1437 3819 1486 3873 est
1514 3813 1593 3891 apud
1616 3833 1672 3874 nos

768 3903 821 3966 lux
836 3901 917 3964 Solis
937 3901 1112 3973 occidentis,
1139 3918 1214 3980 quae
1230 3917 1303 3959 sane
1319 3900 1399 3961 nullo
1414 3901 1503 3962 modo
1528 3902 1672 3964 tenebrae

768 3991 828 4053 dici
850 3999 963 4070 potest,
989 3989 1194 4071 quamvisper
1212 3981 1313 4064 lauf
1331 3989 1567 4066 profunditatem
1591 3990 1672 4052 aeris

768 4081 807 4142 ad
831 4099 886 4144 nos
909 4081 1058 4160 ingressa.
1097 4078 1185 4138 Diem
1209 4077 1287 4138 enim
1307 4077 1393 4138 nobis
1416 4087 1558 4157 praestat
1579 4080 1672 4142 nihilo

767 4169 863 4231 minus
889 4177 920 4230 et
942 4169 1065 4230 umbras
1087 4187 1105 4227 a
1124 4166 1298 4245 corporibus
1321 4167 1452 4246 projicit.
1491 4167 1561 4230 Etsi
1580 4169 1673 4248 igitur

768 4263 818 4326 λιι,
844 4281 883 4334 po
915 4257 1016 4338 spatia
1049 4256 1141 4334 dupla
1173 4255 1304 4316 suntad
1328 4258 1377 4330 λι,
1401 4252 1453 4331 μζ,
1487 4267 1670 4318 nontamen

767 4347 830 4409 fieri
855 4347 975 4426 poterit,
1001 4354 1034 4407 ut
1057 4346 1177 4425 penitus
1201 4345 1253 4406 lux
1276 4344 1443 4406 aboleatur.

856 4436 951 4497 Porro
975 4453 1013 4496 ex
1027 4435 1074 4495 his
1099 4433 1264 4513 suppositis
1280 4433 1368 4494 facile
1388 4434 1516 4495 habetur
1541 4434 1671 4498 altitudo

767 4533 802 4606 dp
836 4527 959 4586 umbrae
991 4523 1119 4595 Terrae,
1152 4541 1242 4602 quam
1275 4522 1411 4584 facerent
1442 4521 1594 4598 reddin,
1619 4545 1670 4600 po,

767 4615 903 4694 quamvis
928 4611 980 4672 alii
1004 4613 1101 4674 adhuc
1130 4611 1298 4673 breviorem
1330 4618 1503 4689 praestent,
1535 4621 1568 4671 ut
1593 4613 1672 4674 iufra

767 4703 893 4765 dicetur.
926 4699 1026 4780 Supra
1040 4720 1105 4780 cap.
1122 4701 1178 4776 VI,
1202 4699 1277 4761 Nro.
1293 4695 1323 4762 3.
1348 4701 1476 4779 angulus
1491 4695 1547 4774 ισζ
1566 4701 1671 4762 deter-

766 4791 896 4852 minatus
921 4799 969 4852 est
992 4809 1030 4850 ex
1052 4789 1218 4869 suppositis
1241 4787 1436 4852 Ptolemaicis
1460 4787 1499 4852 0⁰
1521 4787 1576 4853 251
1592 4785 1669 4853 36‘1.
