3674 5538
646 285 678 336 a·
694 286 766 336 nnus
786 283 889 350 opnor,
955 319 965 338 .
1405 285 1445 352 ει

213 463 342 526 (ῑιιιιῖριὶιε
369 461 434 511 Denr
452 461 543 519 Edico,
572 469 654 510 verton
681 463 732 511 und
760 461 960 526 ilochgelehrten
986 460 1067 511 Herm
1092 461 1162 512 Hans
1188 461 1271 526 Georg
1288 461 1450 512 Heerwarten

156 533 322 598 tenthierium,
339 533 381 582 der
398 533 514 582 Rechten
534 534 576 588 D..
595 533 673 582 lirrstl.
692 533 731 581 lli.
750 535 775 580 in
794 532 871 582 Baim
891 532 1116 590 Geheimen-Raih‚
1135 535 1204 582 einer
1220 532 1450 584 Ers.1.andschetit

156 611 172 654 iu
184 607 234 654 litim
250 605 366 658 dandam,
384 605 434 654 ond
453 603 569 668 Phegero
589 603 643 653 auli
658 603 803 658 Schwaben
824 605 929 652 meinom
950 603 1157 668 Groesgitnstigen
1176 603 1264 654 Herm.

872 687 875 698 ·
1249 671 1397 735 Miincheu.)

210 746 240 796 tie
254 745 294 802 hh,
310 759 371 810 qaae
389 745 514 808 Keplerus
543 745 627 794 ultimo
645 745 698 793 loco
718 746 749 794 de
770 751 839 801 „arte
858 759 905 795 sua
932 745 1141 809 aquaeductoria“
1168 745 1260 802 scribit,
1288 745 1334 794 hoc
1353 749 1451 794 tontum
1495 773 1499 779 ·

153 831 236 872 ιιιιιιιι,
250 816 373 879 Keplerutu
391 816 422 866 de
440 815 490 865 hac
507 830 554 864 sua
571 818 712 865 inventione
730 816 838 879 pluribus
857 819 938 880 egisse
958 831 1013 865 cum
1031 815 1171 872 Benevento,
1189 816 1307 877 Welsero,
1326 815 1450 866 Dietrioh-

152 889 203 935 annio
217 887 315 950 aliisque,
333 887 364 935 ad
382 886 409 935 id
427 889 564 947 intentum,
592 895 620 935 ut
637 889 755 948 majorem
774 886 881 949 aliquam
899 887 1040 936 machinam
1071 877 1139 934 novis'
1157 889 1267 936 innixam
1285 888 1452 938 fundamentis

150 957 291 1006 metuendam
315 965 418 1014 curaret,
446 973 498 1006 rem
527 973 597 1016 vero,
628 958 790 1020 ineptitudine
818 961 950 1006 coercitum
978 957 1117 1007 mechanici
1145 957 1273 1020 cujusdam
1302 959 1450 1023 Augustani,

149 1029 272 1090 mencemn
288 1027 416 1091 reliquisse.
454 1027 528 1086 Quae
547 1029 577 1077 de
596 1028 633 1076 his
652 1035 738 1076 extant
756 1028 842 1077 literae
861 1029 971 1092 Kepleri‚
992 1042 1036 1076 suo
1054 1028 1108 1076 loco
1128 1036 1268 1092 sequentur.

209 1099 246 1148 ilie
262 1098 299 1146 al.
316 1099 372 1148 lan.
394 1097 464 1148 160⁴
483 1100 547 1149 haec
566 1101 662 1162 scripsit
679 1099 839 1148 Hemartus:
868 1100 1044 1154 librenvester‚
1069 1099 1152 1147 Hoch-
1179 1099 1230 1148 und
1248 1098 1452 1164 Wohlgelehrter,

148 1172 217 1220 oeten
237 1170 303 1219 heber
318 1169 380 1219 Hert
407 1171 460 1220 und
479 1170 585 1218 Freund.
623 1172 674 1218 Aus
702 1171 790 1220 dassen
819 1169 953 1220 Schneibon
980 1168 1092 1219 habich
1118 1169 1209 1220 Seium
1228 1169 1375 1219 Wohhtaud
1402 1172 1453 1220 und

148 1240 261 1290 sesentiens
277 1241 409 1290 Wohllahrt
427 1243 474 1288 mit
501 1241 605 1290 sondern
631 1241 743 1290 Frenden
768 1241 818 1291 uod
848 1241 962 1292 daneben
990 1241 1054 1290 auch
1082 1241 1179 1290 vordero
1197 1255 1259 1305 garn
1285 1255 1452 1296 remommen,

147 1327 180 1360 ῑιι
193 1311 218 1360 Er
231 1311 263 1359 ldr
279 1325 348 1374 opera
366 1313 399 1361 ad
417 1312 606 1375 imprimendum
625 1313 784 1376 tibergeben;
808 1313 859 1361 und
877 1311 932 1360 thut
951 1313 994 1361 der
1012 1311 1075 1360 Herr
1094 1311 1171 1368 recht,
1191 1312 1249 1360 dass
1267 1312 1300 1360 Er
1318 1311 1384 1360 nach
1403 1311 1453 1360 und

147 1384 189 1430 sach
202 1384 256 1431 seins
272 1383 420 1432 inventiones
438 1381 491 1431 nod
514 1382 597 1431 studia
616 1397 660 1432 ane
679 1383 823 1447 Tageslicht
847 1383 971 1447 gelangcn
990 1383 1075 1430 lasset.
1114 1381 1187 1432 Danu
1207 1382 1315 1432 dadurch
1334 1381 1401 1431 kann
1421 1381 1454 1430 Er

144 1455 209 1513 iudeis
220 1453 339 1508 Ιιιιιιίιιιιιι,
357 1469 384 1502 so
404 1453 513 1503 ‹lardber
532 1453 650 1518 eriolgem
669 1456 737 1502 viros
757 1460 782 1502 et
801 1455 885 1504 valens
903 1452 1061 1510 innewerdan
1080 1453 1131 1502 und
1150 1455 1281 1504 beniitaen.

205 1524 275 1574 Daunii
290 1538 338 1572 vas
356 1524 414 1573 dem
433 1523 515 1573 Herm
533 1525 580 1573 lieb
599 1525 649 1574 und
669 1523 817 1588 angenehnr.
857 1523 950 1588 Datum
969 1523 1096 1574 hldncheu
1115 1522 1161 1574 dc.

308 1593 359 1645 Des
377 1594 461 1644 Herm
481 1593 673 1660 Dienatwilliger
1059 1607 1063 1618 ·

853 1665 924 1715 Hans
944 1667 1026 1732 Gedrg
1045 1665 1158 1716 Herwart
1176 1681 1222 1715 von
1240 1665 1399 1731 Hohenbnrg.

203 1752 255 1801 Dein
272 1753 293 1801 d.
312 1751 336 1800 a.
355 1753 420 1802 Nor.
442 1750 529 1801 1604:
557 1753 622 1803 Euer
641 1753 775 1803 Schneihen
805 1771 859 1804 vom
884 1752 925 1802 20.
947 1753 1002 1804 Oct.
1030 1755 1079 1804 hab
1106 1754 1146 1804 ich
1175 1755 1295 1805 erhalten.
1332 1754 1454 1805 Daneben

144 1821 183 1870 hus
196 1823 227 1872 ich
242 1825 298 1873 mich
316 1825 359 1874 der
378 1825 587 1874 communication
608 1839 692 1889 vogen
713 1826 756 1874 des
780 1841 861 1874 neuen
884 1826 969 1874 sideris
995 1826 1133 1875 bedanhen.
1172 1825 1205 1875 So
1224 1827 1268 1875 das
1286 1825 1358 1876 Buch
1376 1827 1452 1874 anbe-

144 1893 198 1957 hngt
212 1907 234 1942 ro
250 1894 280 1942 Er
296 1896 423 1964 ausgehen
451 1895 543 1950 lassen,
572 1896 616 1944 soll
635 1911 661 1945 er
678 1897 724 1944 mir
751 1897 867 1961 glauben,
896 1897 953 1944 dass
973 1896 1015 1946 ich
1034 1897 1086 1946 ime
1105 1899 1130 1945 in
1150 1897 1241 1946 diesem
1259 1898 1310 1947 und
1338 1896 1454 1946 auderem

143 1963 189 2012 nach
202 1967 289 2014 neinem
306 1969 427 2031 peringen
446 1965 590 2030 Vermbgen
609 1965 700 2016 Dienst
717 1981 748 2016 ιιι
772 1969 888 2017 erveisen
914 1967 989 2033 viliig
1006 1968 1056 2018 und
1079 1970 1180 2032 genaigt
1204 1968 1333 2019 rarhleibe.
1371 1967 1405 2016 Es
1423 1969 1455 2015 ist

145 2033 186 2082 tier
199 2036 272 2085 eionni
290 2050 320 2085 an
341 2037 408 2094 dem,
429 2037 488 2085 dass
506 2039 543 2085 nit
561 2037 634 2086 ellein
653 2051 727 2086 unser
754 2039 897 2104 gnildigstar
916 2039 989 2087 Fiirst
1007 2039 1057 2088 und
1075 2037 1147 2096 Hert,
1175 2039 1281 2090 condem
1305 2039 1369 2089 auch
1387 2047 1456 2086 sonst

143 2106 227 2154 niemand
242 2107 315 2156 dieser
333 2107 422 2163 Orteo,
443 2107 487 2156 der
506 2108 557 2156 sich
575 2109 620 2156 urit
644 2109 801 2172 dergicichen
819 2109 906 2158 studiis
931 2109 1083 2160 delectierte.
1121 2107 1153 2158 So
1172 2109 1243 2159 kault
1261 2124 1319 2160 roan
1338 2111 1381 2163 der
1399 2109 1456 2157 Zeit

142 2176 176 2222 nod
189 2177 248 2226 sehon
264 2193 306 2226 ron
334 2179 416 2228 delen
436 2178 530 2227 Jahreu
555 2179 597 2227 lter
624 2179 705 2229 nichts
733 2180 758 2228 in
783 2181 822 2230 die
850 2177 976 2229 fiirstlicha
994 2180 1141 2229 Bibliothek.
1179 2180 1253 2230 Trotz
1277 2181 1333 2230 dem
1358 2179 1455 2229 mdchte

142 2246 171 2292 ιιι
183 2247 231 2296 ilerr
244 2251 280 2298 cio
307 2250 366 2299 oder
393 2251 455 2298 arrei
474 2249 619 2313 Exemplnre
643 2251 698 2299 dern
718 2249 945 2314 Dnrchlauchtigen
965 2251 1064 2315 Herzog
1082 2251 1237 2301 Maximilian
1256 2253 1281 2300 in
1299 2253 1384 2314 Bayrn
1403 2252 1454 2300 ein·
1480 2265 1482 2269 ·

141 2317 247 2368 setiemn
281 2320 323 2371 ich
341 2321 392 2369 ovili
412 2334 440 2369 es
458 2322 484 2368 iu
504 2321 613 2384 Alleveg
630 2321 695 2370 solbs
715 2325 883 2384 praesentiren
901 2322 952 2372 ond
970 2323 1019 2372 den
1038 2321 1140 2386 Veriolg
1159 2323 1294 2372 berichten.

202 2389 252 2438 lien
269 2391 347 2440 Herm
367 2391 525 2440 Erabischoil
548 2407 594 2440 ron
622 2390 756 2456 salzburg,
786 2393 831 2442 wie
859 2394 915 2444 dem
943 2393 1022 2442 Herm
1050 2392 1113 2442 Phil.
1133 2394 1178 2443 Ed.
1198 2395 1311 2458 Fugger,
1337 2399 1456 2458 tauquam

141 2457 243 2508 oaheseos
259 2465 349 2524 peritis,
369 2461 442 2511 sollte
455 2462 500 2511 der
510 2461 575 2512 Herr
592 2463 656 2511 auch
676 2463 826 2526 exemplaria
842 2465 887 2512 mit
900 2461 983 2513 Missiv
1002 2463 1061 2513 oder
1074 2462 1270 2514 Seudsohreiben
1290 2457 1462 2514 rerschlosseo'

140 2529 359 2590 incenderemur
378 2533 432 2582 sich
460 2547 540 2598 gagen
560 2533 620 2582 lnen
649 2535 742 2596 optima
768 2535 847 2584 forma
865 2550 896 2583 zu
923 2535 1033 2584 erbieteu
1056 2533 1107 2583 und
1134 2536 1269 2598 respective
1287 2549 1318 2584 zo
1344 2534 1457 2584 offerireu

74 2621 75 2624 ¹
140 2600 172 2646 md
186 2601 292 2652 berchlen.
327 2603 376 2654 ich
394 2604 444 2653 will
462 2605 502 2652 liu
519 2605 585 2652 moin
603 2603 674 2654 Theil
700 2605 768 2654 eines
787 2605 930 2669 Exemplars
948 2607 994 2653 mit
1012 2605 1156 2669 Veriangen
1175 2611 1310 2663 erwarten,
1326 2607 1380 2684 'und
1397 2606 1457 2654 vvird

140 2671 170 2718 uir
183 2671 276 2724 dasselbe
292 2676 358 2726 noch
377 2675 447 2724 mehr
466 2674 609 2739 Veriangen
628 2675 661 2724 ad
680 2675 800 2726 theoriam
819 2676 906 2726 Martis
925 2676 1062 2726 erveclren.

202 2743 261 2794 illeib
277 2745 312 2794 hn
344 2745 502 2810 angenehme
521 2745 610 2794 Dienst
628 2761 658 2795 zo
686 2747 804 2796 erveisen
829 2749 900 2809 Jeder
923 2747 980 2796 Zeit
1006 2747 1083 2812 vrillig
1110 2747 1160 2796 und
1187 2747 1296 2811 geusigt.
1334 2746 1390 2795 Will
1417 2746 1457 2797 dis

139 2810 263 2876 delegenheit
278 2819 322 2866 mir
342 2819 446 2871 sochen.
465 2817 520 2866 vell
539 2817 578 2866 ich
597 2831 623 2865 so
642 2817 702 2881 lang
721 2817 956 2883 stillgeschuiegon,
975 2820 1020 2866 mit
1046 2817 1144 2868 chester
1167 2816 1330 2868 schriitlicher
1350 2816 1457 2866 Conver-

138 2883 195 2932 trtiou
210 2885 267 2936 sotei
283 2889 351 2937 mein
371 2886 568 2951 Stillschveigeu
588 2903 618 2936 zu
637 2896 758 2937 ersetzen.

200 2951 430 3008 Datun‘itmehen
451 2949 475 3009 d·
495 2956 519 3006 9.
539 2957 601 3008 Nor.
622 2953 701 3007 1604.

200 3027 334 3079 Abeolutum
354 3045 415 3094 opus
434 3031 502 3079 misit
518 3029 686 3093 Keplerus
703 3029 833 3080 Hemarto
850 3030 888 3079 his
907 3030 999 3082 additis
1016 3030 1109 3081 literis:

202 3203 351 3283 llagnilice
384 3215 417 3267 et
448 3117 643 3269 Nobilsisshhe
675 3119 741 3268 lllh.
781 3204 887 3269 Scribo
918 3209 957 3270 ad
986 3209 1028 3270 M.
1053 3207 1090 3269 T.
1124 3205 1246 3267 confuse
1270 3206 1306 3267 de
1330 3157 1457 3268 confusa

138 3306 185 3350 mea
202 3294 321 3356 fortuna.

201 3379 320 3444 Pthnum
345 3383 418 3443 illud
443 3382 518 3443 satis
541 3382 646 3457 hilare,
672 3371 750 3463 quod
773 3385 816 3444 M.
832 3382 865 3442 T.
889 3390 920 3444 et
933 3383 974 3445 D.
992 3381 1115 3444 Platorii
1139 3383 1455 3458 commendationibus,

74 3507 75 3544 ι
139 3483 192 3540 quae
210 3469 346 3533 Barvitio
367 3470 429 3531 alte
454 3472 561 3532 sedent
579 3471 609 3531 in
632 3473 783 3544 memoria,
808 3478 924 3532 torrium
941 3472 1019 3550 apud
1040 3469 1224 3533 Caesaream
1238 3471 1294 3534 Mt.
1319 3473 1456 3535 effectum

137 3561 177 3626 cst,
195 3565 223 3617 ui
241 3560 312 3621 inihi
335 3577 389 3638 pro
414 3559 603 3622 dedicatione
626 3561 685 3621 mei
709 3560 776 3621 libri
802 3556 865 3622 100
888 3560 1009 3621 Thaleti
1033 3560 1095 3621 sint
1118 3559 1233 3622 donati.
1426 3616 1428 3620 .

202 3645 263 3708 Jam
282 3648 360 3709 haec
381 3647 555 3710 turbulenta
569 3655 601 3710 et
620 3648 836 3727 indignationis
851 3648 950 3727 plena,
969 3649 1046 3729 quod
1066 3667 1160 3727 nuper
1179 3647 1338 3710 admodum
1353 3649 1457 3726 accepi

138 3735 291 3812 exemplans
303 3755 380 3809 mea,
397 3744 432 3796 ut
450 3736 626 3798 correctioni
646 3736 816 3798 incumbere
830 3755 889 3798 non
909 3737 1074 3815 potuerim
1097 3736 1204 3798 deinde
1220 3735 1298 3818 quod
1316 3742 1454 3814 praeter-

137 3833 200 3892 quam
225 3823 250 3884 io
283 3823 477 3902 paucissimis
520 3825 624 3887 titulus
658 3832 690 3884 et
722 3824 872 3886 dedicatio
906 3825 1027 3898 desunt,
1068 3824 1253 3903 negligentia
1284 3830 1455 3884 curatorum

74 3965 75 3978 2
138 3903 300 3973 francofordi
331 3911 458 3973 relicta:
499 3913 603 3986 tertio,
645 3913 723 3993 quod
762 3914 929 3974 domestica
960 3913 1031 3974 mihi
1069 3912 1191 3993 negotia
1229 3910 1455 3991 pernecessaria

74 3991 76 4080 l
137 3990 282 4070 inciderunt,
305 4019 379 4080 quae
403 4000 610 4080 impedierunt,
635 4011 669 4062 ut
687 4001 782 4062 minos
802 4019 899 4062 essem
918 4001 1045 4080 diligens
1065 4000 1094 4062 in
1115 4001 1248 4078 urgendo
1266 3998 1454 4076 bibliopega:

74 4089 76 4146 i
136 4081 243 4148 cuicum
262 4085 286 4149 4
308 4088 441 4150 dederim
473 4089 670 4169 exemplaria,
697 4089 754 4150 duo
778 4089 828 4150 ille
852 4089 998 4161 absolvit,
1028 4088 1081 4150 sed
1112 4087 1263 4168 perversis
1287 4085 1398 4148 tabulis
1422 4093 1455 4146 et

137 4185 177 4229 ooo
195 4174 306 4237 sublata
335 4176 502 4262 bibacitate
525 4177 650 4258 papyri;
683 4197 773 4239 unum
796 4176 873 4256 quod
897 4178 946 4238 hic
978 4177 1065 4238 mitto
1098 4176 1227 4238 solutum
1257 4175 1376 4255 quidem
1399 4173 1453 4234 sed

74 4281 75 4288 ¹
137 4265 479 4344 humanorumque
504 4265 680 4328 correctioni
703 4273 808 4344 aptum
832 4265 917 4340 satis,
942 4265 1090 4344 corrigere
1114 4273 1214 4346 tamen
1238 4271 1297 4324 non
1319 4280 1452 4340 possum,

74 4399 75 4412 r
137 4343 177 4404 ilci
194 4348 226 4414 D.
248 4352 403 4432 Vihepech
437 4361 594 4431 pernoctet
625 4354 754 4433 Pragae.
802 4352 950 4424 Quartum
983 4353 1146 4414 etiamnum
1176 4360 1259 4413 caret
1291 4349 1390 4428 capite
1424 4357 1455 4410 et

74 4547 76 4604 l
137 4519 175 4594 'h
193 4529 382 4591 correctiones
413 4528 508 4590 habet
538 4529 717 4609 plerasque:
751 4529 809 4591 nisi
842 4530 919 4608 quod
954 4530 1020 4590 loca
1053 4535 1190 4591 notarum
1214 4545 1271 4588 non
1305 4525 1453 4604 adscripsi

74 4609 75 4644 ³
139 4612 295 4687 unguibus.
332 4617 374 4678 Et
395 4617 447 4678 fol.
466 4613 529 4678 372
549 4617 612 4689 (vel
626 4614 705 4690 itt)
729 4613 798 4696 ini)
824 4617 888 4678 loco
913 4618 1022 4678 desunt
1044 4616 1136 4676 verba
1160 4613 1252 4675 haec:
1279 4609 1319 4678 0⁰
1332 4607 1454 4697 ΗΝ

74 4691 76 4702 ι

74 4709 76 4732 Ι

138 4435 238 4504 adon,
263 4440 396 4514 Unicum,
414 4442 493 4520 quod
508 4439 707 4503 Serenissimo
727 4442 909 4504 destinatum
926 4441 988 4502 heri
1002 4440 1041 4500 D.
1058 4439 1212 4518 Vihepech
1223 4438 1287 4517 jam
1303 4455 1452 4498 convasa-

139 4691 262 4776 litigium
282 4699 320 4766 0⁰
333 4700 437 4786 1167,l
452 4707 496 4777 J)
521 4704 575 4766 lat.
591 4706 644 4768 doc.
673 4704 715 4766 Et
728 4725 794 4785 seq..
812 4701 897 4767 374:
922 4703 1092 4766 Verissima
1109 4703 1251 4779 scrupula
1273 4703 1453 4764 incidentiae

74 4767 76 4876 l
139 4795 189 4844 sont
209 4785 240 4848 1⁰
259 4787 318 4866 281,
349 4793 456 4873 itaque
489 4791 612 4854 dimidia
644 4791 761 4855 duratio
793 4789 832 4855 2¹1
862 4787 925 4854 ὅθ’.
973 4788 1035 4851 Sed
1066 4789 1093 4851 si
1119 4800 1316 4870 praepostero
1349 4789 1453 4852 diurno

74 4895 76 4980 l

196 4887 411 4945 Ιηιιιιομιιι.
1224 4888 1240 4942 il
