3718 5528
270 199 342 266 280
766 205 938 256 Asucnomiae
957 205 1018 256 Pars
1036 205 1133 270 Optica.

272 376 364 441 luerit
387 379 522 459 impleta.
569 380 637 443 Neu
661 390 761 444 temen
786 383 959 461 negaverint
984 383 1051 462 quin
1076 381 1132 444 hac
1154 401 1249 445 causa
1271 380 1360 446 initia
1378 389 1411 446 et
1432 383 1507 447 fines
1528 384 1628 464 sclip-

271 468 348 528 sium
371 467 481 529 reddat
504 469 707 543 obscuriores,
733 471 811 533 sicut
835 472 934 532 solent
957 491 1024 532 esse
1048 471 1137 532 valde
1161 471 1264 546 dubia,
1295 490 1330 532 eo
1355 473 1434 552 quod
1457 492 1518 552 qua
1539 474 1629 536 Luna

269 556 349 617 solet
371 557 506 619 umbram
530 558 657 636 ingredi,
681 560 734 621 illa
756 568 853 638 parte,
878 567 1003 640 propter
1025 561 1176 622 sectiones
1201 560 1378 622 circulorum
1400 561 1629 624 illuminationis

270 652 301 704 et
324 645 459 720 visionis,
484 648 590 707 nudior
613 649 710 710 adhuc
735 669 754 709 a
777 649 843 710 luce
867 668 935 710 esse
960 650 1047 710 solet.
1098 646 1200 719 Quare
1224 649 1255 710 in
1278 649 1388 712 vicinia
1417 651 1555 722 umbrae,
1578 650 1629 712 ubi

269 731 358 793 valde
393 735 492 795 tennis
525 736 673 816 particula
702 737 738 797 de
769 757 893 816 corpore
922 736 1003 799 Solis
1036 738 1114 799 hunc
1146 738 1250 799 Lunae
1282 738 1448 819 marginem
1481 739 1628 814 illustrat,

269 821 368 882 lumen
393 823 485 885 etiam
509 825 613 885 Lunae
640 825 727 886 valde
752 827 913 888 hebescere
937 827 1087 888 convenit.

269 1015 299 1078 7.
324 1017 375 1077 De
400 1039 610 1099 συναυγειᾳ,
633 1021 822 1100 λιπαυγειᾳ
846 1021 879 1082 in
905 1021 1115 1082 illustratis
1139 1028 1176 1081 et
1197 1019 1402 1102 penumbra
1421 1016 1626 1094 Terrae.⁸')

357 1176 488 1236 Accedit
510 1195 652 1259 namque,
678 1181 757 1260 quod
780 1199 819 1240 ex
841 1181 893 1242 illa
916 1187 1003 1260 parte
1026 1179 1145 1253 Lunae,
1171 1197 1247 1258 quae
1266 1179 1397 1258 jamjam
1419 1180 1556 1242 umbram
1579 1187 1628 1242 est

328 1315 382 1382 rig.
402 1313 445 1365 89.
509 1267 688 1343 delibatura,
714 1269 842 1330 circulus
866 1266 1093 1331 illuminationis
1118 1267 1264 1346 rumpitur
1278 1286 1404 1348 seseque
1423 1268 1532 1347 recipit
1548 1268 1628 1330 intra

509 1357 650 1419 circulum
673 1357 797 1419 visionis
830 1358 948 1437 longius
980 1357 1113 1437 adeoque
1146 1358 1243 1417 minus
1266 1377 1285 1418 a
1308 1358 1376 1436 polo
1400 1357 1627 1420 illuminationis

509 1446 606 1507 distat
629 1465 717 1526 quam
746 1445 873 1508 circulus
906 1446 1065 1520 maximoe,
1101 1445 1179 1526 qued
1204 1444 1247 1506 sic
1275 1446 1469 1508 demonstro:
1502 1443 1626 1508 Ceutris

509 1535 602 1604 A,B
636 1536 806 1598 scribantur
838 1536 941 1598 circuli
974 1533 1110 1609 maximi,
1148 1533 1230 1596 Solis
1262 1531 1334 1608 OD,
1366 1535 1471 1596 Lunae
1498 1532 1625 1608 EFHG,

332 1632 333 1635 ’
444 1662 445 1665 =
508 1631 676 1704 tangatque
701 1625 824 1686 dextras
855 1625 1032 1686 circulorum
1060 1633 1165 1704 partes
1189 1630 1273 1684 recta
1296 1623 1368 1698 ΒΗ,
1393 1622 1533 1686 sinistras
1558 1621 1626 1685 OG.

509 1711 641 1774 Rursum
665 1721 766 1774 autern
790 1715 928 1776 dextram
943 1713 1025 1776 Solis
1041 1720 1072 1773 et
1087 1713 1241 1774 sinistram
1255 1713 1360 1774 Lunae
1384 1719 1501 1790 perte·
1518 1719 1629 1791 tangat

509 1809 593 1861 recta
616 1800 686 1875 DE,
712 1803 842 1881 reliquas
866 1811 969 1882 partes
992 1810 1077 1864 recta
1102 1798 1169 1875 OF,
1198 1819 1307 1863 secans
1330 1801 1387 1862 DE
1410 1801 1440 1862 in
1463 1809 1575 1880 puncto
1599 1801 1626 1862 1.

509 1887 658 1968 Quicquid
681 1890 773 1970 igitur
797 1899 845 1952 est
868 1891 946 1954 inter
965 1891 1044 1964 E,F
1066 1897 1186 1968 puncta,
1213 1911 1232 1950 a
1254 1896 1320 1950 toto
1340 1886 1421 1950 Sulis
1446 1889 1628 1968 aspectabili

509 1978 728 2057 hemisphaerio
744 1979 948 2041 collustratur.
978 1979 1106 2041 Dicatur
1118 1997 1189 2040 vero
1204 1976 1336 2039 notionis
1351 1997 1445 2040 causa
1459 1999 1626 2056 cvsaoyao.

510 2063 735 2129 Connectsutur
766 2067 819 2129 EF
850 2076 879 2128 et
915 2067 991 2143 GH,
1025 2067 1287 2146 repraesentantia
1319 2066 1447 2128 circulos
1481 2066 1626 2145 integros,

509 2155 647 2217 minores.
687 2151 835 2236 Quicquid
860 2156 951 2234 igitur·
975 2165 1023 2218 est
1045 2157 1124 2218 inter
1139 2157 1194 2216 hos
1218 2155 1354 2230 circulos,
1380 2155 1411 2216 id
1430 2155 1628 2216 collustratur

354 2310 395 2323 .-
509 2243 626 2322 quidem
651 2244 814 2325 abaliquo
841 2247 975 2324 corporis
998 2245 1114 2308 Solaris
1143 2244 1307 2324 particula,
1336 2244 1390 2305 sed
1418 2243 1531 2304 nullum
1559 2243 1627 2318 eius

410 2340 412 2349 ’
509 2331 592 2393 limbi
615 2342 757 2412 puuctum
780 2353 799 2394 a
821 2341 886 2395 toto
916 2334 1094 2414 aspectabili
1126 2351 1249 2412 corpore
1274 2331 1373 2394 Solis:
1407 2332 1483 2392 adeo
1507 2349 1627 2410 semper

387 2428 394 2453 ⁶
421 2436 423 2439 ’
509 2420 621 2499 aliquid
646 2423 683 2482 de
707 2421 779 2483 Sole
804 2422 893 2484 deest
915 2431 947 2484 et
969 2431 1039 2503 post
1058 2422 1161 2485 Lunae
1181 2438 1289 2500 cerpus
1313 2421 1490 2483 occultatur.
1527 2420 1625 2482 Dica-

508 2515 557 2570 tur·
580 2511 654 2573 haec
678 2514 835 2590 lraavyem.

598 2597 686 2670 Quod
711 2600 735 2662 si
760 2598 874 2662 EFHG
897 2599 1051 2673 intelligas
1075 2600 1199 2661 Terram
1223 2617 1305 2674 esse,
1338 2601 1463 2660 valeant
1485 2597 1625 2678 appella-

508 2687 605 2750 tiones
630 2690 768 2757 eaedem,
798 2699 829 2752 et
851 2690 1006 2769 productis
1035 2689 1229 2769 eliquansque
1253 2688 1340 2749 lineis
1365 2687 1420 2750 DE
1443 2687 1473 2750 iu
1497 2687 1541 2756 K,
1567 2685 1626 2748 CG

265 2780 296 2842 in
320 2781 355 2854 L,
381 2778 433 2844 OF
459 2782 487 2843 in
512 2778 559 2852 M,
585 2777 643 2838 Dll
677 2779 705 2838 in
730 2779 778 2841 N:
814 2779 892 2858 quod
926 2785 974 2838 est
1006 2777 1084 2839 inter
1112 2779 1141 2837 K
1166 2788 1196 2839 et
1220 2777 1262 2851 L,
1287 2778 1316 2841 N
1341 2787 1373 2838 et
1395 2778 1428 2838 M
1459 2776 1627 2856 penumbra

267 2868 393 2944 dicatur,
420 2871 478 2932 LN
502 2887 573 2928 vero
598 2867 714 2929 umbra.
763 2865 839 2928 Cuur
862 2885 934 2943 ergo
957 2874 1061 2945 partes
1086 2865 1167 2928 Solis
1188 2865 1212 2928 C
1237 2867 1407 2928 illuminent
1428 2867 1546 2926 Lunam
1567 2862 1626 2924 GE

268 2977 361 3037 usqne
381 2958 410 3018 in
425 2960 460 3032 F,
481 2960 509 3020 D
533 2975 604 3016 vero
619 2957 673 3017 EF
696 2975 788 3036 usqne
813 2956 842 3016 iu
858 2957 896 3030 H,
922 2964 1008 3034 patet
1032 2955 1071 3016 ad
1095 2956 1222 3028 oculum,
1247 2957 1326 3034 quod
1348 2953 1502 3034 puuctoD
1526 2952 1624 3014 iuter-

268 3053 355 3124 septo
380 3054 521 3125 punctum
545 3046 574 3104 H
598 3045 695 3106 lumen
729 3045 840 3106 nullum
873 3053 1062 3122 recepturum
1086 3045 1142 3116 sit,
1172 3053 1203 3106 et
1225 3045 1362 3123 partibus
1385 3043 1445 3106 DA
1468 3039 1625 3102 versusG

266 3134 413 3212 paulatim
445 3135 621 3212 interceptis
655 3133 774 3212 objectu
806 3133 938 3206 Terrae,
970 3134 1067 3195 lumen
1102 3134 1140 3194 ab
1172 3134 1203 3194 Η
1234 3134 1382 3212 paulatim
1414 3150 1506 3211 usque
1539 3131 1568 3190 iu
1597 3131 1625 3190 F

267 3221 467 3299 extinguetur.
507 3223 608 3293 Quare
627 3219 687 3281 GH
712 3221 839 3285 circulus
862 3225 1037 3299 λιπαυγειας,
1061 3223 1110 3303 qui
1134 3223 1192 3282 l'uit
1214 3223 1244 3283 in
1268 3221 1471 3302 superioribus
1496 3219 1624 3280 circulus

267 3309 513 3384 illuminationis,
546 3318 699 3387 rumpetur
732 3329 769 3370 ex
801 3318 887 3388 parte
911 3311 939 3370 ll
970 3329 1062 3388 seque
1095 3311 1248 3373 versusF
1280 3313 1421 3374 circulum
1455 3329 1626 3385 συνανγιιας

266 3397 405 3478 recipiet,
441 3399 530 3480 idque
554 3399 647 3459 multo
678 3408 748 3458 ante
781 3417 869 3477 quam
903 3397 1027 3478 incipiet
1056 3399 1187 3479 eclipsis.
1235 3401 1278 3462 Ut
1310 3409 1410 3461 autem
1438 3398 1625 3479 quantitates

264 3486 503 3566 investigentur,
537 3505 654 3549 rursum
689 3505 833 3566 ponemus
866 3509 916 3562 ea,
952 3507 1026 3566 quae
1060 3489 1187 3549 Vitellio
1212 3497 1244 3550 et
1265 3489 1452 3550 Reinlrnldus
1485 3503 1624 3566 posuere,

267 3576 445 3638 distantiam
469 3575 550 3638 Solis
575 3599 594 3638 a
617 3577 712 3637 Terra
738 3573 836 3648 tete,
861 3577 965 3639 Lunae
990 3597 1008 3638 a
1032 3576 1125 3638 Terra
1149 3574 1205 3652 64,
1232 3597 1321 3657 quare
1345 3579 1451 3639 Lunae
1475 3576 1582 3654 plenae
1606 3593 1626 3634 a

267 3663 340 3726 Sole
368 3661 461 3739 1274,
488 3683 563 3745 quae
588 3673 636 3727 est
660 3665 739 3727 linea
758 3665 825 3726 AB.
873 3669 1031 3746 Appareat
1053 3674 1153 3727 autern
1176 3668 1329 3748 utriusque
1353 3664 1507 3727 luminaris
1531 3662 1624 3724 semi-

267 3755 416 3816 diameter
443 3752 494 3817 15‘
518 3751 593 3830 40⁴¹,
626 3762 712 3832 patet
736 3756 800 3816 sine
824 3756 956 3829 calculo,
992 3757 1068 3834 quod
1100 3765 1242 3834 punctum
1266 3759 1284 3818 I
1309 3757 1350 3818 sit
1379 3755 1410 3815 iu
1441 3753 1508 3832 ipsa
1531 3752 1626 3813 Tarra

269 3845 410 3905 futurum.
457 3843 536 3904 Nam
560 3844 586 3906 si
610 3843 639 3904 in
663 3862 736 3905 vera
759 3845 947 3924 oppositione
970 3845 1039 3905 ElF
1062 3853 1094 3905 et
1118 3843 1189 3906 OID
1213 3845 1275 3908 sint
1305 3844 1463 3924 aequales,
1491 3843 1503 3902 l
1528 3841 1624 3902 visum

266 3939 536 4010 repraesentante:
561 3942 633 3994 tuuc
656 3931 729 3994 EID
754 3951 812 3994 uua
835 3942 919 3996 recta
941 3934 1012 4007 erit,
1037 3941 1069 3994 et
1091 3930 1159 3994 FIC
1188 3935 1289 3996 etiarn.
1336 3935 1380 3994 At
1404 3951 1442 3993 ex
1465 3939 1623 3992 construc-

264 4021 348 4082 tione
372 4039 488 4101 quoque
512 4031 615 4083 rectae
640 4041 707 4082 esse
731 4021 852 4084 debent.
889 4022 971 4100 Ergo
988 4022 1001 4082 l
1017 4023 1112 4084 Terra
1131 4031 1179 4083 est
1194 4030 1224 4084 ot
1238 4022 1291 4084 EF
1310 4021 1437 4084 circulus
1453 4041 1624 4100 cwcvysrac

265 4109 345 4170 idem
373 4117 405 4170 et
437 4109 565 4171 circulus
603 4110 728 4171 visionis
767 4119 830 4184 est;
873 4109 1020 4189 siquidem
1053 4111 1198 4190 possibile
1232 4121 1328 4185 esset,
1362 4109 1520 4172 luminaris
1552 4129 1623 4170 vere

264 4198 373 4278 opponi
406 4198 484 4260 citra
517 4197 669 4260 tenebras.
716 4198 794 4260 Hinc
828 4207 861 4259 ut
892 4207 983 4260 autea
1015 4199 1104 4260 detur
1131 4197 1190 4261 EG
1222 4201 1270 4261 vel
1301 4201 1355 4262 ΕΗ
1388 4218 1475 4261 arcus
1509 4197 1623 4260 dimidii

265 4287 386 4348 circiter
409 4288 531 4367 gradus.
570 4287 700 4349 Proinde
726 4287 816 4348 etiam
840 4287 985 4348 inclinato
1009 4286 1119 4350 circulo
1143 4288 1267 4351 visionis
1291 4289 1353 4364 EF,
1379 4295 1412 4349 ut
1434 4296 1543 4367 tangat
1563 4285 1623 4348 GH

263 4376 293 4437 in
316 4376 359 4450 Η,
393 4377 491 4456 portio
515 4375 571 4437 ΡΗ
604 4375 738 4438 extincte
769 4383 839 4437 ante
862 4375 1040 4456 principium
1063 4377 1185 4455 eclipsis
1209 4386 1243 4439 ut
1265 4379 1365 4457 prius,
1388 4375 1440 4437 vix
1463 4375 1624 4456 apparebit

265 4465 494 4543 quatuordecies
520 4465 678 4526 millesima
700 4464 851 4544 particula
874 4463 1091 4526 semidiametri
1114 4466 1229 4530 Lunae.
1277 4465 1366 4537 Quod
1394 4465 1506 4527 addere
1530 4464 1621 4540 volui,

265 4571 303 4613 ne
336 4553 537 4632 imperitiores
561 4553 590 4614 in
623 4562 705 4614 metu
736 4553 948 4615 constituerem
981 4552 1037 4616 hac
1068 4557 1107 4616 ad
1139 4555 1239 4618 vivum
1273 4555 1450 4618 resectione.
1498 4554 1622 4622 Nullum

266 4639 397 4703 enimin
420 4640 566 4721 principio
590 4643 638 4703 vel
662 4643 718 4704 line
743 4641 891 4721 eclipseos
923 4642 1087 4722 periculum
1114 4655 1176 4716 est.
1208 4646 1267 4706 etsi
1297 4645 1425 4708 circulus
1457 4647 1623 4720 aaavysrua

265 4735 338 4790 ante
362 4736 480 4807 tempus
504 4739 673 4808 rumpatur,
700 4738 731 4792 et
753 4733 801 4793 vel
824 4733 947 4811 penitus
974 4742 1137 4796 evanescet
1166 4734 1254 4815 inque
1282 4735 1426 4798 circulum
1450 4753 1623 4812 omonyma
