3674 5538
780 266 861 334 (lapnt
878 267 911 325 11.

155 449 229 526 quot
247 441 384 506 lucentis
409 443 570 510 diametris
593 445 681 508 abest
703 466 722 510 a
746 446 877 519 lucente,
902 449 1118 507 connectantur

160 533 249 594 etiam
270 529 326 594 EF
352 541 387 593 et
412 531 483 606 ΡΟ,
516 533 559 594 sic
587 532 646 596 EG
670 541 701 596 et
723 533 801 610 ΝΟ,
820 543 866 596 et
898 533 1116 602 continuentur,

161 621 252 684 donec
282 629 472 684 concurrant
494 622 524 684 in
546 622 585 698 Κ,
610 623 646 686 L.

248 707 325 770 Dico
360 707 388 772 si
425 710 483 772 boc
514 710 573 772 situ
610 713 761 774 fenestrae
794 717 824 772 et
857 709 984 772 lucentis
1016 706 1119 768 radius

164 805 279 862 creetur
302 797 332 858 in
357 798 388 874 1,
422 798 588 878 aequaliter
611 819 644 862 se
677 799 846 862 habiturum
869 806 901 859 et
924 799 962 859 ad
994 797 1119 874 figuram

164 885 357 962 Elucentis,
393 895 426 948 et
449 888 488 948 ad
518 887 642 968 figuram
666 887 693 950 0
718 887 877 948 fenestrae.
924 885 979 948 Sin
1003 891 1120 945 creetur

166 983 196 1036 et
217 975 310 1036 cadat
334 975 379 1036 cis
406 976 432 1050 Ι,
458 994 562 1036 versus
587 975 631 1051 Ο,
666 996 722 1056 quo
745 976 867 1055 propior
889 975 930 1037 sit
953 979 1056 1035 centro
1081 969 1120 1043 Ο,

164 1065 220 1126 boc
252 1063 377 1142 propius
414 1083 604 1128 accessurum
637 1067 676 1126 ad
718 1064 842 1144 figurem
876 1062 922 1138 Ο,
961 1061 1122 1123 obliterata

165 1155 259 1230 figura
281 1151 319 1212 E.
368 1149 486 1214 Contra
508 1153 534 1213 si
567 1153 658 1216 cadat
689 1153 771 1216 ultra
792 1154 822 1227 1,
855 1171 911 1232 quo
942 1149 1060 1228 longius
1084 1148 1122 1208 ab

165 1237 322 1314 odisset,
347 1239 404 1302 boc
425 1240 603 1320 exquisitius
633 1249 926 1322 repraesentaturum
950 1239 1074 1316 figuram
1097 1235 1124 1297 E

166 1327 307 1404 lucentis,
332 1329 496 1392 obliterata
517 1330 663 1410 paulatim
687 1331 781 1409 figura
804 1328 842 1391 0.
889 1328 938 1390 Ad
961 1327 1018 1388 hoo
1041 1325 1124 1387 obti-

169 1417 298 1478 nendum
314 1424 388 1479 nota
405 1417 543 1496 primum,
568 1419 647 1498 qnod
660 1427 774 1497 puncta
797 1434 991 1480 concursuum
1005 1415 1043 1489 K,
1060 1415 1085 1490 1,
1100 1413 1127 1474 L

168 1525 221 1586 per
244 1505 358 1582 lemma
380 1505 508 1586 primum
534 1507 732 1586 praemissum
760 1506 883 1570 suntin
907 1505 1013 1566 eadem
1036 1503 1126 1575 linea,

169 1613 244 1674 quae
279 1594 466 1674 aequidistat
497 1595 553 1658 NE
591 1595 712 1660 lucenti.
765 1595 894 1658 Proinde
932 1592 1033 1654 omnia
1068 1591 1130 1653 tria

169 1691 239 1744 sont
270 1681 301 1744 in
337 1683 493 1762 superficie
523 1684 713 1748 illustranda.
760 1683 876 1746 Deinde
910 1682 986 1744 radii
1014 1680 1071 1742 ΕΚ
1099 1685 1130 1739 et

174 1768 233 1832 GL
257 1790 296 1832 ex
318 1769 346 1830 Ε
370 1780 474 1834 centro
498 1773 625 1836 lucentis
647 1792 702 1854 per
726 1772 869 1834 terminos
899 1772 1050 1834 fenestrae
1073 1765 1129 1830 FG

174 1858 299 1920 demissi
331 1860 470 1921 deferunt
499 1862 566 1940 (per
598 1862 625 1924 1.
659 1862 746 1942 hujus
770 1860 976 1933 corollarium)
1007 1859 1131 1936 figuram
1286 1606 1397 1961 mm

173 1948 325 2010 fenestrae
354 1948 384 2010 in
417 1949 539 2027 planum
568 1951 584 2012 Ι
624 1969 748 2030 eamque
782 1949 929 2020 mediam,
965 1967 1034 2008 nam
1063 1963 1130 2006 eam
1366 1927 1428 2279 Γ

171 2037 300 2116 undique
319 2036 449 2098 totidem
470 2037 547 2098 aliae
568 2040 680 2119 figurae
701 2039 907 2112 circumstant,
932 2046 1004 2116 quot
1018 2042 1130 2115 puncta
1242 1964 1395 2499 “Q''

170 2125 356 2188 Euentrum
380 2125 588 2188 circumstant.
633 2127 748 2189 Eodem
771 2127 860 2190 modo
884 2124 961 2190 radii
985 2125 1048 2193 PK,
1072 2123 1130 2184 NL

172 2213 351 2276 aterminis
384 2215 513 2277 lucentis
540 2216 584 2291 N,
613 2217 638 2278 P
666 2234 720 2295 per
748 2214 776 2280 O
809 2222 944 2276 centrum
977 2214 1128 2276 fenestrae
1287 1998 1508 2504 Amy

171 2301 294 2364 demissi
333 2301 473 2364 defernnt
497 2304 565 2384 (per
595 2302 629 2368 3:
655 2304 742 2384 hujus
771 2303 894 2382 ejusque
924 2301 1127 2373 corollarium)

171 2389 297 2471 figuram
330 2391 469 2452 lucentis*
496 2391 646 2454 inversam
684 2411 808 2472 eamque
845 2391 949 2453 itidem
985 2389 1125 2463 mediam,

174 2832 350 2913 superficiei,
368 2833 426 2894 erit
435 2833 493 2896 ΚΕ
508 2835 671 2900 communis
685 2853 825 2898 mensura
834 2833 986 2912 utriusque
1001 2833 1122 2912 figurae,

174 2931 203 2984 et
226 2921 356 2984 lucentis
380 2921 518 2984 inversae
542 2933 574 2986 et
604 2925 755 2988 fenestrae
789 2923 929 2985 directae.
983 2920 1124 3000 Eligatur

169 3010 230 3089 jam
261 3018 407 3096 punctum
437 3029 491 3089 per
522 3013 679 3092 problema
709 3012 907 3091 praecedens,
936 3009 1016 3090 quod
1045 3029 1122 3090 pau-

174 3098 302 3160 cioribus
335 3098 491 3160 diametris
512 3099 569 3168 FG
602 3103 684 3164 absit
709 3101 747 3162 ab
775 3100 822 3174 0,
855 3119 944 3180 quam
968 3098 1123 3162 diametris
1185 2941 1517 3455 llll&

172 3186 227 3248 NP
249 3187 341 3248 abest
363 3187 401 3248 ab
424 3187 470 3262 Ε
495 3189 593 3270 sitque
621 3191 670 3264 X,
700 3209 753 3270 per
777 3189 855 3270 quod
883 3196 992 3268 agatur
1016 3187 1123 3268 aequi-

173 3276 291 3338 distans
314 3274 470 3338 diametris
494 3278 592 3353 dictis,
618 3299 694 3359 quae
717 3278 835 3341 secabit
851 3277 984 3340 radios
976 3297 1007 3340 rn
1024 3279 1063 3350 Η,
1079 3277 1121 3351 Μ,

174 3365 215 3438 Τ,
249 3365 289 3425 V.
346 3363 604 3443 Repraesentabit
640 3386 712 3448 ergo
744 3386 816 3447 pars
848 3366 908 3428 MT
945 3367 1174 3444 diametrum

173 3454 284 3532 figurae
309 3453 477 3514 lucentis'
471 3473 625 3533 inversae,
659 3465 772 3537 quanta
794 3455 878 3519 cadit
908 3473 998 3534 super
1028 3456 1124 3517 locum

173 3541 211 3617 X,
229 3541 293 3603 HV
317 3559 390 3602 vero
410 3551 458 3604 est
473 3544 617 3608 diameter
635 3546 747 3625 figurae
763 3563 851 3624 quam
869 3544 1003 3606 fenestra
1020 3544 1123 3606 habet.
1184 3609 1186 3612 ,

62 3624 70 3642 ’
174 3629 220 3692 lta
243 3631 342 3709 maior
365 3629 441 3690 haec
457 3632 515 3693 erit
533 3651 620 3737 quam
635 3634 698 3696 illa.
732 3634 806 3694 Plus
819 3632 910 3712 rgrtur
928 3632 1016 3711 hujus
1035 3650 1124 3711 quam

175 3718 252 3780 illius
276 3717 398 3780 termini
422 3719 574 3784 incurrent
592 3723 621 3784 in
646 3724 759 3786 oculos.
797 3719 912 3784 Contra
935 3721 1064 3799 eligatur
1076 3739 1131 3800 ρετ
1149 3719 1227 3782 idem
1250 3725 1406 3802 problema
1427 3745 1524 3806 punc-

175 3815 243 3880 tnm,
268 3805 350 3888 quod
373 3807 510 3885 pluribus
533 3812 571 3873 ab
591 3810 619 3876 O
643 3810 796 3874 diametris
821 3811 972 3874 fenestrae
995 3809 1086 3882 absit,
1110 3827 1200 3888 quam
1220 3810 1376 3874 diametris
1400 3815 1527 3876 lucentis

174 3895 209 3956 ab
240 3894 365 3957 Ε.Ιά
398 3896 440 3958 sit
467 3897 514 3970 Y,
544 3918 598 3978 per
629 3902 705 3978 quod
735 3907 805 3961 acta
834 3907 868 3960 ut
899 3899 981 3978 prius
1014 3897 1219 3978 aequidistans
1250 3900 1376 3974 ceteris,
1410 3902 1528 3962 secabit

126 3991 130 3998 '
172 3983 303 4046 radios
294 4003 325 4046 m
349 3983 394 4058 A,
419 3985 464 4070 Bt,
488 3983 523 4061 O,
546 3989 585 4048 D.
633 3989 695 4050 Sed
718 3989 788 4068 quia
819 3987 969 4050 radiorum
1003 3987 1097 4048 sectio
1129 3987 1297 4065 praecessit
1329 3988 1358 4048 in
1381 3988 1410 4050 Κ
1434 3997 1466 4050 ct
1488 3990 1524 4065 L,

167 4073 228 4150 jam
251 4073 302 4154 qui
327 4073 411 4136 intus
436 4083 524 4136 erant
547 4084 634 4139 extra
660 4083 740 4150 sunt,
764 4076 879 4156 eritque
898 4074 969 4151 AD,
993 4081 1226 4154 repraesentans
1250 4075 1375 4154 figuram
1399 4077 1526 4139 lucentis

172 4161 327 4238 inversam,
360 4161 461 4240 major
488 4182 576 4242 quam
600 4161 654 4226 BC
678 4165 835 4226 dimetiens
858 4165 980 4242 figurae,
1005 4182 1095 4242 quam
1118 4163 1251 4224 fenestra
1274 4163 1376 4225 babet.
1424 4163 1525 4236 Quare

171 4251 214 4312 bic
247 4253 347 4334 figura
386 4251 517 4313 lucentis
551 4253 648 4332 magis
686 4253 715 4314 in
744 4252 847 4315 oculos
870 4253 1003 4314 incurrit.
1051 4251 1094 4314 Ut
1130 4250 1161 4312 hi
1193 4259 1257 4312 tres
1288 4269 1377 4314 casus
1414 4255 1526 4316 rectius

168 4341 332 4422 capiantur,
362 4339 557 4404 describatur
579 4340 708 4421 primunr
730 4342 824 4421 figura
847 4342 1007 4415 fenestrae,
1032 4339 1077 4401 uti
1096 4339 1149 4401 illa
1167 4339 1196 4402 in
1216 4340 1331 4417 pariete
1356 4341 1527 4420 aquolibet

163 4442 268 4512 puncto
283 4427 426 4495 lucentis
441 4429 617 4507 exprimitur
632 4438 664 4491 et
676 4430 718 4492 sit
732 4431 804 4508 αβγδ
817 4436 883 4503 (rig
902 4435 960 4502 to),
975 4429 1073 4509 sitque
1088 4429 1182 4508 figura
1201 4429 1328 4490 lucentis
1347 4428 1466 4492 inversa
1480 4427 1528 4508 τζη

162 4533 243 4588 muta
262 4531 298 4586 ut
318 4519 436 4582 eodem
457 4518 566 4579 circulo
581 4519 727 4622 capiatur
766 4519 948 4580 Moveatnr
934 4537 999 4597 Jarn
1016 4525 1150 4578 centrum
1164 4517 1275 4596 figurae
1290 4513 1338 4595 εζη
1356 4535 1410 4597 ρετ
1424 4537 1527 4580 omnes

157 4615 308 4698 margines
334 4631 375 4682 a,
402 4605 443 4682 β,
467 4629 494 4684 7,
519 4611 552 4676 t.
574 4607 633 4669 erit
655 4609 721 4688 ejus
749 4606 826 4669 situs
857 4607 937 4668 circa
959 4629 980 4666 α
1009 4605 1189 4684 triangulum
1213 4608 1285 4674 θιπ,
1309 4607 1390 4667 circa
1412 4609 1431 4684 β
1454 4627 1526 4669 vero

153 4709 212 4784 ηιμ,
238 4705 352 4784 itaque
379 4696 500 4774 angulo
523 4720 533 4756 r
555 4695 717 4776 descripsit
744 4696 855 4758 lineam
877 4698 904 4757 ιλ
926 4695 1179 4774 aequidistantem
1207 4695 1256 4770 αβ.
1304 4691 1396 4757 Circa
1418 4719 1433 4774 y
1455 4715 1526 4758 vero

151 4799 202 4862 em
226 4793 299 4870 „g
327 4799 365 4854 ec
394 4785 563 4866 descripsit
594 4786 704 4864 angulo
728 4810 749 4862 μ
772 4783 880 4848 lineam
907 4781 955 4858 με.
1002 4781 1138 4862 Denique
1162 4783 1243 4844 circa
1265 4788 1283 4844 t
1305 4783 1364 4846 erit
1392 4805 1462 4867 opo,
1496 4793 1528 4850 et

170 2497 237 2540 nam
260 2486 294 2540 et
316 2479 394 2540 hanc
427 2480 553 2544 totidem
582 2482 660 2544 aliae
694 2481 808 2543 similes
832 2487 863 2543 et
891 2481 953 2542 fere
984 2478 1127 2558 aequales

171 2567 383 2644 circumstant,
418 2577 490 2648 quot
516 2578 629 2649 puncta
657 2571 809 2632 fenestrae
838 2575 973 2632 centrum
996 2567 1125 2630 circum-

171 2665 264 2730 stant,
290 2656 361 2736 quia
383 2656 562 2735 in'singulis
590 2659 662 2722 talis
691 2659 785 2721 sectio
810 2658 852 2719 fit.
900 2655 977 2718 Cum
1000 2673 1071 2734 ergo
1095 2653 1124 2715 hi
1214 2430 1447 2963 ᾹῙΝ

172 2752 301 2824 quatuor
330 2745 407 2808 radii
439 2764 472 2804 sc
505 2755 607 2808 mutuo
639 2755 744 2811 secent
771 2746 799 2806 in
830 2746 876 2822 K,
909 2745 936 2809 L
966 2742 1125 2824 punctisl
