<?xml version="1.0" encoding="UTF-8"?>
<!DOCTYPE html PUBLIC "-//W3C//DTD XHTML 1.0 Transitional//EN"
    "http://www.w3.org/TR/xhtml1/DTD/xhtml1-transitional.dtd">
<html xmlns="http://www.w3.org/1999/xhtml" xml:lang="en" lang="en">
 <head>
  <title>
</title>
<meta http-equiv="Content-Type" content="text/html;charset=utf-8" />
  <meta name='ocr-system' content='tesseract 3.04.00' />
  <meta name='ocr-capabilities' content='ocr_page ocr_carea ocr_par ocr_line ocrx_word'/>
</head>
<body>
  <div class='ocr_page' id='page_1' title='image "./joanniskepleria02unkngoog/joanniskepleria02unkngoog_0533.png"; bbox 0 0 3694 5528; ppageno 0'>
   <div class='ocr_carea' id='block_1_1' title="bbox 331 273 1082 346">
    <p class='ocr_par' dir='ltr' id='par_1_1' title="bbox 331 273 1082 346">
     <span class='ocr_line' id='line_1_1' title="bbox 331 273 1082 346; baseline 0 -1"><span class='ocrx_word' id='word_1_1' title='bbox 331 273 397 346; x_wconf 79' lang='lat'><strong>502</strong></span> <span class='ocrx_word' id='word_1_2' title='bbox 932 273 1082 326; x_wconf 48' lang='lat' dir='ltr'><strong>Dim&amp;</strong></span> 
     </span>
    </p>
   </div>
   <div class='ocr_carea' id='block_1_2' title="bbox 243 447 1683 974">
    <p class='ocr_par' dir='ltr' id='par_1_2' title="bbox 243 447 1683 974">
     <span class='ocr_line' id='line_1_2' title="bbox 329 447 1683 527; baseline 0.001 -13"><span class='ocrx_word' id='word_1_3' title='bbox 329 471 368 514; x_wconf 87' lang='lat' dir='ltr'><strong>ex</strong></span> <span class='ocrx_word' id='word_1_4' title='bbox 391 452 492 514; x_wconf 87' lang='lat' dir='ltr'><strong>Bruuo</strong></span> <span class='ocrx_word' id='word_1_5' title='bbox 516 455 683 511; x_wconf 76' lang='lat' dir='ltr'><strong>mutuatam</strong></span> <span class='ocrx_word' id='word_1_6' title='bbox 706 447 876 509; x_wconf 77' lang='lat' dir='ltr'><strong>doctrinam</strong></span> <span class='ocrx_word' id='word_1_7' title='bbox 900 451 1057 523; x_wconf 86' lang='lat' dir='ltr'><strong>emendas,</strong></span> <span class='ocrx_word' id='word_1_8' title='bbox 1089 450 1199 527; x_wconf 89' lang='lat' dir='ltr'><strong>partim</strong></span> <span class='ocrx_word' id='word_1_9' title='bbox 1223 456 1255 510; x_wconf 89' lang='lat' dir='ltr'><strong>et</strong></span> <span class='ocrx_word' id='word_1_10' title='bbox 1283 451 1405 514; x_wconf 90' lang='lat' dir='ltr'><strong>dubiam</strong></span> <span class='ocrx_word' id='word_1_11' title='bbox 1427 453 1538 514; x_wconf 81' lang='lat' dir='ltr'><strong>reddis.</strong></span> <span class='ocrx_word' id='word_1_12' title='bbox 1584 454 1683 516; x_wconf 79' lang='lat' dir='ltr'><strong>Pna-</strong></span> 
     </span>
     <span class='ocr_line' id='line_1_3' title="bbox 243 535 1681 617; baseline 0 -13"><span class='ocrx_word' id='word_1_13' title='bbox 243 550 244 557; x_wconf 77' lang='grc'>’</span> <span class='ocrx_word' id='word_1_14' title='bbox 329 542 405 604; x_wconf 91' lang='lat' dir='ltr'><strong>bant</strong></span> <span class='ocrx_word' id='word_1_15' title='bbox 433 541 485 614; x_wconf 89' lang='lat' dir='ltr'><strong>illi,</strong></span> <span class='ocrx_word' id='word_1_16' title='bbox 515 536 661 599; x_wconf 83' lang='lat' dir='ltr'><strong>circumiri</strong></span> <span class='ocrx_word' id='word_1_17' title='bbox 692 537 783 597; x_wconf 90' lang='lat' dir='ltr'><strong>etiam</strong></span> <span class='ocrx_word' id='word_1_18' title='bbox 812 536 874 598; x_wconf 91' lang='lat' dir='ltr'><strong>alia</strong></span> <span class='ocrx_word' id='word_1_19' title='bbox 904 555 1031 617; x_wconf 92' lang='lat' dir='ltr'><strong>corpora</strong></span> <span class='ocrx_word' id='word_1_20' title='bbox 1054 535 1115 598; x_wconf 89' lang='lat' dir='ltr'><strong>suis</strong></span> <span class='ocrx_word' id='word_1_21' title='bbox 1138 538 1251 612; x_wconf 88' lang='lat' dir='ltr'><strong>Lunis,</strong></span> <span class='ocrx_word' id='word_1_22' title='bbox 1289 547 1322 602; x_wconf 94' lang='lat' dir='ltr'><strong>ut</strong></span> <span class='ocrx_word' id='word_1_23' title='bbox 1344 541 1448 603; x_wconf 84' lang='lat' dir='ltr'>Tellus</span> <span class='ocrx_word' id='word_1_24' title='bbox 1478 547 1583 604; x_wconf 86' lang='lat' dir='ltr'><strong>nostra</strong></span> <span class='ocrx_word' id='word_1_25' title='bbox 1615 561 1681 604; x_wconf 86' lang='lat' dir='ltr'><strong>sua.</strong></span> 
     </span>
     <span class='ocr_line' id='line_1_4' title="bbox 331 623 1680 706; baseline -0.001 -14"><span class='ocrx_word' id='word_1_26' title='bbox 331 631 446 692; x_wconf 89' lang='lat' dir='ltr'><strong>Verum</strong></span> <span class='ocrx_word' id='word_1_27' title='bbox 468 627 537 689; x_wconf 92' lang='lat' dir='ltr'><strong>illos</strong></span> <span class='ocrx_word' id='word_1_28' title='bbox 559 626 590 687; x_wconf 89' lang='lat' dir='ltr'><strong>in</strong></span> <span class='ocrx_word' id='word_1_29' title='bbox 613 643 722 704; x_wconf 78' lang='lat' dir='ltr'><strong>genere</strong></span> <span class='ocrx_word' id='word_1_30' title='bbox 746 623 859 686; x_wconf 82' lang='lat' dir='ltr'><strong>dixisse</strong></span> <span class='ocrx_word' id='word_1_31' title='bbox 884 625 1090 698; x_wconf 88' lang='lat' dir='ltr'><strong>demonstras;</strong></span> <span class='ocrx_word' id='word_1_32' title='bbox 1128 635 1161 686; x_wconf 92' lang='lat' dir='ltr'><strong>at</strong></span> <span class='ocrx_word' id='word_1_33' title='bbox 1187 627 1337 706; x_wconf 88' lang='lat' dir='ltr'><strong>putabant</strong></span> <span class='ocrx_word' id='word_1_34' title='bbox 1363 629 1440 690; x_wconf 85' lang='lat' dir='ltr'><strong>lixas</strong></span> <span class='ocrx_word' id='word_1_35' title='bbox 1471 630 1577 692; x_wconf 90' lang='lat' dir='ltr'><strong>stellas</strong></span> <span class='ocrx_word' id='word_1_36' title='bbox 1601 649 1680 704; x_wconf 88' lang='lat' dir='ltr'><strong>esse,</strong></span> 
     </span>
     <span class='ocr_line' id='line_1_5' title="bbox 330 713 1681 800; baseline 0.001 -21"><span class='ocrx_word' id='word_1_37' title='bbox 330 737 406 800; x_wconf 89' lang='lat' dir='ltr'><strong>quae</strong></span> <span class='ocrx_word' id='word_1_38' title='bbox 430 716 473 776; x_wconf 90' lang='lat' dir='ltr'><strong>sic</strong></span> <span class='ocrx_word' id='word_1_39' title='bbox 497 713 735 788; x_wconf 90' lang='lat' dir='ltr'><strong>circumirentur;</strong></span> <span class='ocrx_word' id='word_1_40' title='bbox 760 732 882 775; x_wconf 88' lang='lat' dir='ltr'><strong>causam</strong></span> <span class='ocrx_word' id='word_1_41' title='bbox 906 715 998 775; x_wconf 88' lang='lat' dir='ltr'><strong>etiam</strong></span> <span class='ocrx_word' id='word_1_42' title='bbox 1022 715 1098 776; x_wconf 85' lang='lat' dir='ltr'><strong>dixit</strong></span> <span class='ocrx_word' id='word_1_43' title='bbox 1111 715 1239 791; x_wconf 87' lang='lat' dir='ltr'><strong>Brunus,</strong></span> <span class='ocrx_word' id='word_1_44' title='bbox 1265 726 1417 780; x_wconf 87' lang='lat' dir='ltr'><strong>curasset</strong></span> <span class='ocrx_word' id='word_1_45' title='bbox 1439 735 1578 781; x_wconf 86' lang='lat' dir='ltr'><strong>necasse:</strong></span> <span class='ocrx_word' id='word_1_46' title='bbox 1602 719 1681 780; x_wconf 83' lang='lat' dir='ltr'><strong>lixas</strong></span> 
     </span>
     <span class='ocr_line' id='line_1_6' title="bbox 328 802 1679 886; baseline 0.002 -21"><span class='ocrx_word' id='word_1_47' title='bbox 328 805 436 886; x_wconf 89' lang='lat' dir='ltr'><strong>quippe</strong></span> <span class='ocrx_word' id='word_1_48' title='bbox 452 802 568 864; x_wconf 87' lang='lat' dir='ltr'><strong>Solaris</strong></span> <span class='ocrx_word' id='word_1_49' title='bbox 584 809 616 863; x_wconf 90' lang='lat' dir='ltr'><strong>et</strong></span> <span class='ocrx_word' id='word_1_50' title='bbox 636 802 743 880; x_wconf 87' lang='lat' dir='ltr'><strong>igneae</strong></span> <span class='ocrx_word' id='word_1_51' title='bbox 767 820 835 862; x_wconf 89' lang='lat' dir='ltr'><strong>esse</strong></span> <span class='ocrx_word' id='word_1_52' title='bbox 854 811 990 876; x_wconf 88' lang='lat' dir='ltr'><strong>naturae,</strong></span> <span class='ocrx_word' id='word_1_53' title='bbox 1015 803 1155 883; x_wconf 77' lang='lat' dir='ltr'><strong>planetas</strong></span> <span class='ocrx_word' id='word_1_54' title='bbox 1180 823 1305 884; x_wconf 82' lang='lat' dir='ltr'>aqueae,</span> <span class='ocrx_word' id='word_1_55' title='bbox 1330 813 1361 866; x_wconf 89' lang='lat' dir='ltr'><strong>st</strong></span> <span class='ocrx_word' id='word_1_56' title='bbox 1383 807 1446 868; x_wconf 85' lang='lat' dir='ltr'><strong>lieri</strong></span> <span class='ocrx_word' id='word_1_57' title='bbox 1469 807 1535 884; x_wconf 87' lang='lat' dir='ltr'><strong>lege</strong></span> <span class='ocrx_word' id='word_1_58' title='bbox 1551 814 1679 869; x_wconf 89' lang='lat' dir='ltr'><strong>naturae</strong></span> 
     </span>
     <span class='ocr_line' id='line_1_7' title="bbox 248 890 1675 974; baseline 0.001 -19"><span class='ocrx_word' id='word_1_59' title='bbox 248 891 253 896; x_wconf 82' lang='grc'><strong>’</strong></span> <span class='ocrx_word' id='word_1_60' title='bbox 326 891 502 965; x_wconf 78' lang='lat' dir='ltr'><strong>inviolabili,</strong></span> <span class='ocrx_word' id='word_1_61' title='bbox 527 899 562 952; x_wconf 91' lang='lat' dir='ltr'><strong>nt</strong></span> <span class='ocrx_word' id='word_1_62' title='bbox 585 891 705 952; x_wconf 89' lang='lat' dir='ltr'><strong>diversa</strong></span> <span class='ocrx_word' id='word_1_63' title='bbox 728 890 790 951; x_wconf 87' lang='lat' dir='ltr'><strong>ista</strong></span> <span class='ocrx_word' id='word_1_64' title='bbox 813 891 1026 965; x_wconf 86' lang='lat' dir='ltr'><strong>combinentur,</strong></span> <span class='ocrx_word' id='word_1_65' title='bbox 1052 909 1147 971; x_wconf 90' lang='lat' dir='ltr'><strong>neque</strong></span> <span class='ocrx_word' id='word_1_66' title='bbox 1162 891 1216 954; x_wconf 84' lang='lat' dir='ltr'><strong>Sol</strong></span> <span class='ocrx_word' id='word_1_67' title='bbox 1239 893 1381 970; x_wconf 89' lang='lat' dir='ltr'><strong>planetis,</strong></span> <span class='ocrx_word' id='word_1_68' title='bbox 1406 893 1484 973; x_wconf 90' lang='lat' dir='ltr'><strong>ignis</strong></span> <span class='ocrx_word' id='word_1_69' title='bbox 1508 913 1587 974; x_wconf 89' lang='lat' dir='ltr'><strong>aqua</strong></span> <span class='ocrx_word' id='word_1_70' title='bbox 1610 913 1675 970; x_wconf 86' lang='lat' dir='ltr'><strong>soa,</strong></span> 
     </span>
    </p>
   </div>
   <div class='ocr_carea' id='block_1_3' title="bbox 325 975 1683 1062">
    <p class='ocr_par' dir='ltr' id='par_1_3' title="bbox 325 975 1683 1062">
     <span class='ocr_line' id='line_1_8' title="bbox 325 975 1683 1062; baseline 0.001 -19"><span class='ocrx_word' id='word_1_71' title='bbox 325 999 421 1062; x_wconf 91' lang='lat' dir='ltr'><strong>neque</strong></span> <span class='ocrx_word' id='word_1_72' title='bbox 444 980 579 1042; x_wconf 90' lang='lat' dir='ltr'><strong>vicissim</strong></span> <span class='ocrx_word' id='word_1_73' title='bbox 596 975 677 1039; x_wconf 65' lang='lat' dir='ltr'><strong>‘haec</strong></span> <span class='ocrx_word' id='word_1_74' title='bbox 699 979 751 1041; x_wconf 91' lang='lat' dir='ltr'><strong>illo</strong></span> <span class='ocrx_word' id='word_1_75' title='bbox 769 987 878 1040; x_wconf 86' lang='lat' dir='ltr'><strong>&#39;carere</strong></span> <span class='ocrx_word' id='word_1_76' title='bbox 901 982 1007 1059; x_wconf 91' lang='lat' dir='ltr'><strong>possit.</strong></span> <span class='ocrx_word' id='word_1_77' title='bbox 1054 981 1141 1042; x_wconf 90' lang='lat' dir='ltr'><strong>Hanc</strong></span> <span class='ocrx_word' id='word_1_78' title='bbox 1164 981 1254 1060; x_wconf 82' lang='lat' dir='ltr'><strong>igitur</strong></span> <span class='ocrx_word' id='word_1_79' title='bbox 1272 980 1351 1044; x_wconf 89' lang='lat' dir='ltr'><strong>illius</strong></span> <span class='ocrx_word' id='word_1_80' title='bbox 1366 983 1513 1044; x_wconf 88' lang='lat' dir='ltr'><strong>rationem</strong></span> <span class='ocrx_word' id='word_1_81' title='bbox 1527 983 1683 1045; x_wconf 48' lang='lat' dir='ltr'><strong>infirmam¹</strong></span> 
     </span>
    </p>
   </div>
   <div class='ocr_carea' id='block_1_4' title="bbox 258 1067 1677 4865">
    <p class='ocr_par' dir='ltr' id='par_1_4' title="bbox 319 1067 1677 1672">
     <span class='ocr_line' id='line_1_9' title="bbox 326 1067 1674 1151; baseline 0.001 -20"><span class='ocrx_word' id='word_1_82' title='bbox 326 1089 409 1144; x_wconf 87' lang='lat' dir='ltr'><strong>esse,</strong></span> <span class='ocrx_word' id='word_1_83' title='bbox 436 1077 488 1130; x_wconf 88' lang='lat' dir='ltr'><strong>tua</strong></span> <span class='ocrx_word' id='word_1_84' title='bbox 513 1069 658 1146; x_wconf 86' lang='lat' dir='ltr'><strong>detegunt</strong></span> <span class='ocrx_word' id='word_1_85' title='bbox 685 1067 900 1146; x_wconf 83' lang='lat' dir='ltr'><strong>experimenta.</strong></span> <span class='ocrx_word' id='word_1_86' title='bbox 946 1068 1078 1130; x_wconf 91' lang='lat' dir='ltr'><strong>Primum</strong></span> <span class='ocrx_word' id='word_1_87' title='bbox 1102 1077 1181 1142; x_wconf 91' lang='lat' dir='ltr'><strong>esto,</strong></span> <span class='ocrx_word' id='word_1_88' title='bbox 1206 1076 1241 1130; x_wconf 90' lang='lat' dir='ltr'><strong>nt</strong></span> <span class='ocrx_word' id='word_1_89' title='bbox 1272 1071 1332 1130; x_wconf 84' lang='lat' dir='ltr'><strong>lixa</strong></span> <span class='ocrx_word' id='word_1_90' title='bbox 1355 1071 1508 1151; x_wconf 85' lang='lat' dir='ltr'><strong>quaelibet</strong></span> <span class='ocrx_word' id='word_1_91' title='bbox 1539 1070 1593 1133; x_wconf 91' lang='lat' dir='ltr'><strong>Sol</strong></span> <span class='ocrx_word' id='word_1_92' title='bbox 1623 1072 1674 1146; x_wconf 84' lang='lat' dir='ltr'><strong>sit,</strong></span> 
     </span>
     <span class='ocr_line' id='line_1_10' title="bbox 322 1155 1675 1238; baseline 0.001 -18"><span class='ocrx_word' id='word_1_93' title='bbox 322 1159 424 1220; x_wconf 88' lang='lat' dir='ltr'><strong>nullae</strong></span> <span class='ocrx_word' id='word_1_94' title='bbox 447 1157 518 1219; x_wconf 91' lang='lat' dir='ltr'><strong>illas</strong></span> <span class='ocrx_word' id='word_1_95' title='bbox 533 1156 637 1217; x_wconf 86' lang='lat' dir='ltr'><strong>Lunae</strong></span> <span class='ocrx_word' id='word_1_96' title='bbox 660 1155 810 1236; x_wconf 88' lang='lat' dir='ltr'><strong>hucusque</strong></span> <span class='ocrx_word' id='word_1_97' title='bbox 834 1156 1091 1218; x_wconf 90' lang='lat' dir='ltr'><strong>circumcursitare</strong></span> <span class='ocrx_word' id='word_1_98' title='bbox 1115 1157 1199 1218; x_wconf 89' lang='lat' dir='ltr'><strong>visae</strong></span> <span class='ocrx_word' id='word_1_99' title='bbox 1223 1165 1308 1219; x_wconf 89' lang='lat' dir='ltr'><strong>suot:</strong></span> <span class='ocrx_word' id='word_1_100' title='bbox 1333 1158 1389 1220; x_wconf 93' lang='lat' dir='ltr'><strong>hoc</strong></span> <span class='ocrx_word' id='word_1_101' title='bbox 1408 1159 1501 1238; x_wconf 88' lang='lat' dir='ltr'><strong>igitur</strong></span> <span class='ocrx_word' id='word_1_102' title='bbox 1514 1159 1544 1220; x_wconf 90' lang='lat' dir='ltr'><strong>in</strong></span> <span class='ocrx_word' id='word_1_103' title='bbox 1559 1159 1675 1221; x_wconf 88' lang='lat' dir='ltr'><strong>incerto</strong></span> 
     </span>
     <span class='ocr_line' id='line_1_11' title="bbox 323 1244 1676 1324; baseline 0.001 -17"><span class='ocrx_word' id='word_1_104' title='bbox 323 1245 478 1315; x_wconf 89' lang='lat' dir='ltr'><strong>mauebit,</strong></span> <span class='ocrx_word' id='word_1_105' title='bbox 524 1244 623 1324; x_wconf 90' lang='lat' dir='ltr'><strong>quoad</strong></span> <span class='ocrx_word' id='word_1_106' title='bbox 659 1244 768 1324; x_wconf 89' lang='lat' dir='ltr'><strong>aliquis</strong></span> <span class='ocrx_word' id='word_1_107' title='bbox 808 1245 977 1308; x_wconf 73' lang='lat' dir='ltr'><strong>subtilitate</strong></span> <span class='ocrx_word' id='word_1_108' title='bbox 1022 1245 1201 1308; x_wconf 90' lang='lat' dir='ltr'><strong>observandi</strong></span> <span class='ocrx_word' id='word_1_109' title='bbox 1233 1245 1309 1306; x_wconf 90' lang='lat' dir='ltr'><strong>mira</strong></span> <span class='ocrx_word' id='word_1_110' title='bbox 1340 1247 1505 1309; x_wconf 89' lang='lat' dir='ltr'><strong>instructus</strong></span> <span class='ocrx_word' id='word_1_111' title='bbox 1546 1257 1577 1309; x_wconf 90' lang='lat' dir='ltr'><strong>et</strong></span> <span class='ocrx_word' id='word_1_112' title='bbox 1617 1249 1676 1309; x_wconf 94' lang='lat' dir='ltr'><strong>hoc</strong></span> 
     </span>
     <span class='ocr_line' id='line_1_12' title="bbox 323 1331 1674 1416; baseline 0.001 -20"><span class='ocrx_word' id='word_1_113' title='bbox 323 1334 491 1408; x_wconf 81' lang='lat' dir='ltr'><strong>detexerit,</strong></span> <span class='ocrx_word' id='word_1_114' title='bbox 518 1332 595 1412; x_wconf 92' lang='lat' dir='ltr'><strong>quod</strong></span> <span class='ocrx_word' id='word_1_115' title='bbox 619 1331 736 1412; x_wconf 91' lang='lat' dir='ltr'><strong>quidem</strong></span> <span class='ocrx_word' id='word_1_116' title='bbox 759 1333 807 1394; x_wconf 93' lang='lat' dir='ltr'><strong>hic</strong></span> <span class='ocrx_word' id='word_1_117' title='bbox 830 1352 988 1395; x_wconf 86' lang='lat' dir='ltr'><strong>successus</strong></span> <span class='ocrx_word' id='word_1_118' title='bbox 1011 1340 1081 1395; x_wconf 91' lang='lat' dir='ltr'><strong>tuus</strong></span> <span class='ocrx_word' id='word_1_119' title='bbox 1100 1335 1214 1413; x_wconf 90' lang='lat' dir='ltr'><strong>judicio</strong></span> <span class='ocrx_word' id='word_1_120' title='bbox 1230 1336 1414 1416; x_wconf 84' lang='lat' dir='ltr'><strong>quorundam</strong></span> <span class='ocrx_word' id='word_1_121' title='bbox 1429 1336 1515 1398; x_wconf 87' lang='lat' dir='ltr'><strong>nobis</strong></span> <span class='ocrx_word' id='word_1_122' title='bbox 1530 1337 1674 1399; x_wconf 90' lang='lat' dir='ltr'><strong>minatur.</strong></span> 
     </span>
     <span class='ocr_line' id='line_1_13' title="bbox 321 1421 1676 1504; baseline 0.001 -19"><span class='ocrx_word' id='word_1_123' title='bbox 321 1423 440 1504; x_wconf 87' lang='lat' dir='ltr'><strong>Jupiter</strong></span> <span class='ocrx_word' id='word_1_124' title='bbox 464 1431 570 1483; x_wconf 88' lang='lat' dir='ltr'><strong>contra</strong></span> <span class='ocrx_word' id='word_1_125' title='bbox 591 1421 781 1499; x_wconf 85' lang='lat' dir='ltr'><strong>planetarum</strong></span> <span class='ocrx_word' id='word_1_126' title='bbox 805 1429 853 1482; x_wconf 89' lang='lat' dir='ltr'><strong>est</strong></span> <span class='ocrx_word' id='word_1_127' title='bbox 876 1441 969 1494; x_wconf 90' lang='lat' dir='ltr'><strong>uuus,</strong></span> <span class='ocrx_word' id='word_1_128' title='bbox 1003 1440 1077 1501; x_wconf 91' lang='lat' dir='ltr'><strong>quos</strong></span> <span class='ocrx_word' id='word_1_129' title='bbox 1105 1424 1224 1484; x_wconf 89' lang='lat' dir='ltr'><strong>Brunus</strong></span> <span class='ocrx_word' id='word_1_130' title='bbox 1248 1423 1383 1486; x_wconf 84' lang='lat' dir='ltr'><strong>Tellures</strong></span> <span class='ocrx_word' id='word_1_131' title='bbox 1416 1443 1485 1486; x_wconf 88' lang='lat' dir='ltr'><strong>esse</strong></span> <span class='ocrx_word' id='word_1_132' title='bbox 1519 1425 1610 1498; x_wconf 88' lang='lat' dir='ltr'><strong>dicit,</strong></span> <span class='ocrx_word' id='word_1_133' title='bbox 1642 1433 1676 1486; x_wconf 88' lang='lat' dir='ltr'><strong>et</strong></span> 
     </span>
     <span class='ocr_line' id='line_1_14' title="bbox 321 1509 1677 1590; baseline 0.001 -17"><span class='ocrx_word' id='word_1_134' title='bbox 321 1529 390 1573; x_wconf 88' lang='lat' dir='ltr'><strong>ecce</strong></span> <span class='ocrx_word' id='word_1_135' title='bbox 415 1517 543 1590; x_wconf 90' lang='lat' dir='ltr'><strong>quatuor</strong></span> <span class='ocrx_word' id='word_1_136' title='bbox 567 1509 643 1570; x_wconf 90' lang='lat' dir='ltr'><strong>alios</strong></span> <span class='ocrx_word' id='word_1_137' title='bbox 667 1509 748 1571; x_wconf 85' lang='lat' dir='ltr'><strong>eirca</strong></span> <span class='ocrx_word' id='word_1_138' title='bbox 770 1509 853 1571; x_wconf 92' lang='lat' dir='ltr'><strong>illum</strong></span> <span class='ocrx_word' id='word_1_139' title='bbox 876 1510 1033 1589; x_wconf 88' lang='lat' dir='ltr'><strong>planetas:</strong></span> <span class='ocrx_word' id='word_1_140' title='bbox 1067 1518 1101 1572; x_wconf 88' lang='lat' dir='ltr'><strong>at</strong></span> <span class='ocrx_word' id='word_1_141' title='bbox 1127 1511 1185 1572; x_wconf 92' lang='lat' dir='ltr'><strong>hoc</strong></span> <span class='ocrx_word' id='word_1_142' title='bbox 1214 1511 1381 1573; x_wconf 86' lang='lat' dir='ltr'><strong>Telluribus</strong></span> <span class='ocrx_word' id='word_1_143' title='bbox 1414 1530 1471 1574; x_wconf 92' lang='lat' dir='ltr'><strong>uon</strong></span> <span class='ocrx_word' id='word_1_144' title='bbox 1502 1512 1677 1575; x_wconf 90' lang='lat' dir='ltr'><strong>vindicabat</strong></span> 
     </span>
     <span class='ocr_line' id='line_1_15' title="bbox 319 1595 760 1672; baseline -0.005 -12"><span class='ocrx_word' id='word_1_145' title='bbox 319 1598 414 1662; x_wconf 90' lang='lat' dir='ltr'><strong>Bruni</strong></span> <span class='ocrx_word' id='word_1_146' title='bbox 436 1597 524 1672; x_wconf 86' lang='lat' dir='ltr'><strong>ratio,</strong></span> <span class='ocrx_word' id='word_1_147' title='bbox 550 1599 605 1660; x_wconf 91' lang='lat' dir='ltr'><strong>sed</strong></span> <span class='ocrx_word' id='word_1_148' title='bbox 627 1595 760 1659; x_wconf 86' lang='lat' dir='ltr'><strong>Solibus.</strong></span> 
     </span>
    </p>

    <p class='ocr_par' dir='ltr' id='par_1_5' title="bbox 308 1686 1673 2642">
     <span class='ocr_line' id='line_1_16' title="bbox 407 1686 1673 1766; baseline 0.001 -18"><span class='ocrx_word' id='word_1_149' title='bbox 407 1687 532 1749; x_wconf 87' lang='lat' dir='ltr'><strong>Interim</strong></span> <span class='ocrx_word' id='word_1_150' title='bbox 555 1694 725 1764; x_wconf 89' lang='lat' dir='ltr'><strong>temperare</strong></span> <span class='ocrx_word' id='word_1_151' title='bbox 747 1704 806 1747; x_wconf 92' lang='lat' dir='ltr'><strong>non</strong></span> <span class='ocrx_word' id='word_1_152' title='bbox 829 1703 967 1764; x_wconf 90' lang='lat' dir='ltr'><strong>possum,</strong></span> <span class='ocrx_word' id='word_1_153' title='bbox 992 1686 1061 1765; x_wconf 92' lang='lat' dir='ltr'><strong>quin</strong></span> <span class='ocrx_word' id='word_1_154' title='bbox 1086 1687 1258 1766; x_wconf 83' lang='lat' dir='ltr'><strong>paradonos</strong></span> <span class='ocrx_word' id='word_1_155' title='bbox 1288 1687 1357 1748; x_wconf 92' lang='lat' dir='ltr'><strong>illos</strong></span> <span class='ocrx_word' id='word_1_156' title='bbox 1385 1706 1423 1748; x_wconf 88' lang='lat' dir='ltr'><strong>ex</strong></span> <span class='ocrx_word' id='word_1_157' title='bbox 1452 1687 1512 1748; x_wconf 89' lang='lat' dir='ltr'><strong>tuis</strong></span> <span class='ocrx_word' id='word_1_158' title='bbox 1540 1687 1673 1749; x_wconf 88' lang='lat' dir='ltr'><strong>inventis</strong></span> 
     </span>
     <span class='ocr_line' id='line_1_17' title="bbox 321 1773 1673 1855; baseline -0.002 -16"><span class='ocrx_word' id='word_1_159' title='bbox 321 1776 413 1840; x_wconf 89' lang='lat' dir='ltr'><strong>stiam</strong></span> <span class='ocrx_word' id='word_1_160' title='bbox 435 1777 493 1837; x_wconf 92' lang='lat' dir='ltr'><strong>hac</strong></span> <span class='ocrx_word' id='word_1_161' title='bbox 516 1775 546 1835; x_wconf 91' lang='lat' dir='ltr'><strong>iu</strong></span> <span class='ocrx_word' id='word_1_162' title='bbox 570 1783 656 1855; x_wconf 88' lang='lat' dir='ltr'><strong>parte</strong></span> <span class='ocrx_word' id='word_1_163' title='bbox 676 1775 779 1854; x_wconf 87' lang='lat' dir='ltr'><strong>juvem</strong></span> <span class='ocrx_word' id='word_1_164' title='bbox 808 1792 1003 1853; x_wconf 88' lang='lat' dir='ltr'><strong>moneamque</strong></span> <span class='ocrx_word' id='word_1_165' title='bbox 1031 1775 1094 1834; x_wconf 88' lang='lat' dir='ltr'><strong>veri</strong></span> <span class='ocrx_word' id='word_1_166' title='bbox 1126 1795 1184 1836; x_wconf 91' lang='lat' dir='ltr'><strong>non</strong></span> <span class='ocrx_word' id='word_1_167' title='bbox 1219 1773 1369 1850; x_wconf 77' lang='lat' dir='ltr'><strong>absimile,</strong></span> <span class='ocrx_word' id='word_1_168' title='bbox 1404 1795 1463 1838; x_wconf 92' lang='lat' dir='ltr'><strong>non</strong></span> <span class='ocrx_word' id='word_1_169' title='bbox 1496 1782 1614 1838; x_wconf 87' lang='lat' dir='ltr'><strong>tanturn</strong></span> <span class='ocrx_word' id='word_1_170' title='bbox 1641 1777 1673 1837; x_wconf 92' lang='lat' dir='ltr'><strong>in</strong></span> 
     </span>
     <span class='ocr_line' id='line_1_18' title="bbox 318 1861 1673 1943; baseline -0.002 -16"><span class='ocrx_word' id='word_1_171' title='bbox 318 1865 406 1927; x_wconf 89' lang='lat' dir='ltr'><strong>Luna</strong></span> <span class='ocrx_word' id='word_1_172' title='bbox 429 1865 483 1926; x_wconf 91' lang='lat' dir='ltr'><strong>sed</strong></span> <span class='ocrx_word' id='word_1_173' title='bbox 507 1862 598 1925; x_wconf 87' lang='lat' dir='ltr'><strong>etiam</strong></span> <span class='ocrx_word' id='word_1_174' title='bbox 622 1863 652 1924; x_wconf 92' lang='lat' dir='ltr'><strong>in</strong></span> <span class='ocrx_word' id='word_1_175' title='bbox 675 1861 752 1924; x_wconf 86' lang='lat' dir='ltr'><strong>Jove</strong></span> <span class='ocrx_word' id='word_1_176' title='bbox 776 1863 841 1943; x_wconf 90' lang='lat' dir='ltr'><strong>ipso</strong></span> <span class='ocrx_word' id='word_1_177' title='bbox 865 1862 979 1924; x_wconf 88' lang='lat' dir='ltr'><strong>incolas</strong></span> <span class='ocrx_word' id='word_1_178' title='bbox 1003 1881 1086 1936; x_wconf 89' lang='lat' dir='ltr'><strong>ssse;</strong></span> <span class='ocrx_word' id='word_1_179' title='bbox 1120 1871 1172 1924; x_wconf 91' lang='lat' dir='ltr'><strong>aut</strong></span> <span class='ocrx_word' id='word_1_180' title='bbox 1196 1863 1291 1943; x_wconf 93' lang='lat' dir='ltr'><strong>(qnod</strong></span> <span class='ocrx_word' id='word_1_181' title='bbox 1315 1864 1483 1943; x_wconf 90' lang='lat' dir='ltr'><strong>nuperrimo</strong></span> <span class='ocrx_word' id='word_1_182' title='bbox 1507 1881 1673 1943; x_wconf 86' lang='lat' dir='ltr'><strong>congressu</strong></span> 
     </span>
     <span class='ocr_line' id='line_1_19' title="bbox 318 1951 1671 2052; baseline -0.003 -36"><span class='ocrx_word' id='word_1_183' title='bbox 318 1953 503 2036; x_wconf 86' lang='lat' dir='ltr'><strong>quorundam</strong></span> <span class='ocrx_word' id='word_1_184' title='bbox 525 1951 800 2032; x_wconf 87' lang='lat' dir='ltr'><strong>philosophantium</strong></span> <span class='ocrx_word' id='word_1_185' title='bbox 828 1951 960 2029; x_wconf 86' lang='lat' dir='ltr'><strong>jucundo</strong></span> <span class='ocrx_word' id='word_1_186' title='bbox 984 1954 1112 2052; x_wconf 81' lang='lat' dir='ltr'><strong>motum)</strong></span> <span class='ocrx_word' id='word_1_187' title='bbox 1141 1951 1243 2030; x_wconf 90' lang='lat' dir='ltr'><strong>detegi</strong></span> <span class='ocrx_word' id='word_1_188' title='bbox 1275 1971 1352 2013; x_wconf 90' lang='lat' dir='ltr'><strong>nuuc</strong></span> <span class='ocrx_word' id='word_1_189' title='bbox 1381 1953 1508 2032; x_wconf 91' lang='lat' dir='ltr'><strong>primum</strong></span> <span class='ocrx_word' id='word_1_190' title='bbox 1531 1952 1671 2031; x_wconf 73' lang='lat' dir='ltr'><strong>regiona·</strong></span> 
     </span>
     <span class='ocr_line' id='line_1_20' title="bbox 316 2038 1673 2120; baseline 0 -17"><span class='ocrx_word' id='word_1_191' title='bbox 316 2043 407 2117; x_wconf 87' lang='lat' dir='ltr'><strong>illas;</strong></span> <span class='ocrx_word' id='word_1_192' title='bbox 441 2043 563 2105; x_wconf 89' lang='lat' dir='ltr'><strong>colonos</strong></span> <span class='ocrx_word' id='word_1_193' title='bbox 586 2059 666 2115; x_wconf 87' lang='lat' dir='ltr'><strong>vero,</strong></span> <span class='ocrx_word' id='word_1_194' title='bbox 691 2039 816 2120; x_wconf 88' lang='lat' dir='ltr'><strong>primurn</strong></span> <span class='ocrx_word' id='word_1_195' title='bbox 841 2047 932 2118; x_wconf 90' lang='lat' dir='ltr'><strong>atque</strong></span> <span class='ocrx_word' id='word_1_196' title='bbox 956 2040 1020 2118; x_wconf 91' lang='lat' dir='ltr'><strong>quis</strong></span> <span class='ocrx_word' id='word_1_197' title='bbox 1045 2047 1094 2100; x_wconf 89' lang='lat' dir='ltr'><strong>art</strong></span> <span class='ocrx_word' id='word_1_198' title='bbox 1095 2058 1140 2100; x_wconf 89' lang='lat' dir='ltr'><strong>ern</strong></span> <span class='ocrx_word' id='word_1_199' title='bbox 1163 2038 1286 2102; x_wconf 87' lang='lat' dir='ltr'><strong>volandi</strong></span> <span class='ocrx_word' id='word_1_200' title='bbox 1310 2041 1462 2110; x_wconf 87' lang='lat' dir='ltr'><strong>docuerit,</strong></span> <span class='ocrx_word' id='word_1_201' title='bbox 1496 2059 1535 2102; x_wconf 88' lang='lat' dir='ltr'><strong>ex</strong></span> <span class='ocrx_word' id='word_1_202' title='bbox 1566 2049 1673 2103; x_wconf 72' lang='lat' dir='ltr'><strong>noema</strong></span> 
     </span>
     <span class='ocr_line' id='line_1_21' title="bbox 315 2126 1673 2231; baseline -0.001 -40"><span class='ocrx_word' id='word_1_203' title='bbox 315 2129 466 2193; x_wconf 88' lang='lat' dir='ltr'><strong>hominnm</strong></span> <span class='ocrx_word' id='word_1_204' title='bbox 495 2135 584 2208; x_wconf 88' lang='lat' dir='ltr'><strong>geute</strong></span> <span class='ocrx_word' id='word_1_205' title='bbox 618 2146 675 2188; x_wconf 93' lang='lat' dir='ltr'><strong>uon</strong></span> <span class='ocrx_word' id='word_1_206' title='bbox 709 2128 873 2189; x_wconf 89' lang='lat' dir='ltr'><strong>defuturos.</strong></span> <span class='ocrx_word' id='word_1_207' title='bbox 928 2126 1003 2198; x_wconf 82' lang='lat' dir='ltr'><strong>Quis</strong></span> <span class='ocrx_word' id='word_1_208' title='bbox 1037 2128 1217 2190; x_wconf 86' lang='lat' dir='ltr'><strong>credidisset</strong></span> <span class='ocrx_word' id='word_1_209' title='bbox 1249 2129 1338 2201; x_wconf 90' lang='lat' dir='ltr'><strong>olim,</strong></span> <span class='ocrx_word' id='word_1_210' title='bbox 1371 2129 1610 2231; x_wconf 86' lang='lat' dir='ltr'><strong>tranquilliorem</strong></span> <span class='ocrx_word' id='word_1_211' title='bbox 1638 2137 1673 2190; x_wconf 92' lang='lat' dir='ltr'><strong>et</strong></span> 
     </span>
     <span class='ocr_line' id='line_1_22' title="bbox 314 2207 1671 2297; baseline 0 -17"><span class='ocrx_word' id='word_1_212' title='bbox 314 2217 457 2280; x_wconf 87' lang='lat' dir='ltr'><strong>tutiorem</strong></span> <span class='ocrx_word' id='word_1_213' title='bbox 494 2235 562 2278; x_wconf 89' lang='lat' dir='ltr'><strong>esse</strong></span> <span class='ocrx_word' id='word_1_214' title='bbox 599 2207 822 2294; x_wconf 67' lang='lat' dir='ltr'><strong>navigitionem</strong></span> <span class='ocrx_word' id='word_1_215' title='bbox 858 2216 1024 2276; x_wconf 85' lang='lat' dir='ltr'><strong>vastissimi</strong></span> <span class='ocrx_word' id='word_1_216' title='bbox 1060 2217 1181 2290; x_wconf 89' lang='lat' dir='ltr'><strong>oceani,</strong></span> <span class='ocrx_word' id='word_1_217' title='bbox 1220 2235 1308 2296; x_wconf 88' lang='lat' dir='ltr'><strong>quam</strong></span> <span class='ocrx_word' id='word_1_218' title='bbox 1342 2217 1549 2297; x_wconf 89' lang='lat' dir='ltr'><strong>augustissimi</strong></span> <span class='ocrx_word' id='word_1_219' title='bbox 1585 2218 1671 2280; x_wconf 89' lang='lat' dir='ltr'><strong>sinus</strong></span> 
     </span>
     <span class='ocr_line' id='line_1_23' title="bbox 315 2303 1670 2384; baseline -0.001 -15"><span class='ocrx_word' id='word_1_220' title='bbox 315 2303 474 2380; x_wconf 78' lang='lat' dir='ltr'><strong>Adriatici,</strong></span> <span class='ocrx_word' id='word_1_221' title='bbox 499 2305 592 2366; x_wconf 88' lang='lat' dir='ltr'><strong>maris</strong></span> <span class='ocrx_word' id='word_1_222' title='bbox 610 2304 752 2376; x_wconf 90' lang='lat' dir='ltr'><strong>Balthici,</strong></span> <span class='ocrx_word' id='word_1_223' title='bbox 777 2303 847 2366; x_wconf 82' lang='lat' dir='ltr'><strong>freti</strong></span> <span class='ocrx_word' id='word_1_224' title='bbox 866 2303 1053 2384; x_wconf 86' lang='lat' dir='ltr'><strong>Anglicaoi?</strong></span> <span class='ocrx_word' id='word_1_225' title='bbox 1086 2305 1134 2366; x_wconf 89' lang='lat' dir='ltr'><strong>Da</strong></span> <span class='ocrx_word' id='word_1_226' title='bbox 1153 2323 1246 2366; x_wconf 88' lang='lat' dir='ltr'><strong>naves</strong></span> <span class='ocrx_word' id='word_1_227' title='bbox 1262 2313 1316 2367; x_wconf 91' lang='lat' dir='ltr'><strong>aut</strong></span> <span class='ocrx_word' id='word_1_228' title='bbox 1337 2307 1406 2366; x_wconf 90' lang='lat' dir='ltr'><strong>vela</strong></span> <span class='ocrx_word' id='word_1_229' title='bbox 1429 2305 1555 2368; x_wconf 86' lang='lat' dir='ltr'><strong>coelesti</strong></span> <span class='ocrx_word' id='word_1_230' title='bbox 1578 2325 1670 2368; x_wconf 86' lang='lat' dir='ltr'><strong>aurae</strong></span> 
     </span>
     <span class='ocr_line' id='line_1_24' title="bbox 315 2392 1669 2474; baseline -0.001 -18"><span class='ocrx_word' id='word_1_231' title='bbox 315 2395 524 2463; x_wconf 89' lang='lat' dir='ltr'><strong>accommoda,</strong></span> <span class='ocrx_word' id='word_1_232' title='bbox 549 2401 637 2454; x_wconf 91' lang='lat' dir='ltr'><strong>erunt</strong></span> <span class='ocrx_word' id='word_1_233' title='bbox 660 2393 709 2473; x_wconf 93' lang='lat' dir='ltr'><strong>qui</strong></span> <span class='ocrx_word' id='word_1_234' title='bbox 732 2411 769 2453; x_wconf 90' lang='lat' dir='ltr'><strong>ne</strong></span> <span class='ocrx_word' id='word_1_235' title='bbox 794 2393 832 2454; x_wconf 88' lang='lat' dir='ltr'><strong>ab</strong></span> <span class='ocrx_word' id='word_1_236' title='bbox 854 2392 908 2453; x_wconf 90' lang='lat' dir='ltr'><strong>illa</strong></span> <span class='ocrx_word' id='word_1_237' title='bbox 932 2392 1051 2472; x_wconf 90' lang='lat' dir='ltr'><strong>quidem</strong></span> <span class='ocrx_word' id='word_1_238' title='bbox 1074 2395 1221 2456; x_wconf 87' lang='lat' dir='ltr'><strong>vastitate</strong></span> <span class='ocrx_word' id='word_1_239' title='bbox 1246 2394 1305 2456; x_wconf 91' lang='lat' dir='ltr'><strong>sibi</strong></span> <span class='ocrx_word' id='word_1_240' title='bbox 1328 2401 1474 2456; x_wconf 89' lang='lat' dir='ltr'><strong>metuant.</strong></span> <span class='ocrx_word' id='word_1_241' title='bbox 1522 2393 1669 2474; x_wconf 87' lang='lat' dir='ltr'><strong>Adeoque</strong></span> 
     </span>
     <span class='ocr_line' id='line_1_25' title="bbox 314 2481 1669 2566; baseline -0.001 -21"><span class='ocrx_word' id='word_1_242' title='bbox 314 2483 400 2566; x_wconf 89' lang='lat' dir='ltr'><strong>quasi</strong></span> <span class='ocrx_word' id='word_1_243' title='bbox 423 2481 597 2563; x_wconf 85' lang='lat' dir='ltr'><strong>propediem</strong></span> <span class='ocrx_word' id='word_1_244' title='bbox 623 2481 768 2556; x_wconf 84' lang='lat' dir='ltr'><strong>affuturis,</strong></span> <span class='ocrx_word' id='word_1_245' title='bbox 793 2481 843 2561; x_wconf 90' lang='lat' dir='ltr'><strong>qui</strong></span> <span class='ocrx_word' id='word_1_246' title='bbox 866 2481 924 2542; x_wconf 91' lang='lat' dir='ltr'><strong>hoc</strong></span> <span class='ocrx_word' id='word_1_247' title='bbox 947 2481 1005 2543; x_wconf 89' lang='lat' dir='ltr'><strong>iter</strong></span> <span class='ocrx_word' id='word_1_248' title='bbox 1028 2489 1165 2556; x_wconf 88' lang='lat' dir='ltr'><strong>tentent,</strong></span> <span class='ocrx_word' id='word_1_249' title='bbox 1191 2501 1247 2561; x_wconf 90' lang='lat' dir='ltr'><strong>ago</strong></span> <span class='ocrx_word' id='word_1_250' title='bbox 1270 2482 1440 2558; x_wconf 82' lang='lat' dir='ltr'><strong>Lucerem,</strong></span> <span class='ocrx_word' id='word_1_251' title='bbox 1469 2489 1503 2544; x_wconf 89' lang='lat' dir='ltr'><strong>tu</strong></span> <span class='ocrx_word' id='word_1_252' title='bbox 1527 2481 1669 2545; x_wconf 82' lang='lat' dir='ltr'><strong>Galilaea</strong></span> 
     </span>
     <span class='ocr_line' id='line_1_26' title="bbox 308 2567 1577 2642; baseline -0.011 -6"><span class='ocrx_word' id='word_1_253' title='bbox 308 2567 462 2636; x_wconf 80' lang='lat' dir='ltr'><strong>&#39;Joviarern</strong></span> <span class='ocrx_word' id='word_1_254' title='bbox 485 2570 648 2634; x_wconf 90' lang='lat' dir='ltr'><strong>condamus</strong></span> <span class='ocrx_word' id='word_1_255' title='bbox 673 2570 897 2642; x_wconf 86' lang='lat' dir='ltr'><strong>astronomiam.</strong></span> <span class='ocrx_word' id='word_1_256' title='bbox 1575 2618 1577 2622; x_wconf 86' lang='grc'><em>,</em></span> 
     </span>
    </p>

    <p class='ocr_par' dir='ltr' id='par_1_6' title="bbox 309 2657 1667 2918">
     <span class='ocr_line' id='line_1_27' title="bbox 398 2657 1667 2739; baseline -0.001 -17"><span class='ocrx_word' id='word_1_257' title='bbox 398 2661 482 2722; x_wconf 89' lang='lat' dir='ltr'><strong>Haec</strong></span> <span class='ocrx_word' id='word_1_258' title='bbox 502 2660 633 2739; x_wconf 91' lang='lat' dir='ltr'><strong>jucunde</strong></span> <span class='ocrx_word' id='word_1_259' title='bbox 667 2657 728 2721; x_wconf 91' lang='lat' dir='ltr'><strong>sint</strong></span> <span class='ocrx_word' id='word_1_260' title='bbox 759 2657 940 2738; x_wconf 86' lang='lat' dir='ltr'><strong>interposita</strong></span> <span class='ocrx_word' id='word_1_261' title='bbox 972 2657 1114 2719; x_wconf 88' lang='lat' dir='ltr'><strong>miraculo</strong></span> <span class='ocrx_word' id='word_1_262' title='bbox 1148 2657 1294 2722; x_wconf 86' lang='lat' dir='ltr'><strong>audaciae</strong></span> <span class='ocrx_word' id='word_1_263' title='bbox 1327 2658 1491 2734; x_wconf 88' lang='lat' dir='ltr'><strong>humanae,</strong></span> <span class='ocrx_word' id='word_1_264' title='bbox 1527 2677 1603 2739; x_wconf 89' lang='lat' dir='ltr'><strong>quae</strong></span> <span class='ocrx_word' id='word_1_265' title='bbox 1635 2657 1667 2722; x_wconf 89' lang='lat' dir='ltr'><strong>iu</strong></span> 
     </span>
     <span class='ocr_line' id='line_1_28' title="bbox 309 2746 1665 2830; baseline -0.003 -18"><span class='ocrx_word' id='word_1_266' title='bbox 309 2749 398 2829; x_wconf 88' lang='lat' dir='ltr'><strong>hujus</strong></span> <span class='ocrx_word' id='word_1_267' title='bbox 421 2749 612 2830; x_wconf 89' lang='lat' dir='ltr'><strong>potissimum</strong></span> <span class='ocrx_word' id='word_1_268' title='bbox 635 2747 728 2810; x_wconf 88' lang='lat' dir='ltr'><strong>seculi</strong></span> <span class='ocrx_word' id='word_1_269' title='bbox 753 2746 920 2808; x_wconf 90' lang='lat' dir='ltr'><strong>hominibus</strong></span> <span class='ocrx_word' id='word_1_270' title='bbox 945 2765 1012 2808; x_wconf 88' lang='lat' dir='ltr'><strong>sese</strong></span> <span class='ocrx_word' id='word_1_271' title='bbox 1037 2746 1130 2809; x_wconf 81' lang='lat' dir='ltr'><strong>effert.</strong></span> <span class='ocrx_word' id='word_1_272' title='bbox 1178 2747 1248 2810; x_wconf 90' lang='lat' dir='ltr'><strong>Nou</strong></span> <span class='ocrx_word' id='word_1_273' title='bbox 1276 2753 1347 2809; x_wconf 91' lang='lat' dir='ltr'><strong>suut</strong></span> <span class='ocrx_word' id='word_1_274' title='bbox 1376 2746 1455 2810; x_wconf 88' lang='lat' dir='ltr'><strong>enim</strong></span> <span class='ocrx_word' id='word_1_275' title='bbox 1485 2746 1558 2808; x_wconf 90' lang='lat' dir='ltr'><strong>mihi</strong></span> <span class='ocrx_word' id='word_1_276' title='bbox 1582 2747 1665 2810; x_wconf 88' lang='lat' dir='ltr'><strong>derl-</strong></span> 
     </span>
     <span class='ocr_line' id='line_1_29' title="bbox 310 2835 1077 2918; baseline -0.007 -18"><span class='ocrx_word' id='word_1_277' title='bbox 310 2839 408 2901; x_wconf 92' lang='lat' dir='ltr'><strong>dicolo</strong></span> <span class='ocrx_word' id='word_1_278' title='bbox 432 2838 603 2900; x_wconf 86' lang='lat' dir='ltr'><strong>veneranda</strong></span> <span class='ocrx_word' id='word_1_279' title='bbox 626 2855 732 2899; x_wconf 86' lang='lat' dir='ltr'><strong>sacrae</strong></span> <span class='ocrx_word' id='word_1_280' title='bbox 754 2835 899 2898; x_wconf 87' lang='lat' dir='ltr'><strong>historiae</strong></span> <span class='ocrx_word' id='word_1_281' title='bbox 923 2835 1077 2918; x_wconf 85' lang='lat' dir='ltr'><strong>mysteria.</strong></span> 
     </span>
    </p>

    <p class='ocr_par' dir='ltr' id='par_1_7' title="bbox 301 2895 1664 4070">
     <span class='ocr_line' id='line_1_30' title="bbox 397 2895 1664 3007; baseline -0.005 -17"><span class='ocrx_word' id='word_1_282' title='bbox 397 2927 503 3007; x_wconf 88' lang='lat' dir='ltr'><strong>Neque</strong></span> <span class='ocrx_word' id='word_1_283' title='bbox 526 2934 628 2987; x_wconf 90' lang='lat' dir='ltr'><strong>tamen</strong></span> <span class='ocrx_word' id='word_1_284' title='bbox 652 2925 743 2986; x_wconf 89' lang='lat' dir='ltr'><strong>etiam</strong></span> <span class='ocrx_word' id='word_1_285' title='bbox 767 2925 826 2984; x_wconf 86' lang='lat' dir='ltr'><strong>vile</strong></span> <span class='ocrx_word' id='word_1_286' title='bbox 851 2942 960 3003; x_wconf 88' lang='lat' dir='ltr'><strong>operae</strong></span> <span class='ocrx_word' id='word_1_287' title='bbox 989 2921 1116 3005; x_wconf 88' lang='lat' dir='ltr'><strong>pretium</strong></span> <span class='ocrx_word' id='word_1_288' title='bbox 1145 2921 1230 2998; x_wconf 85' lang='lat' dir='ltr'><strong>duni,</strong></span> <span class='ocrx_word' id='word_1_289' title='bbox 1263 2922 1362 2986; x_wconf 88' lang='lat' dir='ltr'><strong>obiter</strong></span> <span class='ocrx_word' id='word_1_290' title='bbox 1389 2941 1493 2986; x_wconf 86' lang='lat' dir='ltr'><strong>aurem</strong></span> <span class='ocrx_word' id='word_1_291' title='bbox 1519 2895 1664 2985; x_wconf 90' lang='lat' dir='ltr'><strong>vellicare</strong></span> 
     </span>
     <span class='ocr_line' id='line_1_31' title="bbox 308 3011 1664 3114; baseline -0.004 -37"><span class='ocrx_word' id='word_1_292' title='bbox 308 3015 411 3077; x_wconf 88' lang='lat' dir='ltr'><strong>altiori</strong></span> <span class='ocrx_word' id='word_1_293' title='bbox 433 3015 661 3114; x_wconf 88' lang='lat' dir='ltr'><strong>philosophiae,</strong></span> <span class='ocrx_word' id='word_1_294' title='bbox 685 3013 808 3094; x_wconf 79' lang='lat' dir='ltr'><strong>cogitet,</strong></span> <span class='ocrx_word' id='word_1_295' title='bbox 834 3033 871 3073; x_wconf 90' lang='lat' dir='ltr'><strong>au</strong></span> <span class='ocrx_word' id='word_1_296' title='bbox 892 3012 1052 3093; x_wconf 89' lang='lat' dir='ltr'><strong>quidquam</strong></span> <span class='ocrx_word' id='word_1_297' title='bbox 1075 3012 1188 3073; x_wconf 87' lang='lat' dir='ltr'><strong>frustra</strong></span> <span class='ocrx_word' id='word_1_298' title='bbox 1210 3011 1370 3090; x_wconf 87' lang='lat' dir='ltr'><strong>permittat</strong></span> <span class='ocrx_word' id='word_1_299' title='bbox 1392 3012 1492 3092; x_wconf 89' lang='lat' dir='ltr'><strong>gentis</strong></span> <span class='ocrx_word' id='word_1_300' title='bbox 1514 3012 1664 3074; x_wconf 84' lang='lat' dir='ltr'><strong>humanae</strong></span> 
     </span>
     <span class='ocr_line' id='line_1_32' title="bbox 308 3093 1663 3182; baseline -0.001 -18"><span class='ocrx_word' id='word_1_301' title='bbox 308 3121 465 3182; x_wconf 85' lang='lat' dir='ltr'><strong>supremus</strong></span> <span class='ocrx_word' id='word_1_302' title='bbox 476 3093 521 3164; x_wconf 85' lang='lat' dir='ltr'><strong>&#39;et</strong></span> <span class='ocrx_word' id='word_1_303' title='bbox 542 3102 684 3182; x_wconf 89' lang='lat' dir='ltr'><strong>providus</strong></span> <span class='ocrx_word' id='word_1_304' title='bbox 708 3101 759 3162; x_wconf 92' lang='lat' dir='ltr'><strong>ille</strong></span> <span class='ocrx_word' id='word_1_305' title='bbox 783 3109 898 3174; x_wconf 87' lang='lat' dir='ltr'><strong>costos,</strong></span> <span class='ocrx_word' id='word_1_306' title='bbox 934 3109 966 3162; x_wconf 93' lang='lat' dir='ltr'><strong>et</strong></span> <span class='ocrx_word' id='word_1_307' title='bbox 993 3119 1122 3180; x_wconf 88' lang='lat' dir='ltr'><strong>quonam</strong></span> <span class='ocrx_word' id='word_1_308' title='bbox 1149 3099 1200 3162; x_wconf 91' lang='lat' dir='ltr'><strong>ille</strong></span> <span class='ocrx_word' id='word_1_309' title='bbox 1227 3101 1371 3177; x_wconf 87' lang='lat' dir='ltr'><strong>oonsilio,</strong></span> <span class='ocrx_word' id='word_1_310' title='bbox 1404 3101 1498 3164; x_wconf 89' lang='lat' dir='ltr'><strong>veluti</strong></span> <span class='ocrx_word' id='word_1_311' title='bbox 1530 3101 1663 3180; x_wconf 88' lang='lat' dir='ltr'><strong>prudens</strong></span> 
     </span>
     <span class='ocr_line' id='line_1_33' title="bbox 304 3189 1664 3271; baseline -0.001 -18"><span class='ocrx_word' id='word_1_312' title='bbox 304 3209 444 3271; x_wconf 88' lang='lat' dir='ltr'><strong>promus,</strong></span> <span class='ocrx_word' id='word_1_313' title='bbox 477 3191 534 3254; x_wconf 90' lang='lat' dir='ltr'><strong>hoc</strong></span> <span class='ocrx_word' id='word_1_314' title='bbox 563 3191 754 3270; x_wconf 89' lang='lat' dir='ltr'><strong>potissimum</strong></span> <span class='ocrx_word' id='word_1_315' title='bbox 777 3197 911 3269; x_wconf 89' lang='lat' dir='ltr'><strong>tempore</strong></span> <span class='ocrx_word' id='word_1_316' title='bbox 935 3189 1021 3251; x_wconf 90' lang='lat' dir='ltr'><strong>uobis</strong></span> <span class='ocrx_word' id='word_1_317' title='bbox 1053 3189 1170 3250; x_wconf 87' lang='lat' dir='ltr'><strong>isthaec</strong></span> <span class='ocrx_word' id='word_1_318' title='bbox 1194 3207 1328 3267; x_wconf 89' lang='lat' dir='ltr'><strong>operum</strong></span> <span class='ocrx_word' id='word_1_319' title='bbox 1348 3207 1467 3252; x_wconf 87' lang='lat' dir='ltr'><strong>suorum</strong></span> <span class='ocrx_word' id='word_1_320' title='bbox 1491 3189 1664 3268; x_wconf 88' lang='lat' dir='ltr'><strong>penetralia</strong></span> 
     </span>
     <span class='ocr_line' id='line_1_34' title="bbox 304 3275 1660 3361; baseline 0 -21"><span class='ocrx_word' id='word_1_321' title='bbox 304 3280 430 3361; x_wconf 89' lang='lat' dir='ltr'><strong>pandat,</strong></span> <span class='ocrx_word' id='word_1_322' title='bbox 462 3280 540 3360; x_wconf 92' lang='lat' dir='ltr'><strong>qood</strong></span> <span class='ocrx_word' id='word_1_323' title='bbox 564 3297 707 3359; x_wconf 82' lang='lat' dir='ltr'><strong>congerro</strong></span> <span class='ocrx_word' id='word_1_324' title='bbox 731 3287 835 3340; x_wconf 90' lang='lat' dir='ltr'><strong>noster</strong></span> <span class='ocrx_word' id='word_1_325' title='bbox 858 3279 990 3339; x_wconf 86' lang='lat' dir='ltr'><strong>Thomas</strong></span> <span class='ocrx_word' id='word_1_326' title='bbox 1014 3275 1184 3357; x_wconf 89' lang='lat' dir='ltr'><strong>Segethus,</strong></span> <span class='ocrx_word' id='word_1_327' title='bbox 1218 3277 1375 3357; x_wconf 89' lang='lat' dir='ltr'><strong>multiplici</strong></span> <span class='ocrx_word' id='word_1_328' title='bbox 1406 3278 1452 3340; x_wconf 89' lang='lat' dir='ltr'><strong>vir</strong></span> <span class='ocrx_word' id='word_1_329' title='bbox 1483 3277 1660 3350; x_wconf 86' lang='lat' dir='ltr'><strong>eruditione,</strong></span> 
     </span>
     <span class='ocr_line' id='line_1_35' title="bbox 305 3366 1661 3448; baseline -0.001 -16"><span class='ocrx_word' id='word_1_330' title='bbox 305 3368 414 3443; x_wconf 83' lang='lat' dir='ltr'><strong>movit3</strong></span> <span class='ocrx_word' id='word_1_331' title='bbox 453 3375 507 3428; x_wconf 91' lang='lat' dir='ltr'><strong>ant</strong></span> <span class='ocrx_word' id='word_1_332' title='bbox 529 3369 569 3442; x_wconf 86' lang='lat' dir='ltr'><strong>si,</strong></span> <span class='ocrx_word' id='word_1_333' title='bbox 604 3367 682 3448; x_wconf 90' lang='lat' dir='ltr'><strong>quod</strong></span> <span class='ocrx_word' id='word_1_334' title='bbox 705 3385 762 3447; x_wconf 88' lang='lat' dir='ltr'><strong>ego</strong></span> <span class='ocrx_word' id='word_1_335' title='bbox 785 3367 945 3446; x_wconf 85' lang='lat' dir='ltr'><strong>respondi,</strong></span> <span class='ocrx_word' id='word_1_336' title='bbox 971 3367 1054 3428; x_wconf 89' lang='lat' dir='ltr'><strong>Deus</strong></span> <span class='ocrx_word' id='word_1_337' title='bbox 1087 3366 1223 3429; x_wconf 88' lang='lat' dir='ltr'><strong>conditor</strong></span> <span class='ocrx_word' id='word_1_338' title='bbox 1242 3366 1477 3440; x_wconf 84' lang='lat' dir='ltr'><strong>¹universitatem</strong></span> <span class='ocrx_word' id='word_1_339' title='bbox 1510 3366 1661 3430; x_wconf 87' lang='lat' dir='ltr'><strong>hominum</strong></span> 
     </span>
     <span class='ocr_line' id='line_1_36' title="bbox 305 3455 1661 3538; baseline 0.001 -21"><span class='ocrx_word' id='word_1_340' title='bbox 305 3457 399 3520; x_wconf 84' lang='lat' dir='ltr'><strong>veluti</strong></span> <span class='ocrx_word' id='word_1_341' title='bbox 423 3457 569 3538; x_wconf 89' lang='lat' dir='ltr'><strong>quendam</strong></span> <span class='ocrx_word' id='word_1_342' title='bbox 593 3463 834 3518; x_wconf 88' lang='lat' dir='ltr'><strong>succrescentem</strong></span> <span class='ocrx_word' id='word_1_343' title='bbox 852 3463 890 3517; x_wconf 69' lang='lat' dir='ltr'><strong>&#39;et</strong></span> <span class='ocrx_word' id='word_1_344' title='bbox 912 3455 1064 3535; x_wconf 72' lang='lat' dir='ltr'><strong>paulatim¹</strong></span> <span class='ocrx_word' id='word_1_345' title='bbox 1086 3463 1339 3516; x_wconf 87' lang='lat' dir='ltr'><strong>maturescentem</strong></span> <span class='ocrx_word' id='word_1_346' title='bbox 1357 3457 1513 3534; x_wconf 88' lang='lat' dir='ltr'><strong>puerulum</strong></span> <span class='ocrx_word' id='word_1_347' title='bbox 1536 3473 1661 3518; x_wconf 87' lang='lat' dir='ltr'><strong>sncces-</strong></span> 
     </span>
     <span class='ocr_line' id='line_1_37' title="bbox 304 3543 1660 3624; baseline -0.002 -16"><span class='ocrx_word' id='word_1_348' title='bbox 304 3545 368 3608; x_wconf 88' lang='lat' dir='ltr'><strong>sive</strong></span> <span class='ocrx_word' id='word_1_349' title='bbox 383 3545 421 3608; x_wconf 87' lang='lat' dir='ltr'><strong>ab</strong></span> <span class='ocrx_word' id='word_1_350' title='bbox 436 3544 504 3608; x_wconf 91' lang='lat' dir='ltr'><strong>aliis</strong></span> <span class='ocrx_word' id='word_1_351' title='bbox 528 3546 567 3614; x_wconf 85' lang='lat' dir='ltr'><strong>ad</strong></span> <span class='ocrx_word' id='word_1_352' title='bbox 592 3543 652 3606; x_wconf 83' lang='lat' dir='ltr'><strong>alia</strong></span> <span class='ocrx_word' id='word_1_353' title='bbox 670 3545 881 3623; x_wconf 87' lang='lat' dir='ltr'><strong>cognoscenda</strong></span> <span class='ocrx_word' id='word_1_354' title='bbox 904 3543 986 3606; x_wconf 91' lang='lat' dir='ltr'><strong>ducit</strong></span> <span class='ocrx_word' id='word_1_355' title='bbox 1009 3543 1069 3617; x_wconf 90' lang='lat' dir='ltr'><strong>(uti</strong></span> <span class='ocrx_word' id='word_1_356' title='bbox 1093 3543 1212 3623; x_wconf 92' lang='lat' dir='ltr'><strong>quidem</strong></span> <span class='ocrx_word' id='word_1_357' title='bbox 1234 3550 1354 3622; x_wconf 85' lang='lat' dir='ltr'><strong>teinpus</strong></span> <span class='ocrx_word' id='word_1_358' title='bbox 1376 3552 1454 3619; x_wconf 89' lang='lat' dir='ltr'><strong>erat,</strong></span> <span class='ocrx_word' id='word_1_359' title='bbox 1480 3563 1545 3606; x_wconf 89' lang='lat' dir='ltr'><strong>cum</strong></span> <span class='ocrx_word' id='word_1_360' title='bbox 1568 3543 1660 3624; x_wconf 91' lang='lat' dir='ltr'><strong>igno-</strong></span> 
     </span>
     <span class='ocr_line' id='line_1_38' title="bbox 301 3633 1660 3715; baseline -0.001 -19"><span class='ocrx_word' id='word_1_361' title='bbox 301 3642 419 3697; x_wconf 87' lang='lat' dir='ltr'><strong>raretur</strong></span> <span class='ocrx_word' id='word_1_362' title='bbox 441 3635 630 3714; x_wconf 87' lang='lat' dir='ltr'><strong>planetarum</strong></span> <span class='ocrx_word' id='word_1_363' title='bbox 663 3655 681 3695; x_wconf 88' lang='lat' dir='ltr'><strong>a</strong></span> <span class='ocrx_word' id='word_1_364' title='bbox 713 3633 780 3694; x_wconf 84' lang='lat' dir='ltr'><strong>lixis</strong></span> <span class='ocrx_word' id='word_1_365' title='bbox 811 3633 970 3694; x_wconf 88' lang='lat' dir='ltr'><strong>discrimen</strong></span> <span class='ocrx_word' id='word_1_366' title='bbox 1000 3641 1032 3694; x_wconf 91' lang='lat' dir='ltr'><strong>et</strong></span> <span class='ocrx_word' id='word_1_367' title='bbox 1060 3651 1128 3694; x_wconf 92' lang='lat' dir='ltr'><strong>sero</strong></span> <span class='ocrx_word' id='word_1_368' title='bbox 1159 3633 1320 3694; x_wconf 86' lang='lat' dir='ltr'><strong>admodum</strong></span> <span class='ocrx_word' id='word_1_369' title='bbox 1349 3633 1566 3715; x_wconf 81' lang='lat' dir='ltr'><strong>aPythagora</strong></span> <span class='ocrx_word' id='word_1_370' title='bbox 1593 3633 1660 3695; x_wconf 88' lang='lat' dir='ltr'><strong>sive</strong></span> 
     </span>
     <span class='ocr_line' id='line_1_39' title="bbox 301 3720 1660 3800; baseline -0.001 -14"><span class='ocrx_word' id='word_1_371' title='bbox 301 3723 481 3787; x_wconf 88' lang='lat' dir='ltr'><strong>Parmenide</strong></span> <span class='ocrx_word' id='word_1_372' title='bbox 515 3722 772 3795; x_wconf 88' lang='lat' dir='ltr'><strong>animadversum,</strong></span> <span class='ocrx_word' id='word_1_373' title='bbox 804 3722 932 3783; x_wconf 88' lang='lat' dir='ltr'><strong>eundem</strong></span> <span class='ocrx_word' id='word_1_374' title='bbox 962 3741 1030 3782; x_wconf 89' lang='lat' dir='ltr'><strong>esse</strong></span> <span class='ocrx_word' id='word_1_375' title='bbox 1054 3720 1223 3800; x_wconf 89' lang='lat' dir='ltr'><strong>Vespernm</strong></span> <span class='ocrx_word' id='word_1_376' title='bbox 1254 3727 1287 3782; x_wconf 88' lang='lat' dir='ltr'><strong>et</strong></span> <span class='ocrx_word' id='word_1_377' title='bbox 1308 3720 1497 3795; x_wconf 70' lang='lat' dir='ltr'><strong>Luciferum</strong></span> <span class='ocrx_word' id='word_1_378' title='bbox 1539 3741 1595 3784; x_wconf 91' lang='lat' dir='ltr'><strong>uec</strong></span> <span class='ocrx_word' id='word_1_379' title='bbox 1627 3721 1660 3784; x_wconf 89' lang='lat' dir='ltr'><strong>in</strong></span> 
     </span>
     <span class='ocr_line' id='line_1_40' title="bbox 301 3810 1659 3890; baseline -0.003 -16"><span class='ocrx_word' id='word_1_380' title='bbox 301 3813 399 3889; x_wconf 89' lang='lat' dir='ltr'><strong>Mose,</strong></span> <span class='ocrx_word' id='word_1_381' title='bbox 424 3811 501 3874; x_wconf 86' lang='lat' dir='ltr'><strong>Jobe</strong></span> <span class='ocrx_word' id='word_1_382' title='bbox 526 3819 580 3874; x_wconf 89' lang='lat' dir='ltr'><strong>aut</strong></span> <span class='ocrx_word' id='word_1_383' title='bbox 601 3811 732 3872; x_wconf 88' lang='lat' dir='ltr'><strong>Psalmis</strong></span> <span class='ocrx_word' id='word_1_384' title='bbox 755 3811 818 3872; x_wconf 90' lang='lat' dir='ltr'><strong>ulla</strong></span> <span class='ocrx_word' id='word_1_385' title='bbox 840 3810 951 3873; x_wconf 88' lang='lat' dir='ltr'><strong>mentio</strong></span> <span class='ocrx_word' id='word_1_386' title='bbox 975 3812 1194 3889; x_wconf 87' lang='lat' dir='ltr'><strong>planetarnm);</strong></span> <span class='ocrx_word' id='word_1_387' title='bbox 1219 3811 1387 3889; x_wconf 86' lang='lat' dir='ltr'><strong>perpendat</strong></span> <span class='ocrx_word' id='word_1_388' title='bbox 1409 3810 1511 3890; x_wconf 87' lang='lat' dir='ltr'><strong>igitur·</strong></span> <span class='ocrx_word' id='word_1_389' title='bbox 1525 3820 1558 3873; x_wconf 88' lang='lat' dir='ltr'><strong>et</strong></span> <span class='ocrx_word' id='word_1_390' title='bbox 1580 3827 1659 3890; x_wconf 89' lang='lat' dir='ltr'><strong>quo-</strong></span> 
     </span>
     <span class='ocr_line' id='line_1_41' title="bbox 303 3899 1659 3982; baseline -0.001 -18"><span class='ocrx_word' id='word_1_391' title='bbox 303 3901 461 3964; x_wconf 85' lang='lat' dir='ltr'><strong>dammodo</strong></span> <span class='ocrx_word' id='word_1_392' title='bbox 486 3900 638 3982; x_wconf 75' lang='lat' dir='ltr'><strong>respiciat,</strong></span> <span class='ocrx_word' id='word_1_393' title='bbox 665 3917 817 3981; x_wconf 87' lang='lat' dir='ltr'><strong>quousque</strong></span> <span class='ocrx_word' id='word_1_394' title='bbox 840 3918 1033 3980; x_wconf 89' lang='lat' dir='ltr'><strong>progressum</strong></span> <span class='ocrx_word' id='word_1_395' title='bbox 1057 3899 1097 3960; x_wconf 88' lang='lat' dir='ltr'><strong>sit</strong></span> <span class='ocrx_word' id='word_1_396' title='bbox 1119 3899 1149 3961; x_wconf 90' lang='lat' dir='ltr'><strong>in</strong></span> <span class='ocrx_word' id='word_1_397' title='bbox 1165 3899 1336 3978; x_wconf 84' lang='lat' dir='ltr'><strong>cognitione</strong></span> <span class='ocrx_word' id='word_1_398' title='bbox 1352 3907 1487 3975; x_wconf 86' lang='lat' dir='ltr'><strong>naturae,</strong></span> <span class='ocrx_word' id='word_1_399' title='bbox 1514 3907 1659 3980; x_wconf 86' lang='lat' dir='ltr'><strong>quantum</strong></span> 
     </span>
     <span class='ocr_line' id='line_1_42' title="bbox 301 3987 1186 4070; baseline -0.003 -19"><span class='ocrx_word' id='word_1_400' title='bbox 301 3998 400 4053; x_wconf 87' lang='lat' dir='ltr'><strong>restet</strong></span> <span class='ocrx_word' id='word_1_401' title='bbox 423 3997 455 4051; x_wconf 89' lang='lat' dir='ltr'><strong>at</strong></span> <span class='ocrx_word' id='word_1_402' title='bbox 478 3990 547 4070; x_wconf 88' lang='lat' dir='ltr'><strong>quid</strong></span> <span class='ocrx_word' id='word_1_403' title='bbox 571 4007 659 4068; x_wconf 90' lang='lat' dir='ltr'><strong>porro</strong></span> <span class='ocrx_word' id='word_1_404' title='bbox 684 3989 918 4070; x_wconf 85' lang='lat' dir='ltr'><strong>exspectandum</strong></span> <span class='ocrx_word' id='word_1_405' title='bbox 942 3989 984 4049; x_wconf 90' lang='lat' dir='ltr'><strong>sit</strong></span> <span class='ocrx_word' id='word_1_406' title='bbox 1006 3987 1186 4050; x_wconf 90' lang='lat' dir='ltr'><strong>hominibus.</strong></span> 
     </span>
    </p>

    <p class='ocr_par' dir='ltr' id='par_1_8' title="bbox 297 4075 1659 4686">
     <span class='ocr_line' id='line_1_43' title="bbox 390 4075 1658 4156; baseline -0.004 -14"><span class='ocrx_word' id='word_1_407' title='bbox 390 4077 452 4142; x_wconf 91' lang='lat' dir='ltr'><strong>Sed</strong></span> <span class='ocrx_word' id='word_1_408' title='bbox 476 4079 515 4140; x_wconf 92' lang='lat' dir='ltr'><strong>ad</strong></span> <span class='ocrx_word' id='word_1_409' title='bbox 539 4077 710 4139; x_wconf 89' lang='lat' dir='ltr'><strong>humiliores</strong></span> <span class='ocrx_word' id='word_1_410' title='bbox 734 4077 934 4156; x_wconf 85' lang='lat' dir='ltr'><strong>cogitationes</strong></span> <span class='ocrx_word' id='word_1_411' title='bbox 958 4077 1117 4140; x_wconf 87' lang='lat' dir='ltr'><strong>redeamus</strong></span> <span class='ocrx_word' id='word_1_412' title='bbox 1140 4084 1173 4137; x_wconf 90' lang='lat' dir='ltr'><strong>et</strong></span> <span class='ocrx_word' id='word_1_413' title='bbox 1196 4075 1275 4156; x_wconf 91' lang='lat' dir='ltr'><strong>quod</strong></span> <span class='ocrx_word' id='word_1_414' title='bbox 1294 4081 1433 4153; x_wconf 91' lang='lat' dir='ltr'><strong>coeptum</strong></span> <span class='ocrx_word' id='word_1_415' title='bbox 1448 4075 1658 4138; x_wconf 85' lang='lat' dir='ltr'><strong>absolvamus.</strong></span> 
     </span>
     <span class='ocr_line' id='line_1_44' title="bbox 301 4160 1656 4246; baseline -0.004 -16"><span class='ocrx_word' id='word_1_416' title='bbox 301 4165 338 4230; x_wconf 89' lang='lat' dir='ltr'><strong>Si</strong></span> <span class='ocrx_word' id='word_1_417' title='bbox 361 4169 439 4230; x_wconf 89' lang='lat' dir='ltr'><strong>enim</strong></span> <span class='ocrx_word' id='word_1_418' title='bbox 462 4160 484 4227; x_wconf 83' lang='lat'>4</span> <span class='ocrx_word' id='word_1_419' title='bbox 508 4165 648 4246; x_wconf 89' lang='lat' dir='ltr'><strong>planetae</strong></span> <span class='ocrx_word' id='word_1_420' title='bbox 671 4165 778 4227; x_wconf 88' lang='lat' dir='ltr'><strong>Joveru</strong></span> <span class='ocrx_word' id='word_1_421' title='bbox 803 4164 1063 4230; x_wconf 87' lang='lat' dir='ltr'><strong>circumcursitant</strong></span> <span class='ocrx_word' id='word_1_422' title='bbox 1086 4163 1258 4243; x_wconf 86' lang='lat' dir='ltr'><strong>disparibus</strong></span> <span class='ocrx_word' id='word_1_423' title='bbox 1286 4163 1456 4227; x_wconf 87' lang='lat' dir='ltr'><strong>intervallis</strong></span> <span class='ocrx_word' id='word_1_424' title='bbox 1481 4172 1512 4226; x_wconf 91' lang='lat' dir='ltr'><strong>et</strong></span> <span class='ocrx_word' id='word_1_425' title='bbox 1535 4172 1656 4242; x_wconf 87' lang='lat' dir='ltr'><strong>tempo-</strong></span> 
     </span>
     <span class='ocr_line' id='line_1_45' title="bbox 298 4252 1658 4337; baseline -0.003 -19"><span class='ocrx_word' id='word_1_426' title='bbox 298 4255 391 4332; x_wconf 84' lang='lat' dir='ltr'><strong>ribus,</strong></span> <span class='ocrx_word' id='word_1_427' title='bbox 416 4255 570 4337; x_wconf 89' lang='lat' dir='ltr'><strong>quaeritur</strong></span> <span class='ocrx_word' id='word_1_428' title='bbox 593 4255 638 4315; x_wconf 90' lang='lat' dir='ltr'><strong>cui</strong></span> <span class='ocrx_word' id='word_1_429' title='bbox 659 4252 748 4328; x_wconf 89' lang='lat' dir='ltr'><strong>bono,</strong></span> <span class='ocrx_word' id='word_1_430' title='bbox 774 4253 800 4315; x_wconf 92' lang='lat' dir='ltr'><strong>si</strong></span> <span class='ocrx_word' id='word_1_431' title='bbox 824 4253 895 4315; x_wconf 90' lang='lat' dir='ltr'><strong>nulli</strong></span> <span class='ocrx_word' id='word_1_432' title='bbox 919 4261 987 4314; x_wconf 90' lang='lat' dir='ltr'><strong>sunt</strong></span> <span class='ocrx_word' id='word_1_433' title='bbox 1011 4255 1042 4315; x_wconf 92' lang='lat' dir='ltr'><strong>in</strong></span> <span class='ocrx_word' id='word_1_434' title='bbox 1057 4252 1143 4315; x_wconf 87' lang='lat' dir='ltr'><strong>Jovis</strong></span> <span class='ocrx_word' id='word_1_435' title='bbox 1158 4253 1258 4332; x_wconf 87' lang='lat' dir='ltr'><strong>globo,</strong></span> <span class='ocrx_word' id='word_1_436' title='bbox 1276 4253 1325 4334; x_wconf 93' lang='lat' dir='ltr'><strong>qui</strong></span> <span class='ocrx_word' id='word_1_437' title='bbox 1349 4252 1556 4314; x_wconf 85' lang='lat' dir='ltr'><strong>admirandam</strong></span> <span class='ocrx_word' id='word_1_438' title='bbox 1579 4252 1658 4314; x_wconf 88' lang='lat' dir='ltr'><strong>hauc</strong></span> 
     </span>
     <span class='ocr_line' id='line_1_46' title="bbox 297 4339 1657 4423; baseline 0 -19"><span class='ocrx_word' id='word_1_439' title='bbox 297 4347 479 4409; x_wconf 84' lang='lat' dir='ltr'><strong>varietatem</strong></span> <span class='ocrx_word' id='word_1_440' title='bbox 502 4343 565 4405; x_wconf 89' lang='lat' dir='ltr'><strong>suis</strong></span> <span class='ocrx_word' id='word_1_441' title='bbox 589 4351 695 4404; x_wconf 91' lang='lat' dir='ltr'><strong>notent</strong></span> <span class='ocrx_word' id='word_1_442' title='bbox 718 4341 836 4404; x_wconf 86' lang='lat' dir='ltr'><strong>oculis?</strong></span> <span class='ocrx_word' id='word_1_443' title='bbox 874 4342 955 4404; x_wconf 91' lang='lat' dir='ltr'><strong>Nam</strong></span> <span class='ocrx_word' id='word_1_444' title='bbox 979 4343 1057 4423; x_wconf 92' lang='lat' dir='ltr'><strong>quod</strong></span> <span class='ocrx_word' id='word_1_445' title='bbox 1080 4361 1135 4404; x_wconf 92' lang='lat' dir='ltr'><strong>nos</strong></span> <span class='ocrx_word' id='word_1_446' title='bbox 1158 4342 1188 4402; x_wconf 92' lang='lat' dir='ltr'><strong>in</strong></span> <span class='ocrx_word' id='word_1_447' title='bbox 1213 4341 1270 4403; x_wconf 89' lang='lat' dir='ltr'><strong>hac</strong></span> <span class='ocrx_word' id='word_1_448' title='bbox 1289 4342 1384 4404; x_wconf 88' lang='lat' dir='ltr'><strong>Terra</strong></span> <span class='ocrx_word' id='word_1_449' title='bbox 1407 4339 1528 4415; x_wconf 90' lang='lat' dir='ltr'><strong>attinet,</strong></span> <span class='ocrx_word' id='word_1_450' title='bbox 1553 4341 1657 4404; x_wconf 87' lang='lat' dir='ltr'><strong>nescio</strong></span> 
     </span>
     <span class='ocr_line' id='line_1_47' title="bbox 299 4428 1659 4514; baseline -0.001 -20"><span class='ocrx_word' id='word_1_451' title='bbox 299 4435 404 4514; x_wconf 88' lang='lat' dir='ltr'><strong>quibus</strong></span> <span class='ocrx_word' id='word_1_452' title='bbox 427 4432 595 4496; x_wconf 88' lang='lat' dir='ltr'><strong>rationibus</strong></span> <span class='ocrx_word' id='word_1_453' title='bbox 619 4432 686 4512; x_wconf 91' lang='lat' dir='ltr'><strong>quis</strong></span> <span class='ocrx_word' id='word_1_454' title='bbox 710 4430 781 4492; x_wconf 89' lang='lat' dir='ltr'><strong>mihi</strong></span> <span class='ocrx_word' id='word_1_455' title='bbox 803 4431 1004 4508; x_wconf 89' lang='lat' dir='ltr'><strong>persuadeat,</strong></span> <span class='ocrx_word' id='word_1_456' title='bbox 1037 4438 1071 4492; x_wconf 91' lang='lat' dir='ltr'><strong>nt</strong></span> <span class='ocrx_word' id='word_1_457' title='bbox 1102 4431 1170 4494; x_wconf 89' lang='lat' dir='ltr'><strong>illos</strong></span> <span class='ocrx_word' id='word_1_458' title='bbox 1204 4429 1289 4492; x_wconf 89' lang='lat' dir='ltr'><strong>nobis</strong></span> <span class='ocrx_word' id='word_1_459' title='bbox 1321 4429 1513 4510; x_wconf 89' lang='lat' dir='ltr'><strong>potissimum</strong></span> <span class='ocrx_word' id='word_1_460' title='bbox 1542 4428 1659 4492; x_wconf 79' lang='lat' dir='ltr'><strong>servire</strong></span> 
     </span>
     <span class='ocr_line' id='line_1_48' title="bbox 297 4518 1656 4602; baseline -0.001 -20"><span class='ocrx_word' id='word_1_461' title='bbox 297 4523 435 4598; x_wconf 89' lang='lat' dir='ltr'><strong>credam,</strong></span> <span class='ocrx_word' id='word_1_462' title='bbox 471 4521 520 4602; x_wconf 90' lang='lat' dir='ltr'><strong>qui</strong></span> <span class='ocrx_word' id='word_1_463' title='bbox 549 4520 618 4582; x_wconf 92' lang='lat' dir='ltr'><strong>illos</strong></span> <span class='ocrx_word' id='word_1_464' title='bbox 641 4537 790 4600; x_wconf 90' lang='lat' dir='ltr'><strong>nunqnam</strong></span> <span class='ocrx_word' id='word_1_465' title='bbox 814 4519 1029 4599; x_wconf 88' lang='lat' dir='ltr'><strong>conspicimns;</strong></span> <span class='ocrx_word' id='word_1_466' title='bbox 1058 4537 1155 4600; x_wconf 85' lang='lat' dir='ltr'><strong>neque</strong></span> <span class='ocrx_word' id='word_1_467' title='bbox 1178 4525 1226 4579; x_wconf 87' lang='lat' dir='ltr'><strong>est</strong></span> <span class='ocrx_word' id='word_1_468' title='bbox 1249 4519 1500 4598; x_wconf 86' lang='lat' dir='ltr'><strong>exspectandum,</strong></span> <span class='ocrx_word' id='word_1_469' title='bbox 1532 4525 1566 4581; x_wconf 90' lang='lat' dir='ltr'><strong>nt</strong></span> <span class='ocrx_word' id='word_1_470' title='bbox 1593 4518 1656 4580; x_wconf 85' lang='lat' dir='ltr'><strong>tuis</strong></span> 
     </span>
     <span class='ocr_line' id='line_1_49' title="bbox 298 4605 1607 4686; baseline -0.005 -13"><span class='ocrx_word' id='word_1_471' title='bbox 298 4605 437 4673; x_wconf 85' lang='lat' dir='ltr'><strong>Galilaea</strong></span> <span class='ocrx_word' id='word_1_472' title='bbox 461 4609 631 4672; x_wconf 87' lang='lat' dir='ltr'><strong>ocularibus</strong></span> <span class='ocrx_word' id='word_1_473' title='bbox 654 4605 786 4670; x_wconf 89' lang='lat' dir='ltr'><strong>universi</strong></span> <span class='ocrx_word' id='word_1_474' title='bbox 808 4605 948 4669; x_wconf 88' lang='lat' dir='ltr'><strong>instructi</strong></span> <span class='ocrx_word' id='word_1_475' title='bbox 971 4608 1040 4669; x_wconf 90' lang='lat' dir='ltr'><strong>illos</strong></span> <span class='ocrx_word' id='word_1_476' title='bbox 1062 4625 1152 4686; x_wconf 89' lang='lat' dir='ltr'><strong>porro</strong></span> <span class='ocrx_word' id='word_1_477' title='bbox 1176 4607 1266 4686; x_wconf 88' lang='lat' dir='ltr'><strong>vulgo</strong></span> <span class='ocrx_word' id='word_1_478' title='bbox 1291 4607 1480 4669; x_wconf 87' lang='lat' dir='ltr'><strong>observaturi</strong></span> <span class='ocrx_word' id='word_1_479' title='bbox 1502 4606 1607 4669; x_wconf 85' lang='lat' dir='ltr'><strong>simus.</strong></span> 
     </span>
    </p>

    <p class='ocr_par' dir='ltr' id='par_1_9' title="bbox 258 4693 1655 4865">
     <span class='ocr_line' id='line_1_50' title="bbox 385 4693 1655 4777; baseline -0.003 -15"><span class='ocrx_word' id='word_1_480' title='bbox 385 4700 453 4762; x_wconf 90' lang='lat' dir='ltr'><strong>Uno</strong></span> <span class='ocrx_word' id='word_1_481' title='bbox 484 4698 552 4759; x_wconf 90' lang='lat' dir='ltr'><strong>loco</strong></span> <span class='ocrx_word' id='word_1_482' title='bbox 582 4705 748 4777; x_wconf 88' lang='lat' dir='ltr'><strong>opportune</strong></span> <span class='ocrx_word' id='word_1_483' title='bbox 777 4694 992 4758; x_wconf 85' lang='lat' dir='ltr'><strong>occurrendum</strong></span> <span class='ocrx_word' id='word_1_484' title='bbox 1023 4697 1098 4758; x_wconf 89' lang='lat' dir='ltr'><strong>duco</strong></span> <span class='ocrx_word' id='word_1_485' title='bbox 1130 4696 1221 4757; x_wconf 88' lang='lat' dir='ltr'><strong>etiam</strong></span> <span class='ocrx_word' id='word_1_486' title='bbox 1250 4694 1302 4757; x_wconf 91' lang='lat' dir='ltr'><strong>alii</strong></span> <span class='ocrx_word' id='word_1_487' title='bbox 1331 4697 1448 4758; x_wconf 90' lang='lat' dir='ltr'><strong>cuidam</strong></span> <span class='ocrx_word' id='word_1_488' title='bbox 1478 4693 1655 4775; x_wconf 71' lang='lat' dir='ltr'><strong>suspicioni,</strong></span> 
     </span>
     <span class='ocr_line' id='line_1_51' title="bbox 258 4782 1655 4865; baseline -0.001 -19"><span class='ocrx_word' id='word_1_489' title='bbox 258 4807 263 4810; x_wconf 95' lang='lat'>·</span> <span class='ocrx_word' id='word_1_490' title='bbox 296 4783 393 4849; x_wconf 83' lang='lat' dir='ltr'><strong>Erunt</strong></span> <span class='ocrx_word' id='word_1_491' title='bbox 407 4787 494 4860; x_wconf 90' lang='lat' dir='ltr'><strong>enim,</strong></span> <span class='ocrx_word' id='word_1_492' title='bbox 520 4785 626 4864; x_wconf 89' lang='lat' dir='ltr'><strong>quibus</strong></span> <span class='ocrx_word' id='word_1_493' title='bbox 650 4803 729 4846; x_wconf 90' lang='lat' dir='ltr'><strong>vana</strong></span> <span class='ocrx_word' id='word_1_494' title='bbox 752 4783 891 4844; x_wconf 88' lang='lat' dir='ltr'><strong>videatur</strong></span> <span class='ocrx_word' id='word_1_495' title='bbox 914 4783 1081 4865; x_wconf 87' lang='lat' dir='ltr'><strong>astrologia</strong></span> <span class='ocrx_word' id='word_1_496' title='bbox 1104 4791 1211 4846; x_wconf 88' lang='lat' dir='ltr'><strong>nostra</strong></span> <span class='ocrx_word' id='word_1_497' title='bbox 1230 4785 1393 4858; x_wconf 88' lang='lat' dir='ltr'><strong>terrestris,</strong></span> <span class='ocrx_word' id='word_1_498' title='bbox 1418 4802 1472 4846; x_wconf 90' lang='lat' dir='ltr'><strong>seu</strong></span> <span class='ocrx_word' id='word_1_499' title='bbox 1495 4791 1530 4846; x_wconf 91' lang='lat' dir='ltr'><strong>ut</strong></span> <span class='ocrx_word' id='word_1_500' title='bbox 1550 4782 1655 4862; x_wconf 88' lang='lat' dir='ltr'><strong>philo-</strong></span> 
     </span>
    </p>
   </div>
   <div class='ocr_carea' id='block_1_5' title="bbox 0 0 1852 5528">
    <p class='ocr_par' dir='ltr' id='par_1_10' title="bbox 0 0 1852 5528">
     <span class='ocr_line' id='line_1_52' title="bbox 0 0 1852 5528; baseline 0 9"><span class='ocrx_word' id='word_1_501' title='bbox 0 0 1852 5528; x_wconf 95' lang='lat' dir='ltr'><strong> </strong></span> 
     </span>
    </p>
   </div>
  </div>
 </body>
</html>
