3700 5530
756 249 838 314 emur
855 248 901 298 vr.
923 246 964 298 re.
1468 249 1535 318 295

170 425 209 488 ad
224 425 383 488 Venerem
408 432 476 488 octe
500 425 620 488 circiter
642 428 764 506 gradus,
790 433 822 488 et
844 434 970 506 utraque
992 445 1047 507 per
1068 427 1194 488 eandem
1208 429 1372 490 fenestram
1390 428 1534 504 radiaret,

173 514 357 578 videbantur
382 514 535 594 utriusque
559 516 636 578 radii
659 517 689 578 in
713 517 789 578 satis
813 515 945 578 evidenti
963 515 1166 596 proportione,
1191 516 1235 579 sic
1259 524 1293 577 ut
1306 517 1393 580 Luna
1416 519 1534 599 quidem

175 603 263 668 multo
287 601 404 664 clarius
428 602 591 666 irradiaret
614 623 703 684 quam
727 606 851 680 Venus,
876 625 949 668 sane
973 606 1043 684 quia
1066 612 1097 666 et
1120 604 1218 684 majus
1243 625 1281 666 ea
1303 625 1394 668 cornu
1417 607 1532 684 Lunae,

176 693 230 756 sed
252 701 354 754 tamen
380 691 504 754 evidens
524 701 608 756 esset
627 693 783 756 distinctio
798 692 951 773 marginis,
976 693 1025 756 ubi
1041 694 1260 756 concurrebant
1279 695 1354 756 radii
1369 695 1533 776 utriusque,

175 804 194 844 a
223 781 412 860 marginibus
445 781 538 844 solius
567 783 707 846 Veneris.
754 783 982 862 Propertionem
1018 781 1213 862 conjiciebam
1245 783 1394 846 claritatis
1427 805 1532 866 snper-

172 869 315 944 fictarum,
342 889 419 950 quae
442 891 461 931 a
483 871 586 946 Luna,
611 891 687 951 quae
712 895 730 933 a
754 874 894 944 Venere,
928 882 1059 951 atquae
1084 871 1122 934 ab
1147 878 1272 952 utraque
1300 871 1532 948 illuminabatur,

172 979 238 1020 eam
262 978 340 1038 quae
365 966 413 1020 est
436 955 458 1020 4
481 961 521 1022 ad
547 959 560 1021 l
589 969 621 1020 et
640 957 670 1024 5.
704 961 881 1024 Undulabat
900 961 1001 1022 radius
1024 959 1155 1022 Veneris
1178 961 1347 1040 plurimum,
1372 969 1406 1022 at
1428 962 1533 1024 Lunae

170 1049 262 1128 plane
286 1047 372 1111 nihil.
419 1047 501 1126 Ergo
526 1048 656 1112 ethaeo
689 1058 722 1112 et
752 1049 886 1130 superior·
919 1049 1076 1112 undulatio
1105 1049 1224 1112 fuerunt
1256 1071 1275 1110 a
1306 1050 1380 1111 reali
1404 1049 1534 1112 Veneris

169 1135 410 1210 scintillatione;
440 1155 497 1198 non
521 1156 592 1199 vero
624 1146 659 1199 ut
686 1139 872 1202 credideram
901 1158 939 1200 cx
972 1145 1041 1202 aere
1061 1139 1125 1218 jam
1149 1139 1179 1200 iu
1203 1145 1323 1201 ventum
1348 1145 1533 1201 transeunte.

170 1225 361 1288 Attiuuisset
384 1225 463 1288 enim
486 1233 519 1289 et
540 1225 669 1289 Lunam.

261 1315 355 1376 Porro
387 1314 464 1376 hanc
497 1315 534 1375 de
567 1315 726 1378 luminibus
759 1315 904 1390 siderum,
940 1315 1077 1396 quamvis
1114 1314 1270 1396 physicam
1306 1315 1405 1394 magis
1442 1333 1531 1398 qnam

170 1405 405 1466 astronomicam
429 1405 609 1466 mentionem
633 1414 719 1466 tanto
744 1405 886 1466 libentius
912 1405 1010 1485 injeci,
1034 1405 1111 1485 quod
1136 1423 1194 1466 nou
1219 1405 1403 1484 impossibile
1422 1403 1531 1466 existi-

170 1511 269 1566 mem,
295 1491 437 1562 Veneris,
458 1491 545 1556 Jovis
569 1494 753 1574 aliarumque
776 1495 934 1556 stellarum
958 1492 1110 1554 azimntha
1133 1500 1165 1554 et
1188 1493 1378 1558 altitudinem
1400 1511 1455 1574 per
1477 1511 1533 1556 sus

171 1581 201 1643 in
226 1581 361 1660 parietes
384 1580 471 1642 illata
495 1582 607 1644 lumina
629 1581 738 1644 metiri.
773 1582 845 1644 Vidi
869 1601 997 1662 namque
1022 1599 1099 1644 anno
1126 1578 1220 1646 1601.
1246 1601 1348 1645 mense
1371 1583 1530 1644 Decembri

170 1669 259 1732 Jovis
284 1678 317 1732 et
339 1669 440 1748 spicae
466 1670 601 1750 Virginis
625 1671 771 1732 distincta
794 1671 906 1734 lumina
935 1690 989 1752 per
1018 1671 1145 1732 eandem
1174 1671 1337 1734 fenestram
1367 1671 1398 1733 in
1426 1671 1532 1734 eodem

171 1759 242 1823 albo
265 1758 393 1841 pariete.
444 1757 570 1839 Cogitet
592 1762 628 1821 de
653 1760 709 1821 hac
733 1779 764 1822 re
789 1760 943 1822 studiosus
967 1759 1213 1822 observationum
1235 1759 1411 1822 coelestium
1440 1760 1530 1822 adhi-

172 1848 320 1928 beatque,
353 1847 380 1908 si
404 1865 478 1927 opus
502 1856 568 1924 est,
604 1849 696 1910 etiam
725 1849 848 1928 specula
876 1851 967 1928 plana
995 1847 1025 1910 in
1056 1867 1132 1928 quae
1166 1849 1359 1928 despiciatur.
1406 1847 1532 1929 Semper

173 1936 263 2012 enim,
289 1937 391 1998 nescio
415 1956 473 2017 quo
497 1946 597 2016 pacto,
624 1939 663 2000 ad
692 1938 917 2017 despiciendum
940 1937 1136 2018 procliviores
1159 1937 1343 2012 suntoculi,
1373 1957 1462 2018 qnam
1492 1937 1532 1998 ad

172 2025 406 2105 suspiciendum.

479 2229 482 2239 ,
573 2162 623 2228 13.
661 2165 712 2227 De
742 2173 961 2228 cometarum
990 2163 1133 2226 lumine.

263 2285 417 2358 Quidnam
440 2301 530 2366 esset,
557 2291 634 2372 quod
658 2298 840 2352 cometarum
863 2291 947 2352 iaces
963 2288 1151 2362 accenderet,
1175 2287 1252 2350 satis
1269 2289 1533 2369 ostendemntper

174 2377 230 2440 hoo
254 2377 387 2440 seculum
413 2379 562 2456 artifices3
592 2380 793 2460 deprehenso,
826 2390 1011 2442 cometarum
1034 2377 1145 2440 herbas
1169 2395 1288 2456 semper
1315 2379 1344 2439 io
1368 2380 1489 2458 plagam
1514 2398 1534 2440 a

175 2465 247 2528 Sole
271 2467 454 2528 contrariam
479 2469 595 2549 spargi,
629 2468 686 2528 nisi
711 2467 776 2530 Soli
799 2469 930 2548 oppositi
954 2477 1006 2530 aut
1029 2467 1169 2529 immanis
1193 2466 1362 2530 altitudinis
1391 2476 1534 2548 portenta

174 2575 245 2618 snas
271 2555 329 2635 ipsi
352 2557 466 2618 caudas
489 2559 537 2620 vel
569 2558 679 2620 barbas
713 2557 833 2636 objectu
867 2558 975 2638 capitis
1008 2557 1203 2618 occultarent
1249 2555 1403 2618 Exercent
1430 2564 1531 2620 tamen

175 2645 340 2706 etiamnum
364 2644 485 2724 ingenia
508 2647 753 2726 philosophorum
777 2666 834 2709 non
858 2646 1058 2708 mediocribus
1083 2643 1321 2706 difficultatibus.
1359 2645 1439 2706 Nem
1464 2645 1490 2708 si
1514 2664 1533 2705 a

174 2731 246 2796 Sole
271 2743 407 2796 cornetae
430 2734 647 2810 illuminantur,
674 2735 752 2816 quod
776 2735 890 2797 candae
914 2733 1063 2813 porrectio
1087 2733 1117 2796 io
1141 2751 1250 2812 genere
1274 2733 1374 2812 arguit
1397 2733 1531 2796 stratio

174 2831 410 2884 consentaneum
434 2823 501 2886 csse
525 2825 721 2904 pronunciat:
747 2845 799 2886 cur
823 2825 923 2905 itaque
949 2824 1063 2886 caudae
1086 2841 1143 2884 non
1168 2820 1304 2901 praecise
1328 2819 1409 2884 Solis
1434 2841 1531 2902 oppo-

174 2911 266 2974 sitnm
289 2911 473 2990 respiciunt?
496 2932 548 2974 cur
573 2915 634 2974 iere
658 2932 775 2993 semper
799 2914 962 2988 declinant,
987 2931 1038 2974 cur
1052 2919 1212 2975 curvantur
1235 2911 1265 2972 in
1280 2911 1405 2974 arcum?
1433 2910 1530 2972 Deni-

175 3019 232 3079 que
257 2999 398 3079 quidnam
422 3009 469 3062 est
492 3002 582 3076 illud,
607 3003 686 3080 quod
710 3001 791 3064 Solis
815 3002 931 3064 radium
955 3000 1067 3081 excipit
1091 3001 1212 3081 ejusque
1235 3000 1368 3084 impactu
1391 3000 1529 3080 resplen-

175 3088 275 3150 descit
297 3089 410 3150 caudae
429 3090 554 3170 figuram
569 3090 732 3152 exhibens?
755 3092 834 3153 Nam
849 3092 912 3152 sive
928 3090 1049 3162 dixeris,
1074 3089 1232 3152 materiam
1255 3089 1382 3184 eumad
1395 3098 1532 3151 cometae

175 3177 340 3238 essentiam
364 3188 562 3257 spectantem,
588 3181 834 3242 immanissimum
860 3180 1010 3242 effinxeris
1034 3187 1208 3240 monstrum.
1243 3177 1277 3240 Si
1300 3197 1404 3242 auram
1424 3179 1532 3240 aethe-

175 3265 274 3339 riam,
303 3285 430 3346 quaero,
463 3288 516 3330 cur
538 3269 592 3330 illa
614 3288 671 3330 nou
697 3270 828 3349 qnotidie
853 3291 871 3330 a
895 3267 966 3330 Sole
990 3268 1033 3330 sio
1057 3268 1251 3340 illuminetur,
1286 3277 1319 3328 ut
1341 3269 1536 3348 resplendeat

174 3355 224 3418 vel
248 3354 314 3416 sine
338 3357 478 3418 cometa?
510 3357 656 3438 Adeoque
676 3358 777 3439 tycho
801 3358 948 3432 Braheus,
973 3367 1053 3418 tomo
1077 3357 1208 3418 secundo
1232 3356 1534 3440 Progymnasmatnm

174 3462 241 3524 cap.
268 3441 298 3504 7.
324 3461 400 3522 pene
433 3445 462 3508 in
491 3446 569 3508 hanc
601 3448 754 3510 concessit
782 3447 978 3523 sententiam,
1004 3455 1037 3508 nt
1060 3445 1187 3508 caudam
1211 3454 1346 3508 cometae
1371 3467 1390 3508 a
1413 3447 1533 3508 Venere

173 3532 336 3594 illuminari
361 3533 483 3610 diceret,
509 3555 597 3616 qnam
621 3535 720 3615 ipsam
744 3545 846 3599 tamnu
869 3535 1026 3598 haesitans
1048 3535 1140 3615 paulo
1163 3543 1234 3615 post
1257 3535 1356 3615 capite
1377 3531 1408 3598 9.
1433 3535 1533 3596 incre·

173 3621 240 3702 puit
264 3620 453 3703 lectoresque
483 3626 522 3686 ad
545 3619 693 3687 rimanda*
715 3626 830 3704 optices
855 3645 967 3688 arcana
990 3633 1039 3686 est
1061 3625 1251 3686 adhortatus.
1297 3623 1421 3686 Utinam
1446 3624 1533 3684 salu·

173 3711 291 3773 taribus
316 3710 381 3790 ejus
405 3713 526 3774 monitis
549 3714 606 3776 hac
630 3713 694 3775 vice
718 3715 895 3777 satisfacere
919 3734 1051 3796 possem.

260 3800 306 3861 At
329 3801 399 3878 quia
423 3811 566 3881 quantum
589 3802 658 3864 volo
683 3822 740 3864 non
764 3821 896 3884 possum,
921 3805 1013 3866 liceat
1033 3821 1104 3881 ergo
1129 3808 1272 3881 quantum
1295 3818 1418 3880 possum
1441 3817 1531 3877 prae-

172 3896 269 3952 stare.
316 3886 449 3951 Primum
474 3911 511 3953 ex
534 3891 794 3954 observationibus
828 3901 962 3954 cometae
986 3893 1065 3955 illius
1095 3888 1297 3952 memorabilis
1330 3888 1400 3950 anni
1436 3885 1530 3950 1577.

172 3979 252 4040 satis
278 3991 423 4058 apparet,
456 3981 663 4060 quaestionem
687 3981 724 4044 de
747 3980 939 4044 inclinatione
968 3982 1060 4043 etde
1084 3985 1244 4042 curvatura
1267 3977 1381 4039 caudae
1405 3976 1532 4038 eandem

172 4087 251 4130 esse.
301 4065 401 4138 Quam
425 4070 503 4132 enim
529 4070 556 4132 iu
581 4081 698 4150 partem
722 4071 820 4132 canda
843 4071 1007 4132 declinavit
1028 4091 1048 4130 a
1069 4068 1215 4130 diametro
1236 4065 1328 4139 Solis,
1352 4067 1380 4127 iu
1406 4065 1533 4128 eandem

173 4167 204 4220 et
226 4158 324 4220 flexos
351 4157 506 4220 tendebat.
554 4158 606 4222 Sic
631 4160 708 4220 enim
732 4161 844 4220 diserte
867 4160 969 4240 Tycho
998 4178 1053 4220 nec
1081 4175 1138 4218 uno
1168 4158 1249 4219 loco:
1280 4163 1471 4218 curvaturam
1495 4155 1535 4216 ad

172 4248 282 4320 nenith,
308 4264 417 4308 cavum
442 4248 480 4308 ad
504 4249 689 4310 horizontem
704 4257 871 4327 spectasse,
897 4267 1020 4327 cunique
1036 4245 1282 4326 septentrionalia
1306 4251 1389 4306 esset
1403 4251 1531 4312 cometa,

172 4337 316 4416 angulum
340 4355 360 4396 a
383 4333 404 4398 3
428 4335 458 4398 in
483 4334 522 4400 9⁰
544 4338 688 4400 minorem
712 4337 807 4399 fuisse
830 4338 977 4416 producta
1000 4337 1114 4398 caudae
1130 4335 1210 4396 linea
1233 4334 1271 4394 ad
1286 4333 1451 4394 sectionem
1466 4351 1533 4394 cnm

172 4425 335 4506 ecliptica,
369 4443 459 4504 quam
483 4427 509 4488 si
533 4445 586 4506 per
614 4433 761 4506 caputet
785 4425 888 4488 Solem
912 4426 992 4486 linea
1020 4428 1192 4487 duceretur:
1228 4441 1284 4503 quo
1311 4429 1402 4501 pacto
1435 4421 1533 4482 cauda

171 4514 342 4578 diametrali
358 4512 441 4576 Solis
465 4515 544 4576 linea
567 4513 788 4577 meridionalior
812 4513 876 4576 fuit.
901 4515 1063 4577 Inclinatio
1088 4513 1178 4594 igitur·
1201 4532 1253 4574 seu
1269 4512 1403 4573 deflexus
1418 4510 1532 4573 caudae

169 4627 187 4669 a
210 4603 294 4669 Solis
321 4603 471 4666 diametro
495 4603 638 4666 estnihil
664 4605 743 4666 aliud
773 4625 861 4685 quarn
890 4624 961 4685 pars
985 4611 1171 4666 curvaturae.
1218 4603 1325 4682 Itaque
1349 4619 1425 4680 quae
1449 4607 1534 4662 recta

167 4695 284 4759 aSole
310 4701 457 4774 coeperat
478 4694 617 4774 produci,
643 4694 777 4756 omnibus
802 4693 938 4756 articulis
962 4695 1119 4756 incurvata
1141 4691 1263 4751 tandem
1287 4691 1418 4768 speciem
1441 4709 1534 4770 prae-

166 4787 232 4850 buit
263 4781 462 4848 declinantis.
509 4783 620 4858 Dicite,
643 4783 791 4860 Pierides,
823 4803 899 4864 qnae
923 4783 964 4847 sit
986 4801 1079 4846 cauea
1101 4779 1269 4848 inflexionis
1301 4779 1402 4862 hujus,
1435 4787 1467 4842 et
1498 4779 1535 4843 de
