3464 5524
306 169 351 240 56
724 175 823 226 thsrae
842 175 943 240 Kaplerl
963 175 1114 240 aliorumque
1133 181 1234 227 mutuae

307 365 356 419 tur
379 355 408 418 in
433 353 488 418 OD
514 362 545 418 et
561 353 632 431 Ea,
656 361 866 416 concurrentes
890 353 919 414 in
945 350 984 416 G,
1022 352 1092 416 Jam
1116 353 1194 416 oculi
1218 355 1266 417 vel
1290 360 1362 418 aunt
1383 353 1463 418 intra
1486 373 1660 418 concursum
1687 369 1692 380 ·

308 444 351 521 G,
377 452 412 508 ut
432 445 463 506 iu
486 445 592 520 K,·L,
617 443 665 504 vel
689 459 780 520 supra
801 461 989 518 concursum,
1015 450 1049 503 ut
1072 443 1101 504 in
1123 444 1150 516 I,
1176 444 1214 504 Η.
1262 445 1348 506 Duae
1372 444 1470 506 lineae
1488 444 1662 524 ,significent

308 535 484 598 distantiam
516 534 675 596 oculorum.
722 529 755 593 Si
784 529 902 606 intra,
940 539 1009 592 tunc
1040 531 1186 594 deberent
1218 533 1410 614 distorqueri,
1444 542 1480 594 ut
1502 531 1575 606 Kc,
1600 532 1661 608 LE,

308 625 387 704 quod
411 630 457 684 est
481 623 556 703 ipsis
580 619 779 701 impossibile;
805 620 918 682 duobus
943 619 1034 699 igitur
1049 621 1166 682 actibus
1181 621 1256 682 duas
1272 622 1376 684 vident
1397 621 1556 706 imagines.
1585 621 1661 683 Nam

306 713 336 774 K
360 713 389 773 iu
414 709 439 774 G
464 729 625 773 conversus
647 708 732 771 videt
755 711 800 783 A;
833 709 890 770 hoc
922 709 1011 770 flente
1035 711 1127 771 etiam
1150 711 1176 772 L
1200 710 1228 772 iu
1255 709 1280 774 C
1306 710 1491 772 convertitur
1515 719 1548 772 et
1571 708 1660 772 sieC

307 803 341 863 lit
364 802 446 864 locus
470 799 622 879 imaginis,
648 797 701 860 sed
726 798 774 858 uui
799 798 894 859 oculo.
932 797 990 859 Hic
1014 799 1097 860 locus
1113 796 1137 860 O
1156 799 1270 862 duobus
1295 798 1389 861 oculis
1412 799 1540 874 videtur,
1568 799 1660 876 imago

307 893 336 953 A
359 908 416 952 uno
435 890 479 962 K;
503 888 582 950 idern
606 886 643 948 de
667 887 721 948 LE
745 886 911 948 dicendum.
948 886 1026 949 Esto
1046 886 1128 949 visus
1152 905 1267 967 supra
1291 907 1465 950 concursum
1489 887 1538 962 G,
1566 887 1594 948 in
1609 887 1659 961 Hl,

307 987 377 1041 tunc
401 976 431 1038 G
455 984 503 1038 est
526 977 609 1039 locus
641 973 781 1055 imaginis
811 983 843 1036 et
875 974 952 1036 oculi
978 974 1049 1036 nihil
1078 995 1113 1038 eo
1137 977 1210 1038 moti
1234 977 1413 1039 delabuntur
1437 977 1487 1038 vel
1509 974 1591 1038 inc
1617 977 1659 1037 vel
1708 977 1709 984 ’

307 1065 377 1128 ἰιιΕ
397 1074 430 1127 et
452 1065 496 1128 sic
520 1065 594 1126 duas
618 1064 724 1125 vident
738 1065 886 1144 imagines
904 1063 1002 1138 simul,
1029 1084 1117 1127 unam
1142 1066 1237 1127 altero
1261 1066 1346 1127 oculo
1370 1065 1493 1140 directe,
1518 1065 1660 1144 reliquaru
1708 1129 1709 1132 ,

306 1153 418 1234 reliquo
434 1153 562 1233 oblique,
588 1161 744 1233 utramque
760 1153 787 1214 iu
804 1152 981 1232 superficie,
1007 1153 1077 1233 quia
1096 1153 1126 1214 in
1144 1169 1181 1214 ea
1195 1162 1319 1234 uterque
1336 1154 1438 1216 oculus
1451 1155 1526 1216 coit.
1562 1152 1623 1215 Sed
1636 1153 1658 1214 si
1708 1151 1709 1236 ]

307 1242 425 1305 visibile
458 1241 498 1304 sit
522 1242 699 1304 luminosum
722 1242 825 1315 valde,
861 1241 981 1302 videtur
1013 1241 1114 1321 imago
1145 1249 1215 1304 tuuc
1240 1243 1269 1304 in
1293 1249 1363 1304 atre
1387 1251 1419 1304 et
1442 1243 1508 1304 loco
1534 1239 1567 1304 G
1589 1261 1658 1304 con·
1708 1249 1709 1252 ’

306 1350 420 1394 cursus.
467 1329 519 1393 Sic
543 1332 577 1393 lit
600 1331 629 1392 iu
652 1329 858 1410 pinguioribus
878 1330 1015 1410 jusculis,
1042 1349 1107 1392 cunr
1132 1330 1252 1392 oleosae
1272 1339 1377 1412 guttae
1394 1333 1535 1393 innatant
1558 1349 1657 1410 aquae,

308 1423 496 1482 lucernarum
519 1419 638 1498 species
663 1419 701 1481 ab
724 1418 866 1482 interiore
900 1437 1033 1480 concava
1061 1420 1229 1482 oleosarum
1257 1427 1409 1499 guttarum
1433 1419 1590 1499 superficie
1612 1439 1658 1480 re-

306 1528 479 1588 percussae,
513 1508 731 1587 supervolitare
755 1507 829 1586 ipsis
855 1506 993 1570 videntur·
1017 1508 1046 1568 in
1070 1513 1151 1570 abre.
1198 1509 1302 1570 Habes
1325 1509 1431 1588 igitur,
1456 1509 1527 1589 quid
1553 1509 1606 1569 fiat
1627 1508 1659 1568 de
1708 1537 1709 1562 ι

274 1591 275 1596 ’
307 1597 488 1677 imaginibus
511 1597 664 1670 onaculis,
696 1597 774 1677 quod
798 1596 915 1660 scilicet
938 1595 1008 1658 illae
1032 1595 1094 1658 sint
1117 1598 1234 1658 locatae
1259 1597 1473 1677 insuperticie,
1499 1597 1614 1658 duobus
1636 1597 1660 1656 in
1708 1609 1709 1666 Ῑ

307 1687 383 1748 οιιιιι
399 1684 524 1748 directis
548 1684 657 1758 oculis;
682 1703 740 1746 uno
764 1703 835 1746 vero
861 1685 925 1746 solo
950 1685 1074 1746 sedibus
1098 1686 1222 1747 incertis
1237 1695 1385 1764 vagentur
1408 1695 1440 1747 et
1463 1685 1553 1746 facile
1579 1685 1660 1746 aliurn
1708 1719 1709 1748 ι

308 1784 399 1855 atque
423 1774 513 1836 alium
538 1774 635 1837 locum
659 1773 769 1835 babere
795 1773 969 1848 videantur,
995 1781 1088 1852 prout
1112 1774 1193 1835 risus
1209 1774 1247 1836 ab
1262 1775 1324 1836 alia
1339 1783 1370 1836 et
1384 1775 1445 1836 alia
1461 1794 1556 1836 causa
1579 1773 1662 1836 tuerit
1708 1783 1709 1858 ι

306 1872 417 1924 motus.
464 1862 622 1941 Derogant
645 1862 723 1923 enim
747 1861 804 1924 sibi
828 1869 930 1924 mutuo
954 1880 1067 1923 causae
1093 1863 1148 1923 bae
1173 1871 1205 1924 et
1228 1863 1287 1926 alia
1311 1863 1402 1924 aliam
1421 1861 1530 1937 vincit,
1563 1870 1597 1925 ut
1618 1862 1660 1921 vi·
1708 1875 1709 1878 ’

308 1953 393 2025 disti,
428 1970 466 2013 ex
490 1952 606 2013 duabus
639 1950 819 2030 imaginibus
843 1969 932 2012 unam
958 1958 1050 2011 etex
1072 1969 1183 2030 magna
1206 1969 1331 2030 parvam
1354 1951 1432 2026 lieri,
1466 1951 1504 2012 ob
1536 1951 1612 2012 alias
1634 1958 1660 2010 et

308 2039 386 2102 alias
410 2059 529 2102 causas.
578 2039 626 2101 Tu
654 2057 727 2101 vero
757 2039 911 2101 reflexioni
935 2039 1042 2100 tribuis
1066 2039 1225 2101 locationis
1253 2039 1398 2115 officium,
1431 2039 1511 2112 scio,
1544 2057 1659 2100 causam

310 2147 378 2190 osse
402 2129 467 2189 sine
491 2148 550 2209 qua
573 2128 773 2207 non;.imago
787 2127 905 2208 *quippe
929 2137 977 2188 est
1000 2135 1125 2208 propter
1147 2128 1355 2203 reflexionem,
1379 2128 1444 2190 sino
1468 2147 1507 2189 ea
1528 2147 1578 2192 rea
1600 2127 1660 2206 ipsa

308 2223 400 2278 esset.
448 2215 509 2279 Sed
533 2215 691 2278 locationis
715 2218 750 2286 iu¹
768 2217 867 2294 specie
892 2235 984 2278 causa
1007 2235 1064 2278 non
1091 2225 1138 2279 est
1163 2217 1294 2279 reflexio.
1342 2217 1446 2296 Argue
1470 2216 1587 2278 valide:
1615 2233 1658 2276 re-

308 2305 380 2368 flexi
403 2305 480 2367 radii
504 2305 631 2366 tendunt
655 2305 693 2366 ad
716 2324 789 2380 rem,
815 2324 873 2367 nou
898 2305 961 2385 ejus
984 2305 1124 2386 imaginis
1148 2307 1253 2367 locum.
1299 2303 1354 2368 Sin
1377 2312 1477 2368 autem
1494 2305 1530 2366 de
1555 2305 1592 2366 iis
1613 2323 1656 2366 re-

313 2393 401 2456 flexis
425 2394 570 2474 loqueris,
596 2391 645 2474 qui
670 2411 739 2454 vere
754 2392 857 2457 reflexi
883 2401 962 2466 sunt,
987 2394 1024 2454 ad
1040 2395 1157 2456 oculum
1173 2384 1463 2475 quippe'teudentes
1478 2401 1549 2475 post
1563 2411 1656 2474 reper-

309 2501 442 2556 cussum,
478 2491 541 2544 tum
564 2501 678 2544 meeum
703 2475 850 2561 exparte
874 2483 1014 2562 loqueris.
1062 2483 1232 2545 Eorundem
1262 2483 1338 2545 eninr
1363 2484 1539 2545 reflexorum
1563 2489 1656 2563 partes

309 2581 380 2634 sunt
411 2571 587 2633 metatrices
620 2589 723 2646 meae,
760 2571 840 2633 sicut
872 2571 1056 2632 continuatio
1089 2590 1160 2649 pars
1194 2571 1301 2634 dicitur
1334 2572 1431 2634 lineae
1460 2571 1653 2634 continuatae.

309 2659 439 2736 Oculus,
464 2660 579 2733 iustas,
604 2661 728 2740 patitur,
754 2679 811 2720 uon
835 2660 926 2740 igitur
950 2659 1045 2721 locet:
1079 2668 1235 2740 utrumque
1257 2679 1370 2724 verum.
1416 2661 1462 2724 At
1485 2660 1583 2740 imago
1605 2677 1655 2720 non

311 2758 360 2812 est
383 2750 414 2810 in
437 2749 503 2810 solo
527 2749 613 2810 oculo
637 2749 689 2810 sed
706 2769 725 2810 a
745 2767 834 2810 sensu
858 2747 1020 2822 communi,
1045 2748 1095 2828 qui
1114 2747 1178 2828 jam
1202 2749 1279 2829 agit,
1305 2749 1413 2831 quippe
1437 2748 1590 2824 disceruit,
1612 2747 1654 2808 di-

308 2837 428 2920 judicat
450 2844 574 2918 ergoet
597 2838 694 2912 locat,
723 2836 777 2898 sed
800 2857 855 2917 per
877 2833 1052 2898 metatrices
1076 2843 1218 2918 tanquam
1243 2838 1452 2900 instrumenta.

400 2925 598 2988 Vitellionern
623 2925 763 3005 allegasti
788 2945 845 2986 nou
870 2944 978 3005 magno
993 2926 1204 2988 emolumento.
1241 2925 1309 2988 Nou
1334 2926 1408 2988 dicit
1429 2926 1496 3005 ipse
1519 2923 1653 3003 imagines
1708 2993 1709 3018 χ

311 3033 379 3078 esse
403 3021 492 3076 extra
516 3015 631 3076 oculum
656 3023 688 3076 et
711 3032 894 3078 communem
919 3031 1039 3076 sensum
1063 3014 1175 3094 reales:
1211 3013 1341 3094 loquitur
1369 3016 1405 3076 de
1429 3015 1558 3076 veritate
1580 3011 1652 3072 visus
1708 3021 1709 3110 ι

313 3123 370 3166 nou
395 3105 431 3164 de
456 3103 616 3165 erroribus.

399 3189 617 3256 Breuggsrus:
647 3191 686 3240 De
712 3189 912 3241 retractione
938 3189 1000 3240 radit
1019 3189 1133 3240 luminosi
1161 3193 1186 3240 in
1206 3191 1330 3254 diaphano
1353 3191 1400 3241 boc
1418 3191 1509 3241 saltem
1527 3198 1652 3253 apponam:

311 3276 367 3313 cum
386 3265 440 3325 ejus
460 3275 538 3312 cansa
556 3263 588 3310 sit
607 3263 717 3312 densitas
737 3269 763 3311 et
780 3263 878 3320 raritas,
897 3274 962 3328 quaa
980 3275 1023 3325 pro
1042 3262 1153 3324 subjecto
1171 3261 1265 3312 babent
1282 3277 1329 3310 nou
1349 3261 1503 3325 superficiem
1525 3261 1566 3310 sed
1583 3261 1652 3322 ipsum
1708 3257 1709 3320 l

311 3347 407 3397 corpus,
437 3333 493 3382 ideo
513 3348 616 3383 necesse
636 3341 681 3392 est,
706 3333 866 3381 utretractio
885 3333 974 3382 datin
993 3347 1093 3396 corpore
1112 3348 1161 3382 non
1180 3335 1205 3382 iu
1224 3332 1360 3395 superficie.
1399 3333 1432 3382 Et
1450 3335 1509 3398 quia
1526 3344 1567 3395 per
1583 3337 1652 3378 totum
1708 3339 1709 3416 p

311 3419 398 3469 corpus
419 3403 537 3467 diaphani
554 3405 624 3455 radio
643 3405 782 3453 transeunti
800 3405 906 3453 occurrit
924 3417 1002 3452 eausa
1015 3403 1179 3462 retractionis,
1199 3404 1309 3453 densitas
1322 3405 1418 3454 scilicet
1436 3405 1585 3458 saturitas,
1603 3399 1651 3448 ideo
1708 3422 1709 3466 p

310 3477 374 3526 ratio
393 3475 480 3530 dictat,
504 3477 530 3523 iu
554 3481 606 3524 toto
626 3488 726 3538 corpore
749 3473 802 3523 fieri
825 3475 1007 3525 retractionem.
1045 3473 1116 3528 Haec
1141 3487 1220 3524 causa
1238 3481 1289 3529 est.
1310 3490 1353 3525 cur
1372 3488 1502 3539 aquaque
1524 3469 1651 3536 protundior

309 3561 338 3597 eo
358 3548 390 3596 sit
409 3546 547 3602 coloratior,
572 3545 635 3609 quod
654 3560 703 3594 non
724 3545 857 3602 accideret,
882 3547 902 3594 si
927 3545 1043 3594 retractio
1066 3551 1164 3594 tantum
1190 3545 1261 3595 lieret
1283 3546 1308 3594 iu
1327 3545 1466 3609 superficie.
1504 3543 1566 3594 Hinc
1584 3541 1651 3590 etiam

308 3618 426 3683 probatur
452 3616 492 3672 id,
517 3618 582 3680 quod
604 3619 712 3680 proxime
736 3617 821 3679 scripsi
846 3617 876 3666 de
895 3615 1043 3666 retractione
1062 3616 1123 3664 radii
1147 3615 1383 3679 perpendiculariter
1400 3615 1531 3666 incidentis
1550 3609 1582 3676 (p.
1601 3607 1650 3671 46),

308 3690 350 3738 ubi
370 3705 414 3753 per
431 3689 607 3738 redactionem
626 3687 736 3738 intellexi
754 3689 895 3749 passionem
913 3686 989 3745 illam,
1017 3700 1091 3750 quam
1117 3686 1199 3736 radius
1223 3687 1355 3736 luminosus
1374 3688 1481 3736 sustinet
1506 3683 1649 3736 adensitate
1708 3735 1709 3740 Ἰ

309 3767 335 3811 et
354 3761 457 3810 raritate
476 3758 603 3822 diaphani,
627 3773 691 3823 quas
714 3759 801 3820 optlcis
820 3755 891 3818 (lieet
914 3772 962 3806 non
986 3755 1093 3820 proprie)
1119 3757 1207 3807 dicitur
1233 3757 1357 3806 retractio.
1394 3757 1432 3806 'lu
1459 3757 1601 3807 catusionem
1617 3750 1649 3800 rel
1708 3747 1709 3834 l

309 3832 504 3882 contractionem
523 3829 632 3894 appelles
651 3827 687 3893 (p.
707 3826 754 3890 te)
778 3843 820 3892 per
839 3844 878 3878 me
896 3827 968 3884 licat,
988 3829 1033 3878 etsi
1053 3842 1133 3892 neque
1151 3828 1197 3878 hoc
1216 3843 1306 3878 nomen
1324 3828 1414 3892 ubique
1433 3833 1564 3894 congruat,
1585 3823 1649 3887 aiqui-
1708 3839 1709 3900 l

309 3903 364 3952 dem
383 3903 408 3952 in
428 3901 551 3965 diapbano
570 3914 627 3950 raro
639 3901 723 3950 radius
742 3915 791 3948 non
805 3899 965 3956 contrahitur,
984 3899 1028 3948 sed
1042 3899 1167 3949 dilatatur.
1205 3899 1321 3962 Exemplo
1336 3913 1403 3948 ame
1416 3899 1493 3948 allato
1506 3898 1536 3948 de
1546 3894 1646 3946 nummi
1708 3909 1709 3962 l

308 3973 399 4037 specie,
428 3987 492 4036 quae
517 3973 543 4021 in
569 3985 635 4035 aqna
660 3976 764 4035 apparet
791 3971 898 4027 elevata,
923 3977 951 4020 tn
970 3971 1064 4032 objicis,
1091 3985 1130 4019 me
1158 3985 1308 4020 nummum
1335 3971 1425 4020 uidisse
1455 3970 1589 4033 claranum..
1607 3977 1648 4012 non
1708 3965 1709 4032 l

309 4050 468 4108 punctum.
507 4045 549 4099 At,
567 4045 601 4092 mi
619 4041 738 4105 Kaplere,
757 4041 855 4105 quando
874 4047 940 4090 totns
953 4056 1066 4090 nummus
1086 4041 1204 4100 elevatur,
1224 4055 1326 4090 necesse
1340 4047 1379 4090 est
1390 4042 1490 4106 singula
1509 4041 1649 4103 sjmpnneta
1708 4041 1709 4110 l

308 4120 384 4180 atque
402 4115 427 4164 id
446 4116 526 4177 ipsum
546 4128 649 4178 quoque,
669 4113 735 4178 quod
754 4113 825 4163 oculo
839 4109 900 4172 (non
919 4113 1005 4172 oculis,
1025 4127 1182 4177 nequaquam
1201 4113 1266 4163 anim
1284 4112 1325 4162 hic
1343 4127 1404 4176 opus
1422 4119 1461 4162 est
1478 4105 1584 4175 utroquo)
1601 4119 1647 4169 per·
1708 4115 1709 4176 l

308 4185 500 4248 pendiculariter
523 4186 644 4248 subjacet,
674 4184 774 4234 elevari.
812 4183 909 4248 Loquor
928 4183 959 4233 ds
983 4189 1075 4246 puncto
1094 4184 1195 4247 physico
1222 4197 1272 4233 non
1291 4183 1478 4238 mathematico.
1508 4175 1647 4247 quadridui
1708 4177 1709 4242 l

309 4271 358 4304 non
376 4263 466 4319 potest.
504 4255 603 4306 Deinde
625 4263 717 4306 natura
735 4271 785 4304 non
804 4255 867 4304 solet
893 4255 923 4305 de
942 4270 991 4304 uno
1011 4263 1118 4304 extremo
1143 4254 1176 4304 ad
1195 4255 1299 4304 alterum
1317 4255 1401 4305 tacere
1418 4255 1519 4312 saltum,
1544 4249 1584 4301 sed
1599 4260 1647 4310 pro·
1708 4249 1709 4308 l

310 4325 376 4374 cedit
393 4341 490 4391 semper
513 4327 660 4391 permedia
680 4341 725 4377 cen
744 4327 836 4392 gradum
854 4326 986 4391 quosdam:
1016 4327 1071 4375 ideo
1090 4326 1111 4374 si
1130 4327 1299 4376 extremitates
1322 4326 1416 4378 nummi
1435 4326 1545 4376 ridentur
1561 4317 1646 4370 elevati·
1708 4323 1709 4376 l

308 4396 388 4459 ipsum
407 4404 621 4461 sutempunctum
641 4397 712 4448 oculo
730 4399 868 4460 subjectum
888 4397 914 4447 in
932 4396 1017 4458 tundo,
1044 4398 1184 4447 necessario
1210 4398 1305 4461 species
1324 4399 1418 4446 nummi
1436 4397 1563 4460 appararet
1578 4389 1646 4454 figura
1708 4395 1709 4452 l

309 4465 469 4526 infundibula
495 4469 531 4517 sic
556 4470 620 4518 enim
646 4471 784 4520 successive
804 4469 836 4518 ab
855 4471 1012 4519 extrsmitats
1032 4467 1130 4517 elevata
1152 4468 1185 4517 sd
1203 4468 1272 4517 tundi
1290 4475 1409 4532 punctum
1434 4467 1504 4517 lieret
1520 4465 1643 4514 dacenses.
1708 4507 1709 4532 ἒ

308 4535 344 4584 At
362 4550 411 4585 non
429 4539 464 4588 sic
483 4538 518 4597 lit,
540 4540 583 4589 sed
601 4546 670 4589 tutus
688 4554 801 4590 nummus
820 4540 899 4588 instar
916 4539 1024 4602 patellae
1047 4539 1139 4602 planae
1157 4538 1196 4589 rel
1214 4539 1303 4589 saltem
1326 4539 1412 4590 leuiter
1436 4539 1546 4588 sinuatae
1562 4529 1645 4581 staur
1708 4539 1709 4554 i

310 4604 427 4655 elevatus.
466 4606 520 4668 Quo
539 4616 630 4668 stante,
656 4627 704 4660 non
724 4610 802 4667 rideo,
822 4610 941 4674 quomodo
959 4611 1046 4675 negari
1064 4611 1149 4674 possit,
1175 4609 1239 4674 quod
1258 4611 1335 4660 etiam
1354 4611 1436 4660 radius
1454 4599 1643 4672 perpendiculari!

309 4675 456 4726 retundatur
475 4679 512 4727 rel
532 4681 688 4746 subiugatur,
707 4683 757 4731 sire
776 4680 866 4745 aliquid
885 4682 995 4747 patiatur
1014 4681 1172 4734 aduncitate
1191 4694 1280 4746 aquae,
1304 4696 1352 4748 quo
1370 4679 1545 4732 interveniente
1560 4670 1642 4742 apetie·
1708 4671 1709 4743 l

310 4745 402 4811 objecti
420 4754 569 4800 monstratur
586 4752 611 4799 in
632 4752 712 4802 alieno
731 4753 792 4802 loco.
1708 4747 1709 4754 ’
