3464 5524
243 326 247 336 .
311 295 355 366 52
729 299 828 350 Literae
846 299 948 362 chlerl
967 300 1117 366 slicrurnqns
1135 308 1238 352 mutuae

309 495 416 559 cerpus
447 476 611 557 repercutit
640 474 776 537 radium?
821 473 1028 554 Nequaquam.
1075 473 1283 554 Repercussus
1315 477 1392 538 enim
1425 495 1482 538 nou
1512 477 1548 538 fit
1570 476 1655 538 intus.

309 569 407 630 Vides
430 573 463 628 ct
486 566 533 628 bie
556 573 588 627 et
609 565 671 626 illic
695 563 866 636 dicendum,
904 581 1011 645 corpus
1040 563 1094 624 illa
1124 565 1223 625 facere
1255 572 1402 644 qnatenus
1427 576 1480 626 est
1504 565 1655 644 superficie

308 657 513 758 terminatum,
550 672 608 716 nen
639 669 711 718 uero
742 652 929 730 superficiem
962 659 1109 732 quatenus
1135 652 1306 731 superficies
1334 655 1399 716 sine
1422 653 1656 716 consideratione

310 765 453 825 corporis.

400 849 629 911 Brsnggsruse
666 845 710 894 Ais
728 850 759 894 tu
778 843 814 909 (p.
834 841 893 904 57),
922 859 1047 894 nummum
1072 861 1115 909 per
1124 845 1297 896 refractionem
1319 847 1345 896 in
1370 861 1436 912 aque
1454 846 1569 896 enhibere
1590 845 1654 910 oculo

308 923 443 986 imaginem
460 917 620 973 infundibulie
648 929 706 966 eam
726 921 811 966 tamen
836 930 853 964 a
869 930 945 966 sensu
968 931 1018 966 non
1041 923 1107 970 recte
1129 919 1234 968 ducein
1256 925 1282 968 et
1301 925 1432 982 propterea
1455 917 1533 968 rideri
1560 915 1657 982 figuram
1720 941 1721 982 3

308 994 417 1058 planam.
454 990 499 1038 Est
519 987 566 1038 hoe
579 1000 655 1058 pseyu
673 985 737 1036 trev
752 977 866 1054 ἀιτημα.
886 1001 933 1036 nec
950 987 1022 1036 facile
1044 989 1165 1051 reperiar,
1185 989 1226 1054 qni
1240 989 1288 1038 sibi
1309 991 1419 1052 patiatur
1431 987 1583 1053 persuaderi.
1605 1002 1655 1036 seu·

308 1080 362 1114 snm
382 1076 437 1111 esse
448 1067 500 1109 tarn
522 1059 661 1122 stupidum,
686 1064 714 1106 nt
732 1059 796 1107 iuter
813 1058 907 1107 nummi
926 1057 1030 1122 liguram
1050 1067 1076 1108 st
1094 1059 1240 1108 infundibuli
1260 1074 1310 1108 nou
1322 1062 1399 1124 possit
1421 1061 1572 1114 discernere,
1590 1073 1655 1121 prae·
1720 1071 1721 1110 l

308 1136 392 1184 sertim
410 1135 435 1181 iu
455 1131 575 1180 distantia
592 1144 642 1178 non
667 1143 768 1194 magua.
798 1127 917 1192 Equidem
938 1129 1003 1178 malo
1026 1129 1099 1179 fidem
1123 1131 1163 1178 hic
1185 1130 1276 1179 habere
1293 1133 1389 1189 sensui,
1413 1131 1454 1196 qni
1475 1143 1603 1179 nummum
1621 1143 1655 1177 re·

308 1206 413 1255 fractum
428 1201 526 1265 judicat
540 1201 642 1264 planum
661 1206 687 1250 et
704 1199 806 1264 proinde
828 1199 916 1249 suadet
934 1201 1132 1263 perpendiculum
1154 1201 1281 1259 contrabi,
1307 1216 1397 1265 quam,
1426 1201 1558 1265 repudiato
1580 1215 1656 1253 senen
1720 1223 1721 1256 3

308 1282 395 1325 contra
416 1273 593 1336 experientiam
617 1271 722 1337 figuram
738 1271 832 1334 fingere
851 1271 973 1331 ebenum,
1000 1271 1089 1324 salmas
1114 1271 1199 1322 tuendi
1217 1273 1385 1336 perpendiculi
1413 1274 1504 1338 gratia,
1544 1271 1657 1336 Agnoscit
1720 1283 1721 1286 ¹

307 1349 372 1395 meus
395 1343 501 1410 effigiem
518 1349 544 1392 et
564 1343 748 1407 inscriptionem
767 1355 865 1390 numme
888 1343 1047 1404 impressam,
1068 1357 1132 1406 quae
1153 1356 1200 1394 ena
1222 1344 1393 1406 prominentia·
1407 1358 1439 1392 ue
1465 1343 1588 1397 decimam
1608 1343 1655 1406 qui·

308 1419 365 1466 dem
389 1425 485 1478 partem
509 1418 600 1478 aequat
619 1413 763 1464 elevationis
787 1427 832 1462 ssu
853 1412 1026 1476 profunditatis
1038 1413 1196 1474 infundibuli,
1219 1420 1245 1463 et
1260 1413 1326 1463 hane
1342 1429 1390 1463 uon
1407 1415 1487 1480 possit
1509 1410 1657 1478 agnuscere?
1720 1413 1721 1454 ἶ

311 1487 360 1538 Sed
385 1501 416 1536 eu
434 1487 479 1535 tibi
499 1486 575 1535 aliam
595 1479 779 1551 δοκιμασιανῑ
805 1485 830 1532 in
853 1484 934 1533 locum
958 1485 1051 1534 nummi
1071 1484 1177 1547 praeisti
1198 1485 1359 1534 substituatur
1383 1499 1475 1540 conus,
1508 1487 1577 1546 cujus
1596 1483 1658 1530 baris

308 1557 418 1624 aequalis
435 1558 467 1606 sit
488 1570 603 1616 nummo,
618 1556 721 1606 aldtudc
735 1570 791 1604 sero
806 1554 930 1604 altitudini
949 1554 1108 1612 infundibuli,
1134 1561 1161 1604 et
1182 1555 1266 1605 oculus
1286 1557 1374 1604 unicus
1396 1561 1467 1605 extra
1494 1567 1585 1618 aquam
1609 1569 1657 1616 per·

308 1627 580 1694 pandiculeritcrillum
601 1629 735 1676 intueatur.
771 1625 905 1675 Attolletnr
930 1626 1006 1690 igitnr
1031 1626 1097 1676 basis
1126 1629 1179 1688 ejns
1200 1641 1245 1690 par
1269 1627 1451 1678 refractionem.
1489 1625 1586 1674 Verum
1609 1625 1657 1672 coni
1720 1631 1721 1638 ’

309 1715 386 1764 apex,
409 1700 469 1764 quis
485 1699 512 1747 in
530 1697 718 1761 perpendiculo,
750 1711 781 1748 ex
809 1703 854 1746 tua
875 1700 1001 1746 sententis
1023 1713 1073 1747 non
1092 1698 1242 1754 mutabitur,
1267 1697 1311 1748 sed
1330 1699 1462 1762 apparebit
1488 1697 1516 1745 iu
1540 1710 1584 1746 sno
1610 1695 1657 1744 loco
1720 1691 1721 1726 ἶ

309 1779 384 1835 atque
403 1772 440 1820 ita
469 1784 545 1819 conus
569 1767 609 1819 ille
636 1767 690 1817 Tibi
713 1768 862 1818 exhibiturus
884 1774 923 1818 eet
945 1769 1052 1832 speciem
1081 1768 1141 1817 disci
1163 1769 1282 1832 perfecti,
1309 1767 1366 1817 mihi
1393 1784 1449 1818 sero
1476 1767 1534 1817 coni
1555 1765 1657 1816 nonnihil
1720 1757 1721 1830 i

310 1842 394 1892 retusi.
430 1840 512 1903 Hujus
533 1841 568 1889 rei
588 1839 722 1889 seeundum
742 1840 917 1903 praescriptam
938 1840 1115 1889 dimensionem
1135 1839 1242 1888 noudum
1262 1839 1312 1888 feci
1331 1839 1479 1903 pericnlum.
1503 1838 1604 1887 memini
1624 1843 1658 1884 ta·
1720 1831 1721 1895 i

309 1928 382 1971 men,
410 1927 498 1962 conum
519 1909 689 1960 indifferenter
707 1917 837 1973 acceptum
858 1916 885 1960 ct
906 1924 986 1974 aquae
1007 1912 1147 1974 impositum
1167 1909 1271 1974 figurem
1293 1912 1349 1960 ocni
1372 1925 1422 1959 uon
1439 1909 1504 1958 disci
1522 1908 1581 1958 milri
1599 1915 1657 1956 retn-

309 1985 379 2040 lister
405 1983 470 2046 qaod
492 1988 518 2032 ct
538 1988 566 2031 tn
588 1981 713 2046 explorare
734 1982 840 2044 poteris,
866 1987 892 2030 et
910 1983 930 2029 si
954 1983 979 2030 in
1001 1982 1045 2032 tali
1068 1995 1128 2034 caen
1149 1996 1198 2031 nun
1216 1981 1310 2032 discum
1328 1981 1372 2030 sed
1396 1996 1485 2030 conum
1512 1994 1557 2043 per
1573 1981 1658 2030 refrac-
1720 2027 1721 2034 ,

309 2057 402 2105 tionem
423 2054 530 2103 exhiberi
550 2053 640 2102 sideris
666 2049 709 2113 (de
726 2067 774 2116 quc
798 2053 832 2100 nil
846 2050 957 2113 dubito),
982 2053 1017 2101 nil
1038 2052 1143 2105 restabit
1162 2052 1265 2116 amplius
1289 2066 1363 2116 quarn
1387 2059 1416 2102 nt
1438 2066 1540 2103 mecum
1562 2063 1659 2104 mseras.

308 2127 395 2190 puncti
415 2125 547 2189 imaginem
572 2139 615 2188 per
638 2124 824 2182 refractionem,
846 2136 1052 2189 καταχρηςικως
1078 2123 1183 2180 dictam,
1210 2122 1300 2174 elevari
1324 2136 1354 2172 sc
1384 2122 1486 2186 proinde
1512 2123 1591 2186 ipsum
1610 2134 1658 2182 per-

309 2195 467 2260 pendiculum
488 2209 583 2260 quoque
604 2194 802 2244 refracticuieeu
822 2195 932 2258 passioni
954 2197 989 2244 sie
1011 2195 1093 2243 dictae
1115 2195 1244 2242 obnoxium
1266 2207 1328 2243 esse.
1354 2191 1411 2255 (His
1434 2194 1551 2255 adjunxit
1571 2191 1657 2254 Breng·
1720 2209 1721 2216 ¹

311 2281 384 2332 gerne
409 2267 522 2322 schema,
547 2267 621 2314 verba
642 2279 690 2314 sua
705 2265 845 2322 illustrause
869 2279 924 2314 cum
949 2279 1005 2314 asro
1027 2279 1066 2314 rer
1087 2270 1174 2329 pateat
1195 2280 1227 2316 ex
1249 2264 1308 2328 ipsis
1334 2263 1470 2333 lirsnggeri
1496 2263 1584 2318 verbis.
1606 2259 1659 2309 illud
1720 2251 1721 2304 i

311 2337 472 2388 omittendum
490 2332 650 2398 censuimus.)
1720 2331 1721 2364 l

399 2427 601 2507 Keplerus:
625 2425 672 2486 De
696 2441 814 2486 nummo
839 2422 868 2483 in
893 2443 971 2503 aqua
989 2423 1099 2485 rectius
1124 2423 1270 2503 loqueris;
1294 2423 1390 2486 miuus
1409 2425 1513 2505 itaque
1537 2423 1592 2486 tibi
1614 2441 1658 2485 re·
1720 2398 1721 2483 i

313 2534 428 2597 pugno,
453 2533 540 2596 quam
565 2515 645 2576 olim.
679 2512 809 2574 Badium
833 2511 1109 2592 perpendicularem
1130 2513 1196 2591 jam
1219 2511 1265 2574 ais
1288 2511 1318 2574 in
1333 2531 1401 2574 sese
1417 2513 1573 2588 contrahi;
1596 2513 1658 2574 olim

313 2603 418 2666 dixisti
448 2603 581 2681 refringi.
629 2599 718 2673 Quod
747 2601 908 2680 frangitur,
947 2620 984 2662 ex
1011 2619 1070 2662 uuo
1098 2601 1132 2662 fit
1159 2601 1269 2675 multa;
1304 2603 1352 2664 hic
1374 2601 1406 2664 in
1428 2621 1461 2664 se
1486 2609 1658 2664 contractus
1720 2661 1721 2686 ,

311 2693 413 2756 radius
432 2699 534 2754 manet
556 2711 641 2753 uuus.
687 2691 733 2752 De
758 2690 946 2752 formavere
971 2689 1147 2751 infundibuli
1170 2709 1229 2752 non
1252 2708 1368 2770 pugno:
1391 2711 1465 2753 sane
1491 2693 1548 2754 tali
1572 2695 1658 2753 forms

312 2801 369 2843 non
394 2783 525 2844 cernitur
547 2799 602 2842 nee
625 2780 682 2842 hoc
706 2779 851 2840 affirmavi
884 2779 913 2840 in
946 2777 1094 2858 prioribus
1126 2777 1232 2841 literis.
1278 2779 1350 2840 Dixi
1381 2780 1460 2842 enim
1492 2783 1658 2844 revincere

313 2871 372 2932 tnie
397 2869 589 2952 argumentis,
615 2889 681 2932 curu
705 2886 840 2930 nummus
864 2867 990 2928 deberet
1011 2867 1106 2928 videri
1131 2867 1160 2928 in
1177 2868 1273 2929 forma
1295 2867 1484 2932 infundibuli.
1524 2869 1586 2934 Sed
1608 2869 1658 2931 ad-

313 2959 375 3020 didi
400 2967 500 3026 tamen
526 2959 719 3032 solutionem,
743 2975 781 3016 ex
805 2975 864 3036 qna
886 2957 988 3018 videre
1011 2955 1150 3035 potuisti,
1175 2975 1234 3018 nou
1257 2975 1325 3020 esse
1349 2977 1475 3020 necesse
1490 2961 1659 3022 attribuam

314 3047 552 3127 perpendiculari
575 3050 789 3110 refractionem
812 3052 865 3105 ant
886 3063 1038 3106 recursum
1061 3045 1091 3104 in
1115 3063 1194 3106 sese.
1240 3045 1319 3108 Nam
1343 3055 1397 3108 aut
1426 3067 1485 3110 uuo
1510 3050 1595 3111 oculo
1616 3048 1659 3108 vi·
1720 3041 1721 3118 i

317 3137 405 3197 detur
427 3155 475 3198 res
497 3136 637 3208 (immoto
660 3135 790 3218 eapite),
824 3141 877 3194 ant
908 3132 1023 3194 duobus
1054 3133 1118 3204 (vel
1140 3139 1222 3194 moto
1245 3134 1373 3216 eapite).
1419 3135 1454 3198 Si
1477 3157 1554 3213 uno,
1584 3137 1659 3198 locus

266 3291 270 3296 .
315 3224 454 3304 imaginis
478 3245 534 3287 non
560 3226 753 3288 discernitur:
788 3221 813 3284 ei
845 3222 974 3296 dnobus,
1008 3229 1061 3282 aut
1091 3221 1268 3285 alterutrum
1299 3231 1352 3286 ant
1384 3225 1493 3288 ambos
1516 3247 1576 3290 non
1598 3243 1659 3286 esse
1720 3231 1721 3314 l

763 3309 1028 3390 perpendiculares
1051 3327 1176 3372 necesse
1199 3319 1258 3373 est.
1306 3311 1340 3375 Si
1370 3333 1428 3376 non
1462 3315 1658 3397 perpendiou·
1720 3323 1721 3390 i

763 3399 859 3473 lares,
893 3399 1067 3479 refringitur
1089 3399 1192 3479 itaque
1222 3401 1325 3463 radius
1350 3411 1381 3464 et
1405 3403 1447 3464 sio
1471 3423 1530 3466 non
1549 3405 1659 3474 mirum,

762 3488 860 3549 lacurn
883 3487 1022 3567 imaginis
1046 3487 1141 3549 videri
1165 3489 1326 3552 elevatum.
1365 3488 1453 3554 Oculi
1472 3494 1513 3570 A,
1524 3494 1566 3566 B,
1585 3511 1659 3573 aqua

763 3574 833 3652 OD,
867 3576 978 3639 nummi
1007 3583 1142 3638 centrum
1163 3576 1207 3652 E;
1238 3577 1296 3640 BD
1319 3581 1578 3660 perpendicularis
1607 3599 1658 3642 non

761 3664 950 3745 refringitur,
983 3663 1040 3726 Ac
1065 3683 1135 3726 vero
1159 3684 1218 3728 uon
1241 3670 1499 3748 perpendicularis
1522 3669 1659 3748 refringi-

760 3753 861 3814 turin
885 3750 947 3815 CF.
996 3751 1147 3815 Cuntinus
1178 3759 1366 3820 metatricem
1397 3755 1471 3831 AO,
1505 3777 1582 3840 qnae
1613 3775 1660 3819 se·
1720 3821 1721 3834 ,

655 3927 677 3932 -
695 3925 708 3934 ⁴
761 3840 844 3902 cabit
865 3841 920 3902 ΒΕ
947 3840 977 3902 iu
1001 3841 1026 3902 F
1048 3841 1116 3903 loco
1149 3842 1268 3907 altiore.
1315 3845 1422 3927 Itaque
1453 3848 1586 3910 Flucue
1617 3851 1659 3908 est
1720 3837 1721 3840 '

762 3927 859 3992 centri
882 3929 1022 4008 imaginis
1046 3930 1168 3996 nummi.
1720 3939 1721 3944 ’

473 3374 528 3440 Fig.
548 3371 590 3424 3⁴2.

830 4018 1045 4086 Brenggerus:
1080 4017 1121 4068 De
1148 4020 1219 4070 foco
1247 4019 1340 4086 speculi
1366 4021 1489 4086 sphaerici
1518 4022 1659 4079 concsriin
1720 4057 1721 4068 2

760 4095 850 4156 quarta
874 4089 989 4140 demetri
1012 4095 1083 4154 parte
1104 4091 1186 4142 locato
1209 4090 1268 4142 dnm
1286 4091 1417 4158 Maginnm
1439 4097 1558 4159 corripis,
1583 4094 1659 4148 mules
1720 4093 1721 4166 l

760 4159 819 4208 mihi
846 4167 872 4209 et
897 4159 987 4226 digitos
1010 4162 1103 4224 eripere
1124 4155 1242 4220 'nonaria
1273 4164 1359 4228 quibus
1378 4165 1453 4216 tona
1475 4167 1525 4216 ridi
1550 4173 1576 4216 et
1597 4164 1658 4218 sensi
1720 4177 1721 4224 ᾗ

760 4229 842 4280 radios
871 4229 934 4280 Solis
955 4232 989 4282 ibi
1012 4233 1153 4283 coacervari
1175 4239 1200 4282 et
1223 4235 1458 4299 iguemaccendere
1472 4233 1506 4300 (p.
1521 4235 1575 4298 57).
1605 4236 1658 4288 l’er·
1720 4235 1721 4238 ’

763 4314 848 4366 peram
870 4303 944 4368 igitur
969 4307 997 4352 tn
1018 4303 1043 4350 in
1068 4309 1152 4354 centm
1171 4303 1239 4360 illum
1262 4304 1384 4363 collocas,
1406 4308 1526 4371 siquidem
1550 4309 1658 4363 adcant-
1720 4299 1721 4368 i

761 4385 815 4419 rum
835 4372 996 4422 reflectantur
1016 4378 1115 4422 tanturn
1129 4373 1197 4424 radii
1209 4376 1446 4440 perpendiculariter
1465 4379 1615 4434 madentes:
1635 4381 1659 4424 st
1720 4382 1721 4438 ξ

762 4443 820 4505 quia
838 4441 957 4493 diameter
977 4443 1040 4494 Solis
1053 4444 1181 4494 dimidium
1201 4445 1305 4512 gradum
1325 4448 1449 4500 duntaxat
1465 4455 1565 4516 aequet,
1587 4447 1658 4513 portio

315 4513 408 4578 speculi
427 4513 561 4570 circularia,
575 4514 644 4575 cujum
667 4511 787 4566 diameter
801 4507 844 4560 30*
862 4513 1003 4577 respondet.
1025 4513 1079 4564 sols
1103 4521 1150 4572 est,
1169 4531 1233 4580 quae
1251 4517 1333 4566 radios
1353 4517 1416 4570 Solis
1433 4520 1658 4584 perpendiculariter
1720 4517 1721 4548 ff

315 4583 402 4647 recipit
420 4590 446 4634 et
468 4585 500 4634 sd
529 4589 640 4634 centrum
662 4586 800 4646 neterquet3
830 4584 925 4649 reliqua
946 4587 999 4647 ejus
1025 4585 1166 4649 superficies
1188 4589 1268 4638 otiosa
1292 4595 1331 4638 est
1354 4596 1380 4639 et
1403 4590 1453 4641 huo
1470 4590 1537 4650 ‚nhil
1563 4589 1657 4641 confert
1720 4613 1721 4652 p

315 4652 423 4703 lleceeee
447 4655 521 4718 igitur
549 4660 604 4713 set,
632 4654 795 4718 paucissimos
818 4653 853 4704 ibi
881 4656 963 4704 radice
988 4653 1085 4721 colligi,
1113 4657 1155 4720 qni
1179 4672 1228 4707 non
1253 4659 1378 4710 sufficiunt
1400 4669 1429 4711 nt
1451 4663 1534 4726 iguem
1550 4673 1657 4724 nuquam
1720 4657 1721 4710 ζ

316 4723 463 4777 accendant
499 4723 572 4774 Adde
590 4725 656 4790 quod
686 4723 777 4774 fomitis
802 4727 908 4778 materie
929 4732 1013 4779 centro
1035 4727 1148 4791 apposita
1165 4729 1247 4780 radios
1269 4728 1334 4782 Solis
1352 4733 1491 4796 mtarcipit,
1510 4737 1540 4782 ut
1558 4731 1591 4788 ad
1607 4743 1657 4793 spe·
1720 4721 1721 4770 l

315 4793 398 4849 culum
421 4795 560 4858 pertingere
582 4801 608 4845 et
634 4793 692 4844 inde
711 4795 806 4844 reflecti
831 4797 963 4862 seigneur
982 4797 1121 4850 accendere
1144 4805 1277 4865 nequeant.
1315 4799 1366 4852 Sed
1387 4809 1440 4852 esto
1455 4805 1510 4866 iarn
1526 4797 1657 4866 esnagia
1720 4781 1721 4822 ἶ

315 4873 342 4917 et
362 4876 421 4914 mea
439 4863 569 4915 seutentia-
585 4864 713 4927 speculum
732 4865 835 4930 siquod
852 4879 988 4918 concavum
1006 4867 1175 4933 sphaericum,
1198 4873 1269 4934 cujus
1289 4870 1395 4924 latitudo
1419 4871 1490 4926 ΓΗΚ
1512 4875 1546 4923 eit
1565 4878 1657 4922 emaus
1720 4873 1721 4907 l
