<?xml version="1.0" encoding="UTF-8"?>
<!DOCTYPE html PUBLIC "-//W3C//DTD XHTML 1.0 Transitional//EN"
    "http://www.w3.org/TR/xhtml1/DTD/xhtml1-transitional.dtd">
<html xmlns="http://www.w3.org/1999/xhtml" xml:lang="en" lang="en">
 <head>
  <title>
</title>
<meta http-equiv="Content-Type" content="text/html;charset=utf-8" />
  <meta name='ocr-system' content='tesseract 3.04.00' />
  <meta name='ocr-capabilities' content='ocr_page ocr_carea ocr_par ocr_line ocrx_word'/>
</head>
<body>
  <div class='ocr_page' id='page_1' title='image "./joanniskepleria02unkngoog/joanniskepleria02unkngoog_0613.png"; bbox 0 0 3700 5530; ppageno 0'>
   <div class='ocr_carea' id='block_1_1' title="bbox 353 265 1212 368">
    <p class='ocr_par' dir='ltr' id='par_1_1' title="bbox 353 265 1212 368">
     <span class='ocr_line' id='line_1_1' title="bbox 353 265 1212 368; baseline -0.002 -8"><span class='ocrx_word' id='word_1_1' title='bbox 353 299 419 368; x_wconf 85' lang='lat'><strong>580</strong></span> <span class='ocrx_word' id='word_1_2' title='bbox 645 265 649 270; x_wconf 31' lang='grc'><em>.</em></span> <span class='ocrx_word' id='word_1_3' title='bbox 839 304 869 354; x_wconf 90' lang='lat' dir='ltr'><strong>In</strong></span> <span class='ocrx_word' id='word_1_4' title='bbox 885 303 974 356; x_wconf 85' lang='lat' dir='ltr'><strong>librum</strong></span> <span class='ocrx_word' id='word_1_5' title='bbox 992 305 1023 358; x_wconf 88' lang='lat' dir='ltr'><strong>de</strong></span> <span class='ocrx_word' id='word_1_6' title='bbox 1042 305 1123 360; x_wconf 67' lang='lat' dir='ltr'><strong>sana</strong></span> <span class='ocrx_word' id='word_1_7' title='bbox 1139 305 1212 358; x_wconf 73' lang='lat' dir='ltr'><strong>Nora</strong></span> 
     </span>
    </p>
   </div>
   <div class='ocr_carea' id='block_1_2' title="bbox 350 477 1721 3495">
    <p class='ocr_par' dir='ltr' id='par_1_2' title="bbox 351 477 1721 1984">
     <span class='ocr_line' id='line_1_2' title="bbox 354 477 1721 563; baseline 0.004 -22"><span class='ocrx_word' id='word_1_8' title='bbox 354 499 454 542; x_wconf 89' lang='lat' dir='ltr'><strong>eorum</strong></span> <span class='ocrx_word' id='word_1_9' title='bbox 479 477 675 543; x_wconf 84' lang='lat' dir='ltr'><strong>difficultates</strong></span> <span class='ocrx_word' id='word_1_10' title='bbox 693 481 843 560; x_wconf 87' lang='lat' dir='ltr'><strong>Keplerus</strong></span> <span class='ocrx_word' id='word_1_11' title='bbox 867 483 988 562; x_wconf 85' lang='lat' dir='ltr'><strong>egregie</strong></span> <span class='ocrx_word' id='word_1_12' title='bbox 1013 481 1136 563; x_wconf 89' lang='lat' dir='ltr'><strong>expedit</strong></span> <span class='ocrx_word' id='word_1_13' title='bbox 1158 492 1190 544; x_wconf 90' lang='lat' dir='ltr'><strong>at</strong></span> <span class='ocrx_word' id='word_1_14' title='bbox 1213 501 1306 562; x_wconf 89' lang='lat' dir='ltr'><strong>saepe</strong></span> <span class='ocrx_word' id='word_1_15' title='bbox 1331 484 1449 546; x_wconf 82' lang='lat' dir='ltr'><strong>facetiis</strong></span> <span class='ocrx_word' id='word_1_16' title='bbox 1472 485 1577 550; x_wconf 83' lang='lat' dir='ltr'><strong>vincit.</strong></span> <span class='ocrx_word' id='word_1_17' title='bbox 1627 483 1721 548; x_wconf 85' lang='lat' dir='ltr'><strong>Serio</strong></span> 
     </span>
     <span class='ocr_line' id='line_1_3' title="bbox 352 570 1721 642; baseline 0.004 -11"><span class='ocrx_word' id='word_1_18' title='bbox 352 575 452 631; x_wconf 88' lang='lat' dir='ltr'><strong>autem</strong></span> <span class='ocrx_word' id='word_1_19' title='bbox 477 587 540 630; x_wconf 90' lang='lat' dir='ltr'><strong>rem</strong></span> <span class='ocrx_word' id='word_1_20' title='bbox 563 577 710 642; x_wconf 88' lang='lat' dir='ltr'><strong>tractans,</strong></span> <span class='ocrx_word' id='word_1_21' title='bbox 735 570 918 632; x_wconf 88' lang='lat' dir='ltr'><strong>seutentiam</strong></span> <span class='ocrx_word' id='word_1_22' title='bbox 941 572 1065 635; x_wconf 82' lang='lat' dir='ltr'><strong>tirmiter</strong></span> <span class='ocrx_word' id='word_1_23' title='bbox 1087 579 1173 634; x_wconf 87' lang='lat' dir='ltr'><strong>tenet</strong></span> <span class='ocrx_word' id='word_1_24' title='bbox 1196 571 1233 634; x_wconf 89' lang='lat' dir='ltr'><strong>de</strong></span> <span class='ocrx_word' id='word_1_25' title='bbox 1258 573 1359 635; x_wconf 89' lang='lat' dir='ltr'><strong>anima</strong></span> <span class='ocrx_word' id='word_1_26' title='bbox 1382 571 1547 637; x_wconf 85' lang='lat' dir='ltr'><strong>sublunari.</strong></span> <span class='ocrx_word' id='word_1_27' title='bbox 1594 575 1721 636; x_wconf 88' lang='lat' dir='ltr'><strong>Tribnit</strong></span> 
     </span>
     <span class='ocr_line' id='line_1_4' title="bbox 352 656 1719 742; baseline 0.004 -23"><span class='ocrx_word' id='word_1_28' title='bbox 352 657 481 719; x_wconf 80' lang='lat' dir='ltr'><strong>Telluris</strong></span> <span class='ocrx_word' id='word_1_29' title='bbox 506 656 595 736; x_wconf 87' lang='lat' dir='ltr'>globo</span> <span class='ocrx_word' id='word_1_30' title='bbox 626 659 774 736; x_wconf 88' lang='lat' dir='ltr'><strong>geminam</strong></span> <span class='ocrx_word' id='word_1_31' title='bbox 806 659 998 734; x_wconf 82' lang='lat' dir='ltr'><strong>facultatem,</strong></span> <span class='ocrx_word' id='word_1_32' title='bbox 1032 661 1160 722; x_wconf 89' lang='lat' dir='ltr'><strong>alteram</strong></span> <span class='ocrx_word' id='word_1_33' title='bbox 1191 662 1364 724; x_wconf 86' lang='lat' dir='ltr'><strong>attrahendi</strong></span> <span class='ocrx_word' id='word_1_34' title='bbox 1400 681 1495 742; x_wconf 87' lang='lat' dir='ltr'><strong>aquas</strong></span> <span class='ocrx_word' id='word_1_35' title='bbox 1524 664 1663 725; x_wconf 86' lang='lat' dir='ltr'><strong>marinas</strong></span> <span class='ocrx_word' id='word_1_36' title='bbox 1688 665 1719 724; x_wconf 91' lang='lat' dir='ltr'><strong>in</strong></span> 
     </span>
     <span class='ocr_line' id='line_1_5' title="bbox 355 747 1719 832; baseline 0.003 -24"><span class='ocrx_word' id='word_1_37' title='bbox 355 747 490 808; x_wconf 88' lang='lat' dir='ltr'><strong>occultas</strong></span> <span class='ocrx_word' id='word_1_38' title='bbox 514 747 717 809; x_wconf 87' lang='lat' dir='ltr'><strong>concoctiouis</strong></span> <span class='ocrx_word' id='word_1_39' title='bbox 740 749 838 821; x_wconf 87' lang='lat' dir='ltr'><strong>sedes,</strong></span> <span class='ocrx_word' id='word_1_40' title='bbox 864 750 992 810; x_wconf 89' lang='lat' dir='ltr'><strong>alteram</strong></span> <span class='ocrx_word' id='word_1_41' title='bbox 1008 749 1176 829; x_wconf 91' lang='lat' dir='ltr'><strong>expellendi</strong></span> <span class='ocrx_word' id='word_1_42' title='bbox 1201 769 1330 830; x_wconf 76' lang='lat' dir='ltr'><strong>vapores</strong></span> <span class='ocrx_word' id='word_1_43' title='bbox 1353 761 1514 814; x_wconf 73' lang='lat' dir='ltr'><strong>concoctos</strong></span> <span class='ocrx_word' id='word_1_44' title='bbox 1538 771 1593 832; x_wconf 93' lang='lat' dir='ltr'><strong>per</strong></span> <span class='ocrx_word' id='word_1_45' title='bbox 1618 771 1719 832; x_wconf 87' lang='lat' dir='ltr'><strong>queu-</strong></span> 
     </span>
     <span class='ocr_line' id='line_1_6' title="bbox 354 833 1721 920; baseline 0.004 -23"><span class='ocrx_word' id='word_1_46' title='bbox 354 837 422 897; x_wconf 87' lang='lat' dir='ltr'><strong>darn</strong></span> <span class='ocrx_word' id='word_1_47' title='bbox 447 833 531 913; x_wconf 91' lang='lat' dir='ltr'><strong>quasi</strong></span> <span class='ocrx_word' id='word_1_48' title='bbox 556 835 704 898; x_wconf 89' lang='lat' dir='ltr'><strong>sudorem.</strong></span> <span class='ocrx_word' id='word_1_49' title='bbox 751 837 839 898; x_wconf 87' lang='lat' dir='ltr'><strong>Hauc</strong></span> <span class='ocrx_word' id='word_1_50' title='bbox 870 838 1048 900; x_wconf 77' lang='lat' dir='ltr'><strong>facultatem</strong></span> <span class='ocrx_word' id='word_1_51' title='bbox 1072 838 1257 917; x_wconf 78' lang='lat' dir='ltr'><strong>expulsivam</strong></span> <span class='ocrx_word' id='word_1_52' title='bbox 1292 839 1440 901; x_wconf 89' lang='lat' dir='ltr'><strong>stimulari</strong></span> <span class='ocrx_word' id='word_1_53' title='bbox 1471 841 1510 902; x_wconf 88' lang='lat' dir='ltr'><strong>ab</strong></span> <span class='ocrx_word' id='word_1_54' title='bbox 1537 842 1721 920; x_wconf 86' lang='lat' dir='ltr'><strong>aspectibus</strong></span> 
     </span>
     <span class='ocr_line' id='line_1_7' title="bbox 353 925 1720 1008; baseline 0.004 -23"><span class='ocrx_word' id='word_1_55' title='bbox 353 926 540 1004; x_wconf 87' lang='lat' dir='ltr'><strong>planetarum</strong></span> <span class='ocrx_word' id='word_1_56' title='bbox 563 925 744 986; x_wconf 80' lang='lat' dir='ltr'><strong>harmonicis</strong></span> <span class='ocrx_word' id='word_1_57' title='bbox 767 925 969 988; x_wconf 86' lang='lat' dir='ltr'><strong>certissimum</strong></span> <span class='ocrx_word' id='word_1_58' title='bbox 997 945 1075 988; x_wconf 88' lang='lat' dir='ltr'><strong>esse.</strong></span> <span class='ocrx_word' id='word_1_59' title='bbox 1121 928 1164 989; x_wconf 91' lang='lat' dir='ltr'><strong>Ut</strong></span> <span class='ocrx_word' id='word_1_60' title='bbox 1187 929 1298 1003; x_wconf 88' lang='lat' dir='ltr'><strong>Terra,</strong></span> <span class='ocrx_word' id='word_1_61' title='bbox 1332 928 1445 1008; x_wconf 88' lang='lat' dir='ltr'><strong>inquit,</strong></span> <span class='ocrx_word' id='word_1_62' title='bbox 1473 930 1520 991; x_wconf 89' lang='lat' dir='ltr'><strong>ita</strong></span> <span class='ocrx_word' id='word_1_63' title='bbox 1551 930 1643 991; x_wconf 89' lang='lat' dir='ltr'><strong>horno</strong></span> <span class='ocrx_word' id='word_1_64' title='bbox 1676 931 1720 990; x_wconf 91' lang='lat' dir='ltr'><strong>ad</strong></span> 
     </span>
     <span class='ocr_line' id='line_1_8' title="bbox 354 1004 1719 1098; baseline 0.004 -23"><span class='ocrx_word' id='word_1_65' title='bbox 354 1012 540 1075; x_wconf 85' lang='lat' dir='ltr'><strong>harmoniam</strong></span> <span class='ocrx_word' id='word_1_66' title='bbox 564 1012 662 1074; x_wconf 92' lang='lat' dir='ltr'><strong>auimo</strong></span> <span class='ocrx_word' id='word_1_67' title='bbox 686 1004 911 1095; x_wconf 87' lang='lat' dir='ltr'><strong>concipiendam</strong></span> <span class='ocrx_word' id='word_1_68' title='bbox 936 1033 1030 1094; x_wconf 90' lang='lat' dir='ltr'><strong>aeque</strong></span> <span class='ocrx_word' id='word_1_69' title='bbox 1054 1023 1144 1096; x_wconf 87' lang='lat' dir='ltr'><strong>atque</strong></span> <span class='ocrx_word' id='word_1_70' title='bbox 1168 1015 1228 1079; x_wconf 89' lang='lat' dir='ltr'><strong>ista</strong></span> <span class='ocrx_word' id='word_1_71' title='bbox 1251 1025 1369 1097; x_wconf 89' lang='lat' dir='ltr'><strong>pateus,</strong></span> <span class='ocrx_word' id='word_1_72' title='bbox 1395 1017 1577 1080; x_wconf 80' lang='lat' dir='ltr'><strong>harmonicis</strong></span> <span class='ocrx_word' id='word_1_73' title='bbox 1601 1037 1719 1098; x_wconf 86' lang='lat' dir='ltr'><strong>aspec-</strong></span> 
     </span>
     <span class='ocr_line' id='line_1_9' title="bbox 355 1101 1719 1184; baseline 0.003 -20"><span class='ocrx_word' id='word_1_74' title='bbox 355 1103 434 1164; x_wconf 81' lang='lat' dir='ltr'><strong>tibus</strong></span> <span class='ocrx_word' id='word_1_75' title='bbox 459 1101 593 1178; x_wconf 87' lang='lat' dir='ltr'><strong>erigitur.</strong></span> <span class='ocrx_word' id='word_1_76' title='bbox 641 1103 748 1183; x_wconf 88' lang='lat' dir='ltr'><strong>Itaque</strong></span> <span class='ocrx_word' id='word_1_77' title='bbox 772 1121 850 1164; x_wconf 89' lang='lat' dir='ltr'><strong>uova</strong></span> <span class='ocrx_word' id='word_1_78' title='bbox 874 1123 990 1184; x_wconf 91' lang='lat' dir='ltr'><strong>quoque</strong></span> <span class='ocrx_word' id='word_1_79' title='bbox 1014 1106 1105 1166; x_wconf 88' lang='lat' dir='ltr'><strong>stella</strong></span> <span class='ocrx_word' id='word_1_80' title='bbox 1127 1105 1210 1166; x_wconf 92' lang='lat' dir='ltr'><strong>illum</strong></span> <span class='ocrx_word' id='word_1_81' title='bbox 1234 1114 1416 1167; x_wconf 87' lang='lat' dir='ltr'><strong>commotum</strong></span> <span class='ocrx_word' id='word_1_82' title='bbox 1441 1115 1473 1166; x_wconf 88' lang='lat' dir='ltr'><strong>et</strong></span> <span class='ocrx_word' id='word_1_83' title='bbox 1487 1117 1621 1168; x_wconf 89' lang='lat' dir='ltr'><strong>erectum</strong></span> <span class='ocrx_word' id='word_1_84' title='bbox 1647 1127 1719 1168; x_wconf 87' lang='lat' dir='ltr'><strong>esse</strong></span> 
     </span>
     <span class='ocr_line' id='line_1_10' title="bbox 352 1189 1718 1272; baseline 0.005 -22"><span class='ocrx_word' id='word_1_85' title='bbox 352 1190 516 1262; x_wconf 85' lang='lat' dir='ltr'><strong>verisimile</strong></span> <span class='ocrx_word' id='word_1_86' title='bbox 545 1189 682 1270; x_wconf 88' lang='lat' dir='ltr'><strong>judicat,</strong></span> <span class='ocrx_word' id='word_1_87' title='bbox 717 1210 896 1272; x_wconf 89' lang='lat' dir='ltr'><strong>quamquam</strong></span> <span class='ocrx_word' id='word_1_88' title='bbox 928 1212 1004 1272; x_wconf 90' lang='lat' dir='ltr'><strong>quae</strong></span> <span class='ocrx_word' id='word_1_89' title='bbox 1028 1202 1114 1255; x_wconf 89' lang='lat' dir='ltr'><strong>certa</strong></span> <span class='ocrx_word' id='word_1_90' title='bbox 1143 1195 1235 1256; x_wconf 84' lang='lat' dir='ltr'><strong>fuerit</strong></span> <span class='ocrx_word' id='word_1_91' title='bbox 1268 1194 1377 1256; x_wconf 89' lang='lat' dir='ltr'><strong>stellae</strong></span> <span class='ocrx_word' id='word_1_92' title='bbox 1409 1195 1475 1269; x_wconf 79' lang='lat' dir='ltr'><strong>vis,</strong></span> <span class='ocrx_word' id='word_1_93' title='bbox 1508 1205 1597 1256; x_wconf 86' lang='lat' dir='ltr'><strong>caute</strong></span> <span class='ocrx_word' id='word_1_94' title='bbox 1631 1197 1718 1257; x_wconf 88' lang='lat' dir='ltr'><strong>silet.</strong></span> 
     </span>
     <span class='ocr_line' id='line_1_11' title="bbox 353 1277 1720 1364; baseline 0.003 -23"><span class='ocrx_word' id='word_1_95' title='bbox 353 1277 540 1341; x_wconf 88' lang='lat' dir='ltr'><strong>Verisimilia</strong></span> <span class='ocrx_word' id='word_1_96' title='bbox 563 1279 666 1352; x_wconf 90' lang='lat' dir='ltr'><strong>multa,</strong></span> <span class='ocrx_word' id='word_1_97' title='bbox 692 1282 767 1343; x_wconf 92' lang='lat' dir='ltr'><strong>certi</strong></span> <span class='ocrx_word' id='word_1_98' title='bbox 791 1282 865 1343; x_wconf 90' lang='lat' dir='ltr'><strong>nihil</strong></span> <span class='ocrx_word' id='word_1_99' title='bbox 889 1283 987 1344; x_wconf 88' lang='lat' dir='ltr'><strong>datur.</strong></span> <span class='ocrx_word' id='word_1_100' title='bbox 1036 1281 1152 1345; x_wconf 85' lang='lat' dir='ltr'><strong>Contra</strong></span> <span class='ocrx_word' id='word_1_101' title='bbox 1179 1283 1289 1362; x_wconf 87' lang='lat' dir='ltr'><strong>jocans</strong></span> <span class='ocrx_word' id='word_1_102' title='bbox 1322 1281 1424 1346; x_wconf 86' lang='lat' dir='ltr'><strong>addit:</strong></span> <span class='ocrx_word' id='word_1_103' title='bbox 1462 1301 1612 1362; x_wconf 86' lang='lat' dir='ltr'><strong>„quaeras</strong></span> <span class='ocrx_word' id='word_1_104' title='bbox 1645 1285 1720 1364; x_wconf 92' lang='lat' dir='ltr'><strong>quid</strong></span> 
     </span>
     <span class='ocr_line' id='line_1_12' title="bbox 352 1368 1719 1450; baseline 0.004 -22"><span class='ocrx_word' id='word_1_105' title='bbox 352 1368 539 1448; x_wconf 83' lang='lat' dir='ltr'><strong>portenderit</strong></span> <span class='ocrx_word' id='word_1_106' title='bbox 568 1387 676 1430; x_wconf 88' lang='lat' dir='ltr'><strong>novum</strong></span> <span class='ocrx_word' id='word_1_107' title='bbox 711 1371 818 1432; x_wconf 87' lang='lat' dir='ltr'><strong>sidus?</strong></span> <span class='ocrx_word' id='word_1_108' title='bbox 850 1371 986 1432; x_wconf 88' lang='lat' dir='ltr'><strong>nimirum</strong></span> <span class='ocrx_word' id='word_1_109' title='bbox 1018 1373 1128 1432; x_wconf 88' lang='lat' dir='ltr'><strong>multas</strong></span> <span class='ocrx_word' id='word_1_110' title='bbox 1161 1371 1321 1432; x_wconf 90' lang='lat' dir='ltr'><strong>multorum</strong></span> <span class='ocrx_word' id='word_1_111' title='bbox 1354 1371 1536 1450; x_wconf 87' lang='lat' dir='ltr'><strong>scriptiones</strong></span> <span class='ocrx_word' id='word_1_112' title='bbox 1568 1375 1604 1434; x_wconf 88' lang='lat' dir='ltr'><strong>de</strong></span> <span class='ocrx_word' id='word_1_113' title='bbox 1638 1393 1719 1434; x_wconf 88' lang='lat' dir='ltr'><strong>novo</strong></span> 
     </span>
     <span class='ocr_line' id='line_1_13' title="bbox 353 1457 1718 1541; baseline 0.003 -23"><span class='ocrx_word' id='word_1_114' title='bbox 353 1457 461 1530; x_wconf 85' lang='lat' dir='ltr'><strong>sidere,</strong></span> <span class='ocrx_word' id='word_1_115' title='bbox 487 1458 598 1518; x_wconf 87' lang='lat' dir='ltr'><strong>multas</strong></span> <span class='ocrx_word' id='word_1_116' title='bbox 621 1459 877 1538; x_wconf 82' lang='lat' dir='ltr'><strong>typographorum</strong></span> <span class='ocrx_word' id='word_1_117' title='bbox 897 1460 1142 1541; x_wconf 85' lang='lat' dir='ltr'><strong>occupationes.“</strong></span> <span class='ocrx_word' id='word_1_118' title='bbox 1181 1461 1267 1520; x_wconf 91' lang='lat' dir='ltr'><strong>Hanc</strong></span> <span class='ocrx_word' id='word_1_119' title='bbox 1291 1459 1461 1540; x_wconf 89' lang='lat' dir='ltr'><strong>opinionem</strong></span> <span class='ocrx_word' id='word_1_120' title='bbox 1480 1461 1546 1540; x_wconf 85' lang='lat' dir='ltr'><strong>jam</strong></span> <span class='ocrx_word' id='word_1_121' title='bbox 1569 1469 1663 1522; x_wconf 88' lang='lat' dir='ltr'><strong>autea</strong></span> <span class='ocrx_word' id='word_1_122' title='bbox 1687 1463 1718 1522; x_wconf 91' lang='lat' dir='ltr'><strong>iu</strong></span> 
     </span>
     <span class='ocr_line' id='line_1_14' title="bbox 354 1542 1719 1628; baseline 0.002 -20"><span class='ocrx_word' id='word_1_123' title='bbox 354 1547 455 1608; x_wconf 94' lang='lat' dir='ltr'><strong>libello</strong></span> <span class='ocrx_word' id='word_1_124' title='bbox 472 1542 654 1608; x_wconf 88' lang='lat' dir='ltr'><strong>Gemuanica</strong></span> <span class='ocrx_word' id='word_1_125' title='bbox 678 1548 779 1628; x_wconf 88' lang='lat' dir='ltr'><strong>lingua</strong></span> <span class='ocrx_word' id='word_1_126' title='bbox 803 1549 971 1628; x_wconf 88' lang='lat' dir='ltr'><strong>conscripto</strong></span> <span class='ocrx_word' id='word_1_127' title='bbox 994 1545 1113 1623; x_wconf 76' lang='lat'>(1605)</span> <span class='ocrx_word' id='word_1_128' title='bbox 1136 1549 1290 1626; x_wconf 82' lang='lat' dir='ltr'><strong>professus</strong></span> <span class='ocrx_word' id='word_1_129' title='bbox 1315 1557 1396 1624; x_wconf 86' lang='lat' dir='ltr'><strong>erat,</strong></span> <span class='ocrx_word' id='word_1_130' title='bbox 1422 1557 1453 1610; x_wconf 89' lang='lat' dir='ltr'><strong>et</strong></span> <span class='ocrx_word' id='word_1_131' title='bbox 1479 1569 1516 1610; x_wconf 90' lang='lat' dir='ltr'><strong>ne</strong></span> <span class='ocrx_word' id='word_1_132' title='bbox 1539 1551 1719 1612; x_wconf 84' lang='lat' dir='ltr'><strong>vaticinium</strong></span> 
     </span>
     <span class='ocr_line' id='line_1_15' title="bbox 351 1635 1721 1720; baseline 0.002 -23"><span class='ocrx_word' id='word_1_133' title='bbox 351 1653 440 1698; x_wconf 89' lang='lat' dir='ltr'><strong>soum</strong></span> <span class='ocrx_word' id='word_1_134' title='bbox 472 1635 509 1696; x_wconf 96' lang='lat' dir='ltr'><strong>de</strong></span> <span class='ocrx_word' id='word_1_135' title='bbox 546 1654 580 1696; x_wconf 87' lang='lat' dir='ltr'><strong>se</strong></span> <span class='ocrx_word' id='word_1_136' title='bbox 618 1643 757 1697; x_wconf 86' lang='lat' dir='ltr'><strong>eventum</strong></span> <span class='ocrx_word' id='word_1_137' title='bbox 787 1637 916 1712; x_wconf 88' lang='lat' dir='ltr'><strong>babeat,</strong></span> <span class='ocrx_word' id='word_1_138' title='bbox 950 1639 1068 1700; x_wconf 90' lang='lat' dir='ltr'><strong>nonnisi</strong></span> <span class='ocrx_word' id='word_1_139' title='bbox 1096 1635 1162 1701; x_wconf 83' lang='lat'><strong>200</strong></span> <span class='ocrx_word' id='word_1_140' title='bbox 1185 1637 1372 1716; x_wconf 88' lang='lat' dir='ltr'><strong>exemplaria</strong></span> <span class='ocrx_word' id='word_1_141' title='bbox 1403 1637 1486 1720; x_wconf 82' lang='lat' dir='ltr'><strong>typis</strong></span> <span class='ocrx_word' id='word_1_142' title='bbox 1519 1639 1721 1718; x_wconf 87' lang='lat' dir='ltr'><strong>exprimenda</strong></span> 
     </span>
     <span class='ocr_line' id='line_1_16' title="bbox 354 1720 1718 1808; baseline 0.001 -22"><span class='ocrx_word' id='word_1_143' title='bbox 354 1720 531 1798; x_wconf 74' lang='lat' dir='ltr'><strong>curaverat:</strong></span> <span class='ocrx_word' id='word_1_144' title='bbox 559 1742 736 1804; x_wconf 88' lang='lat' dir='ltr'><strong>quamquam</strong></span> <span class='ocrx_word' id='word_1_145' title='bbox 759 1725 914 1806; x_wconf 85' lang='lat' dir='ltr'><strong>Ambergi‚</strong></span> <span class='ocrx_word' id='word_1_146' title='bbox 939 1727 992 1801; x_wconf 88' lang='lat' dir='ltr'><strong>ait,</strong></span> <span class='ocrx_word' id='word_1_147' title='bbox 1018 1727 1192 1808; x_wconf 89' lang='lat' dir='ltr'><strong>opusculum</strong></span> <span class='ocrx_word' id='word_1_148' title='bbox 1216 1743 1300 1788; x_wconf 88' lang='lat' dir='ltr'><strong>suum</strong></span> <span class='ocrx_word' id='word_1_149' title='bbox 1316 1725 1419 1787; x_wconf 82' lang='lat' dir='ltr'><strong>furtim</strong></span> <span class='ocrx_word' id='word_1_150' title='bbox 1434 1745 1503 1788; x_wconf 91' lang='lat' dir='ltr'><strong>esse</strong></span> <span class='ocrx_word' id='word_1_151' title='bbox 1517 1729 1718 1807; x_wconf 88' lang='lat' dir='ltr'><strong>exscriptum.</strong></span> 
     </span>
     <span class='ocr_line' id='line_1_17' title="bbox 359 1812 1721 1896; baseline 0.003 -22"><span class='ocrx_word' id='word_1_152' title='bbox 359 1815 486 1892; x_wconf 85' lang='lat' dir='ltr'><strong>„Itaque</strong></span> <span class='ocrx_word' id='word_1_153' title='bbox 519 1812 648 1892; x_wconf 83' lang='lat' dir='ltr'><strong>gratiam</strong></span> <span class='ocrx_word' id='word_1_154' title='bbox 682 1813 756 1893; x_wconf 90' lang='lat' dir='ltr'><strong>ipsis</strong></span> <span class='ocrx_word' id='word_1_155' title='bbox 792 1815 907 1886; x_wconf 89' lang='lat' dir='ltr'><strong>habeo,</strong></span> <span class='ocrx_word' id='word_1_156' title='bbox 940 1816 1009 1896; x_wconf 90' lang='lat' dir='ltr'><strong>quia</strong></span> <span class='ocrx_word' id='word_1_157' title='bbox 1041 1815 1215 1878; x_wconf 89' lang='lat' dir='ltr'><strong>vaticinium</strong></span> <span class='ocrx_word' id='word_1_158' title='bbox 1247 1833 1346 1876; x_wconf 88' lang='lat' dir='ltr'><strong>meum</strong></span> <span class='ocrx_word' id='word_1_159' title='bbox 1379 1815 1621 1894; x_wconf 88' lang='lat' dir='ltr'><strong>adimpleverunt</strong></span> <span class='ocrx_word' id='word_1_160' title='bbox 1652 1835 1721 1878; x_wconf 87' lang='lat' dir='ltr'><strong>mea</strong></span> 
     </span>
     <span class='ocr_line' id='line_1_18' title="bbox 352 1901 1381 1984; baseline -0.003 -22"><span class='ocrx_word' id='word_1_161' title='bbox 352 1901 448 1984; x_wconf 89' lang='lat' dir='ltr'><strong>ipsius</strong></span> <span class='ocrx_word' id='word_1_162' title='bbox 472 1901 582 1981; x_wconf 90' lang='lat' dir='ltr'><strong>opella,</strong></span> <span class='ocrx_word' id='word_1_163' title='bbox 607 1902 684 1962; x_wconf 88' lang='lat' dir='ltr'><strong>citra</strong></span> <span class='ocrx_word' id='word_1_164' title='bbox 708 1919 805 1965; x_wconf 92' lang='lat' dir='ltr'><strong>meam</strong></span> <span class='ocrx_word' id='word_1_165' title='bbox 829 1905 983 1984; x_wconf 82' lang='lat' dir='ltr'><strong>operam.“</strong></span> <span class='ocrx_word' id='word_1_166' title='bbox 1030 1910 1127 1977; x_wconf 84' lang='lat' dir='ltr'><strong>(comp.</strong></span> <span class='ocrx_word' id='word_1_167' title='bbox 1146 1911 1202 1962; x_wconf 81' lang='lat' dir='ltr'><strong>Vol.</strong></span> <span class='ocrx_word' id='word_1_168' title='bbox 1221 1911 1241 1962; x_wconf 92' lang='lat'><strong>1.</strong></span> <span class='ocrx_word' id='word_1_169' title='bbox 1262 1927 1286 1976; x_wconf 82' lang='lat' dir='ltr'><strong>p.</strong></span> <span class='ocrx_word' id='word_1_170' title='bbox 1305 1909 1381 1975; x_wconf 80' lang='lat' dir='ltr'><strong>ttt.)</strong></span> 
     </span>
    </p>

    <p class='ocr_par' dir='ltr' id='par_1_3' title="bbox 350 1990 1720 3495">
     <span class='ocr_line' id='line_1_19' title="bbox 442 1990 1719 2073; baseline 0 -22"><span class='ocrx_word' id='word_1_171' title='bbox 442 1990 488 2051; x_wconf 90' lang='lat' dir='ltr'><strong>De</strong></span> <span class='ocrx_word' id='word_1_172' title='bbox 512 1990 602 2052; x_wconf 89' lang='lat' dir='ltr'><strong>rebus</strong></span> <span class='ocrx_word' id='word_1_173' title='bbox 625 1991 753 2070; x_wconf 90' lang='lat' dir='ltr'><strong>publicis</strong></span> <span class='ocrx_word' id='word_1_174' title='bbox 776 1993 863 2072; x_wconf 87' lang='lat' dir='ltr'><strong>plura</strong></span> <span class='ocrx_word' id='word_1_175' title='bbox 887 1999 919 2054; x_wconf 90' lang='lat' dir='ltr'><strong>et</strong></span> <span class='ocrx_word' id='word_1_176' title='bbox 943 1993 1042 2071; x_wconf 87' lang='lat' dir='ltr'><strong>lepida</strong></span> <span class='ocrx_word' id='word_1_177' title='bbox 1065 1995 1208 2067; x_wconf 85' lang='lat' dir='ltr'><strong>allereus,</strong></span> <span class='ocrx_word' id='word_1_178' title='bbox 1243 1993 1360 2056; x_wconf 89' lang='lat' dir='ltr'><strong>coelum</strong></span> <span class='ocrx_word' id='word_1_179' title='bbox 1391 1993 1490 2073; x_wconf 88' lang='lat' dir='ltr'><strong>ipsum</strong></span> <span class='ocrx_word' id='word_1_180' title='bbox 1519 1992 1556 2053; x_wconf 91' lang='lat' dir='ltr'><strong>de</strong></span> <span class='ocrx_word' id='word_1_181' title='bbox 1590 1993 1719 2052; x_wconf 87' lang='lat' dir='ltr'><strong>mutatis</strong></span> 
     </span>
     <span class='ocr_line' id='line_1_20' title="bbox 353 2079 1718 2162; baseline 0 -22"><span class='ocrx_word' id='word_1_182' title='bbox 353 2097 430 2160; x_wconf 89' lang='lat' dir='ltr'><strong>quae</strong></span> <span class='ocrx_word' id='word_1_183' title='bbox 456 2086 615 2141; x_wconf 89' lang='lat' dir='ltr'><strong>narrantur</strong></span> <span class='ocrx_word' id='word_1_184' title='bbox 643 2080 734 2141; x_wconf 89' lang='lat' dir='ltr'><strong>rebus</strong></span> <span class='ocrx_word' id='word_1_185' title='bbox 758 2079 859 2159; x_wconf 87' lang='lat' dir='ltr'><strong>injus</strong></span> <span class='ocrx_word' id='word_1_186' title='bbox 883 2081 985 2143; x_wconf 85' lang='lat' dir='ltr'><strong>vocari</strong></span> <span class='ocrx_word' id='word_1_187' title='bbox 1008 2089 1113 2156; x_wconf 79' lang='lat' dir='ltr'><strong>vetat:</strong></span> <span class='ocrx_word' id='word_1_188' title='bbox 1145 2099 1174 2143; x_wconf 84' lang='lat' dir='ltr'><strong>v.</strong></span> <span class='ocrx_word' id='word_1_189' title='bbox 1199 2101 1226 2144; x_wconf 92' lang='lat' dir='ltr'><strong>o.</strong></span> <span class='ocrx_word' id='word_1_190' title='bbox 1260 2081 1339 2157; x_wconf 88' lang='lat' dir='ltr'><strong>„etsi</strong></span> <span class='ocrx_word' id='word_1_191' title='bbox 1373 2090 1406 2144; x_wconf 89' lang='lat' dir='ltr'><strong>at</strong></span> <span class='ocrx_word' id='word_1_192' title='bbox 1435 2089 1508 2162; x_wconf 92' lang='lat' dir='ltr'><strong>opto</strong></span> <span class='ocrx_word' id='word_1_193' title='bbox 1539 2089 1571 2141; x_wconf 84' lang='lat' dir='ltr'><strong>et</strong></span> <span class='ocrx_word' id='word_1_194' title='bbox 1595 2081 1718 2141; x_wconf 90' lang='lat' dir='ltr'><strong>omuino</strong></span> 
     </span>
     <span class='ocr_line' id='line_1_21' title="bbox 352 2167 1718 2251; baseline 0 -21"><span class='ocrx_word' id='word_1_195' title='bbox 352 2167 501 2242; x_wconf 90' lang='lat' dir='ltr'><strong>existimo,</strong></span> <span class='ocrx_word' id='word_1_196' title='bbox 522 2168 588 2247; x_wconf 89' lang='lat' dir='ltr'><strong>jam</strong></span> <span class='ocrx_word' id='word_1_197' title='bbox 608 2187 694 2230; x_wconf 90' lang='lat' dir='ltr'><strong>ruere</strong></span> <span class='ocrx_word' id='word_1_198' title='bbox 709 2167 928 2231; x_wconf 91' lang='lat' dir='ltr'><strong>Othomanicae</strong></span> <span class='ocrx_word' id='word_1_199' title='bbox 952 2171 1085 2233; x_wconf 76' lang='lat' dir='ltr'><strong>familiae</strong></span> <span class='ocrx_word' id='word_1_200' title='bbox 1109 2171 1287 2251; x_wconf 89' lang='lat' dir='ltr'><strong>potentiam,</strong></span> <span class='ocrx_word' id='word_1_201' title='bbox 1313 2171 1469 2234; x_wconf 85' lang='lat' dir='ltr'><strong>naturales</strong></span> <span class='ocrx_word' id='word_1_202' title='bbox 1485 2178 1587 2232; x_wconf 71' lang='lat' dir='ltr'><strong>tarum</strong></span> <span class='ocrx_word' id='word_1_203' title='bbox 1605 2188 1718 2230; x_wconf 82' lang='lat' dir='ltr'><strong>causas</strong></span> 
     </span>
     <span class='ocr_line' id='line_1_22' title="bbox 353 2255 1717 2338; baseline 0.001 -20"><span class='ocrx_word' id='word_1_204' title='bbox 353 2277 390 2318; x_wconf 90' lang='lat' dir='ltr'><strong>ex</strong></span> <span class='ocrx_word' id='word_1_205' title='bbox 413 2257 533 2335; x_wconf 86' lang='lat' dir='ltr'><strong>trigono</strong></span> <span class='ocrx_word' id='word_1_206' title='bbox 557 2256 646 2335; x_wconf 85' lang='lat' dir='ltr'><strong>igneo</strong></span> <span class='ocrx_word' id='word_1_207' title='bbox 670 2257 767 2318; x_wconf 88' lang='lat' dir='ltr'><strong>nullas</strong></span> <span class='ocrx_word' id='word_1_208' title='bbox 791 2258 878 2319; x_wconf 88' lang='lat' dir='ltr'><strong>video</strong></span> <span class='ocrx_word' id='word_1_209' title='bbox 904 2257 995 2338; x_wconf 85' lang='lat' dir='ltr'><strong>(Cap.</strong></span> <span class='ocrx_word' id='word_1_210' title='bbox 1012 2257 1082 2333; x_wconf 85' lang='lat'>29).</span> <span class='ocrx_word' id='word_1_211' title='bbox 1121 2260 1167 2322; x_wconf 92' lang='lat' dir='ltr'><strong>De</strong></span> <span class='ocrx_word' id='word_1_212' title='bbox 1191 2279 1271 2321; x_wconf 86' lang='lat' dir='ltr'><strong>nova</strong></span> <span class='ocrx_word' id='word_1_213' title='bbox 1296 2260 1389 2321; x_wconf 89' lang='lat' dir='ltr'><strong>stella</strong></span> <span class='ocrx_word' id='word_1_214' title='bbox 1412 2259 1486 2322; x_wconf 89' lang='lat' dir='ltr'><strong>dicit</strong></span> <span class='ocrx_word' id='word_1_215' title='bbox 1505 2257 1600 2338; x_wconf 86' lang='lat' dir='ltr'><strong>(Cap.</strong></span> <span class='ocrx_word' id='word_1_216' title='bbox 1617 2255 1717 2332; x_wconf 77' lang='lat'><strong>30):“</strong></span> 
     </span>
     <span class='ocr_line' id='line_1_23' title="bbox 354 2345 1718 2430; baseline 0.001 -24"><span class='ocrx_word' id='word_1_217' title='bbox 354 2363 410 2424; x_wconf 84' lang='lat' dir='ltr'><strong>ego</strong></span> <span class='ocrx_word' id='word_1_218' title='bbox 439 2345 589 2407; x_wconf 90' lang='lat' dir='ltr'><strong>interdum</strong></span> <span class='ocrx_word' id='word_1_219' title='bbox 622 2345 776 2421; x_wconf 88' lang='lat' dir='ltr'><strong>existimo,</strong></span> <span class='ocrx_word' id='word_1_220' title='bbox 811 2349 836 2409; x_wconf 91' lang='lat' dir='ltr'><strong>si</strong></span> <span class='ocrx_word' id='word_1_221' title='bbox 860 2347 925 2408; x_wconf 91' lang='lat' dir='ltr'><strong>Deo</strong></span> <span class='ocrx_word' id='word_1_222' title='bbox 955 2349 1137 2430; x_wconf 82' lang='lat' dir='ltr'><strong>placuisset,</strong></span> <span class='ocrx_word' id='word_1_223' title='bbox 1171 2359 1275 2427; x_wconf 86' lang='lat' dir='ltr'><strong>aperte</strong></span> <span class='ocrx_word' id='word_1_224' title='bbox 1304 2349 1476 2410; x_wconf 92' lang='lat' dir='ltr'><strong>hominihus</strong></span> <span class='ocrx_word' id='word_1_225' title='bbox 1508 2347 1589 2428; x_wconf 88' lang='lat' dir='ltr'><strong>quod</strong></span> <span class='ocrx_word' id='word_1_226' title='bbox 1622 2349 1718 2408; x_wconf 90' lang='lat' dir='ltr'><strong>vellet</strong></span> 
     </span>
     <span class='ocr_line' id='line_1_24' title="bbox 354 2433 1718 2518; baseline 0 -22"><span class='ocrx_word' id='word_1_227' title='bbox 354 2433 532 2515; x_wconf 86' lang='lat' dir='ltr'><strong>significare,</strong></span> <span class='ocrx_word' id='word_1_228' title='bbox 557 2434 653 2498; x_wconf 90' lang='lat' dir='ltr'><strong>literis</strong></span> <span class='ocrx_word' id='word_1_229' title='bbox 678 2437 761 2497; x_wconf 92' lang='lat' dir='ltr'><strong>coelo</strong></span> <span class='ocrx_word' id='word_1_230' title='bbox 786 2437 920 2498; x_wconf 88' lang='lat' dir='ltr'><strong>exaratis</strong></span> <span class='ocrx_word' id='word_1_231' title='bbox 944 2438 1124 2518; x_wconf 87' lang='lat' dir='ltr'><strong>scripturum</strong></span> <span class='ocrx_word' id='word_1_232' title='bbox 1148 2437 1259 2510; x_wconf 76' lang='lat' dir='ltr'><strong>fuisse:</strong></span> <span class='ocrx_word' id='word_1_233' title='bbox 1296 2437 1411 2499; x_wconf 84' lang='lat' dir='ltr'><strong>frustra</strong></span> <span class='ocrx_word' id='word_1_234' title='bbox 1442 2437 1545 2516; x_wconf 87' lang='lat' dir='ltr'><strong>itaque</strong></span> <span class='ocrx_word' id='word_1_235' title='bbox 1578 2435 1718 2496; x_wconf 89' lang='lat' dir='ltr'><strong>homiues</strong></span> 
     </span>
     <span class='ocr_line' id='line_1_25' title="bbox 355 2524 1718 2605; baseline -0.001 -19"><span class='ocrx_word' id='word_1_236' title='bbox 355 2524 554 2604; x_wconf 89' lang='lat' dir='ltr'><strong>conjectando</strong></span> <span class='ocrx_word' id='word_1_237' title='bbox 578 2524 698 2586; x_wconf 89' lang='lat' dir='ltr'><strong>divinae</strong></span> <span class='ocrx_word' id='word_1_238' title='bbox 721 2527 876 2604; x_wconf 88' lang='lat' dir='ltr'><strong>potentiae</strong></span> <span class='ocrx_word' id='word_1_239' title='bbox 901 2526 1006 2589; x_wconf 91' lang='lat' dir='ltr'><strong>obniti.</strong></span> <span class='ocrx_word' id='word_1_240' title='bbox 1054 2527 1188 2588; x_wconf 87' lang='lat' dir='ltr'><strong>Deinde:</strong></span> <span class='ocrx_word' id='word_1_241' title='bbox 1220 2525 1338 2605; x_wconf 86' lang='lat' dir='ltr'><strong>posito,</strong></span> <span class='ocrx_word' id='word_1_242' title='bbox 1370 2526 1450 2605; x_wconf 90' lang='lat' dir='ltr'><strong>qaod</strong></span> <span class='ocrx_word' id='word_1_243' title='bbox 1472 2535 1556 2585; x_wconf 89' lang='lat' dir='ltr'><strong>certo</strong></span> <span class='ocrx_word' id='word_1_244' title='bbox 1588 2525 1718 2586; x_wconf 89' lang='lat' dir='ltr'><strong>consilio</strong></span> 
     </span>
     <span class='ocr_line' id='line_1_26' title="bbox 354 2612 1715 2692; baseline -0.001 -17"><span class='ocrx_word' id='word_1_245' title='bbox 354 2633 408 2675; x_wconf 90' lang='lat' dir='ltr'><strong>seu</strong></span> <span class='ocrx_word' id='word_1_246' title='bbox 429 2613 489 2674; x_wconf 91' lang='lat' dir='ltr'><strong>Dei</strong></span> <span class='ocrx_word' id='word_1_247' title='bbox 511 2632 564 2674; x_wconf 88' lang='lat' dir='ltr'><strong>seu</strong></span> <span class='ocrx_word' id='word_1_248' title='bbox 588 2622 745 2679; x_wconf 87' lang='lat' dir='ltr'><strong>creaturae</strong></span> <span class='ocrx_word' id='word_1_249' title='bbox 775 2613 933 2676; x_wconf 86' lang='lat' dir='ltr'><strong>rationalis</strong></span> <span class='ocrx_word' id='word_1_250' title='bbox 961 2617 1086 2677; x_wconf 87' lang='lat' dir='ltr'><strong>incensa</strong></span> <span class='ocrx_word' id='word_1_251' title='bbox 1109 2615 1200 2676; x_wconf 84' lang='lat' dir='ltr'><strong>fuerit</strong></span> <span class='ocrx_word' id='word_1_252' title='bbox 1218 2615 1294 2676; x_wconf 91' lang='lat' dir='ltr'><strong>haec</strong></span> <span class='ocrx_word' id='word_1_253' title='bbox 1309 2613 1410 2686; x_wconf 86' lang='lat' dir='ltr'><strong>stella,</strong></span> <span class='ocrx_word' id='word_1_254' title='bbox 1436 2612 1463 2675; x_wconf 90' lang='lat' dir='ltr'><strong>si</strong></span> <span class='ocrx_word' id='word_1_255' title='bbox 1486 2631 1523 2674; x_wconf 91' lang='lat' dir='ltr'><strong>ex</strong></span> <span class='ocrx_word' id='word_1_256' title='bbox 1546 2631 1594 2672; x_wconf 88' lang='lat' dir='ltr'><strong>me</strong></span> <span class='ocrx_word' id='word_1_257' title='bbox 1618 2631 1715 2692; x_wconf 86' lang='lat' dir='ltr'><strong>quae-</strong></span> 
     </span>
     <span class='ocr_line' id='line_1_27' title="bbox 350 2701 1717 2784; baseline -0.003 -19"><span class='ocrx_word' id='word_1_258' title='bbox 350 2710 451 2777; x_wconf 89' lang='lat' dir='ltr'><strong>ratur,</strong></span> <span class='ocrx_word' id='word_1_259' title='bbox 486 2721 572 2783; x_wconf 91' lang='lat' dir='ltr'><strong>quem</strong></span> <span class='ocrx_word' id='word_1_260' title='bbox 606 2704 644 2765; x_wconf 90' lang='lat' dir='ltr'><strong>ad</strong></span> <span class='ocrx_word' id='word_1_261' title='bbox 678 2703 766 2765; x_wconf 83' lang='lat' dir='ltr'><strong>finem</strong></span> <span class='ocrx_word' id='word_1_262' title='bbox 788 2704 846 2764; x_wconf 93' lang='lat' dir='ltr'><strong>hoc</strong></span> <span class='ocrx_word' id='word_1_263' title='bbox 879 2705 993 2766; x_wconf 87' lang='lat' dir='ltr'><strong>factum</strong></span> <span class='ocrx_word' id='word_1_264' title='bbox 1023 2712 1143 2784; x_wconf 89' lang='lat' dir='ltr'><strong>putem,</strong></span> <span class='ocrx_word' id='word_1_265' title='bbox 1178 2709 1275 2766; x_wconf 91' lang='lat' dir='ltr'><strong>totum</strong></span> <span class='ocrx_word' id='word_1_266' title='bbox 1305 2702 1434 2764; x_wconf 88' lang='lat' dir='ltr'><strong>Telluris</strong></span> <span class='ocrx_word' id='word_1_267' title='bbox 1467 2701 1590 2781; x_wconf 84' lang='lat' dir='ltr'><strong>globum</strong></span> <span class='ocrx_word' id='word_1_268' title='bbox 1627 2701 1717 2762; x_wconf 84' lang='lat' dir='ltr'><strong>nimia</strong></span> 
     </span>
     <span class='ocr_line' id='line_1_28' title="bbox 352 2791 1718 2870; baseline -0.001 -18"><span class='ocrx_word' id='word_1_269' title='bbox 352 2792 461 2852; x_wconf 92' lang='lat' dir='ltr'><strong>exilem</strong></span> <span class='ocrx_word' id='word_1_270' title='bbox 484 2799 575 2870; x_wconf 87' lang='lat' dir='ltr'><strong>puto,</strong></span> <span class='ocrx_word' id='word_1_271' title='bbox 610 2798 644 2853; x_wconf 91' lang='lat' dir='ltr'><strong>ut</strong></span> <span class='ocrx_word' id='word_1_272' title='bbox 676 2811 734 2853; x_wconf 88' lang='lat' dir='ltr'><strong>uon</strong></span> <span class='ocrx_word' id='word_1_273' title='bbox 769 2811 859 2854; x_wconf 89' lang='lat' dir='ltr'><strong>unum</strong></span> <span class='ocrx_word' id='word_1_274' title='bbox 886 2793 916 2854; x_wconf 91' lang='lat' dir='ltr'><strong>iu</strong></span> <span class='ocrx_word' id='word_1_275' title='bbox 952 2812 1019 2854; x_wconf 92' lang='lat' dir='ltr'><strong>eum</strong></span> <span class='ocrx_word' id='word_1_276' title='bbox 1052 2794 1112 2854; x_wconf 87' lang='lat' dir='ltr'><strong>vim</strong></span> <span class='ocrx_word' id='word_1_277' title='bbox 1144 2811 1229 2854; x_wconf 90' lang='lat' dir='ltr'><strong>suarn</strong></span> <span class='ocrx_word' id='word_1_278' title='bbox 1260 2811 1339 2854; x_wconf 88' lang='lat' dir='ltr'><strong>nova</strong></span> <span class='ocrx_word' id='word_1_279' title='bbox 1362 2791 1454 2852; x_wconf 85' lang='lat' dir='ltr'><strong>stella</strong></span> <span class='ocrx_word' id='word_1_280' title='bbox 1477 2791 1651 2852; x_wconf 81' lang='lat' dir='ltr'><strong>exseruisse</strong></span> <span class='ocrx_word' id='word_1_281' title='bbox 1675 2791 1718 2851; x_wconf 91' lang='lat' dir='ltr'><strong>sit</strong></span> 
     </span>
     <span class='ocr_line' id='line_1_29' title="bbox 350 2877 1718 2962; baseline -0.001 -21"><span class='ocrx_word' id='word_1_282' title='bbox 350 2881 497 2962; x_wconf 85' lang='lat' dir='ltr'><strong>putanda.</strong></span> <span class='ocrx_word' id='word_1_283' title='bbox 549 2877 662 2942; x_wconf 82' lang='lat' dir='ltr'><strong>Cetera</strong></span> <span class='ocrx_word' id='word_1_284' title='bbox 699 2899 815 2962; x_wconf 90' lang='lat' dir='ltr'><strong>quoque</strong></span> <span class='ocrx_word' id='word_1_285' title='bbox 851 2901 978 2962; x_wconf 86' lang='lat' dir='ltr'><strong>corpora</strong></span> <span class='ocrx_word' id='word_1_286' title='bbox 1018 2882 1165 2944; x_wconf 84' lang='lat' dir='ltr'><strong>eoelestia</strong></span> <span class='ocrx_word' id='word_1_287' title='bbox 1197 2881 1302 2943; x_wconf 91' lang='lat' dir='ltr'><strong>incolis</strong></span> <span class='ocrx_word' id='word_1_288' title='bbox 1336 2878 1520 2960; x_wconf 81' lang='lat' dir='ltr'><strong>hequentari</strong></span> <span class='ocrx_word' id='word_1_289' title='bbox 1551 2879 1718 2941; x_wconf 88' lang='lat' dir='ltr'><strong>verisimile</strong></span> 
     </span>
     <span class='ocr_line' id='line_1_30' title="bbox 352 2967 1716 3051; baseline -0.001 -21"><span class='ocrx_word' id='word_1_290' title='bbox 352 2977 410 3043; x_wconf 89' lang='lat' dir='ltr'><strong>est,</strong></span> <span class='ocrx_word' id='word_1_291' title='bbox 437 2988 491 3030; x_wconf 90' lang='lat' dir='ltr'><strong>nec</strong></span> <span class='ocrx_word' id='word_1_292' title='bbox 515 2968 676 3030; x_wconf 87' lang='lat' dir='ltr'><strong>absurdum</strong></span> <span class='ocrx_word' id='word_1_293' title='bbox 700 2970 768 3046; x_wconf 90' lang='lat' dir='ltr'><strong>erit,</strong></span> <span class='ocrx_word' id='word_1_294' title='bbox 795 2989 889 3050; x_wconf 89' lang='lat' dir='ltr'><strong>aeque</strong></span> <span class='ocrx_word' id='word_1_295' title='bbox 913 2971 988 3051; x_wconf 89' lang='lat' dir='ltr'><strong>ipsis</strong></span> <span class='ocrx_word' id='word_1_296' title='bbox 1012 2989 1048 3032; x_wconf 88' lang='lat' dir='ltr'><strong>ac</strong></span> <span class='ocrx_word' id='word_1_297' title='bbox 1072 2971 1159 3033; x_wconf 91' lang='lat' dir='ltr'><strong>uobis</strong></span> <span class='ocrx_word' id='word_1_298' title='bbox 1181 2972 1211 3032; x_wconf 91' lang='lat' dir='ltr'><strong>io</strong></span> <span class='ocrx_word' id='word_1_299' title='bbox 1226 2972 1320 3032; x_wconf 86' lang='lat' dir='ltr'><strong>Terra</strong></span> <span class='ocrx_word' id='word_1_300' title='bbox 1342 2967 1534 3031; x_wconf 87' lang='lat' dir='ltr'><strong>versantibus</strong></span> <span class='ocrx_word' id='word_1_301' title='bbox 1558 2987 1598 3029; x_wconf 86' lang='lat' dir='ltr'><strong>ex</strong></span> <span class='ocrx_word' id='word_1_302' title='bbox 1622 2969 1716 3029; x_wconf 81' lang='lat' dir='ltr'><strong>altis-</strong></span> 
     </span>
     <span class='ocr_line' id='line_1_31' title="bbox 354 3055 1717 3140; baseline -0.003 -20"><span class='ocrx_word' id='word_1_303' title='bbox 354 3058 432 3120; x_wconf 89' lang='lat' dir='ltr'><strong>sima</strong></span> <span class='ocrx_word' id='word_1_304' title='bbox 455 3058 579 3120; x_wconf 88' lang='lat' dir='ltr'><strong>lixarum</strong></span> <span class='ocrx_word' id='word_1_305' title='bbox 603 3059 734 3138; x_wconf 90' lang='lat' dir='ltr'><strong>sphaera</strong></span> <span class='ocrx_word' id='word_1_306' title='bbox 757 3060 844 3138; x_wconf 88' lang='lat' dir='ltr'><strong>sigua</strong></span> <span class='ocrx_word' id='word_1_307' title='bbox 868 3061 961 3136; x_wconf 90' lang='lat' dir='ltr'><strong>mitti,</strong></span> <span class='ocrx_word' id='word_1_308' title='bbox 987 3060 1085 3140; x_wconf 85' lang='lat' dir='ltr'><strong>magis</strong></span> <span class='ocrx_word' id='word_1_309' title='bbox 1109 3059 1211 3122; x_wconf 83' lang='lat' dir='ltr'><strong>forsan</strong></span> <span class='ocrx_word' id='word_1_310' title='bbox 1235 3061 1369 3139; x_wconf 89' lang='lat' dir='ltr'><strong>ipsorum</strong></span> <span class='ocrx_word' id='word_1_311' title='bbox 1392 3057 1588 3137; x_wconf 84' lang='lat' dir='ltr'><strong>appropriata</strong></span> <span class='ocrx_word' id='word_1_312' title='bbox 1612 3055 1717 3135; x_wconf 88' lang='lat' dir='ltr'><strong>captui</strong></span> 
     </span>
     <span class='ocr_line' id='line_1_32' title="bbox 355 3147 1717 3230; baseline -0.001 -23"><span class='ocrx_word' id='word_1_313' title='bbox 355 3165 444 3228; x_wconf 92' lang='lat' dir='ltr'><strong>quam</strong></span> <span class='ocrx_word' id='word_1_314' title='bbox 468 3152 581 3208; x_wconf 88' lang='lat' dir='ltr'><strong>nostro.</strong></span> <span class='ocrx_word' id='word_1_315' title='bbox 628 3148 764 3230; x_wconf 88' lang='lat' dir='ltr'><strong>Denique</strong></span> <span class='ocrx_word' id='word_1_316' title='bbox 788 3148 936 3229; x_wconf 89' lang='lat' dir='ltr'><strong>prioribus</strong></span> <span class='ocrx_word' id='word_1_317' title='bbox 959 3150 1035 3210; x_wconf 86' lang='lat' dir='ltr'><strong>haec</strong></span> <span class='ocrx_word' id='word_1_318' title='bbox 1057 3149 1183 3230; x_wconf 89' lang='lat' dir='ltr'><strong>Kepleri</strong></span> <span class='ocrx_word' id='word_1_319' title='bbox 1207 3149 1299 3210; x_wconf 87' lang='lat' dir='ltr'><strong>verba</strong></span> <span class='ocrx_word' id='word_1_320' title='bbox 1323 3147 1514 3228; x_wconf 88' lang='lat' dir='ltr'><strong>adjungenda</strong></span> <span class='ocrx_word' id='word_1_321' title='bbox 1537 3163 1717 3208; x_wconf 89' lang='lat' dir='ltr'><strong>censemus:</strong></span> 
     </span>
     <span class='ocr_line' id='line_1_33' title="bbox 357 3234 1719 3316; baseline 0 -22"><span class='ocrx_word' id='word_1_322' title='bbox 357 3235 463 3314; x_wconf 87' lang='lat' dir='ltr'><strong>„Rogo</strong></span> <span class='ocrx_word' id='word_1_323' title='bbox 488 3235 626 3310; x_wconf 87' lang='lat' dir='ltr'><strong>lectores,</strong></span> <span class='ocrx_word' id='word_1_324' title='bbox 651 3245 685 3298; x_wconf 91' lang='lat' dir='ltr'><strong>ut</strong></span> <span class='ocrx_word' id='word_1_325' title='bbox 708 3238 842 3300; x_wconf 90' lang='lat' dir='ltr'><strong>mihine</strong></span> <span class='ocrx_word' id='word_1_326' title='bbox 865 3238 940 3300; x_wconf 88' lang='lat' dir='ltr'><strong>vitio</strong></span> <span class='ocrx_word' id='word_1_327' title='bbox 963 3245 1103 3310; x_wconf 84' lang='lat' dir='ltr'><strong>vertant,</strong></span> <span class='ocrx_word' id='word_1_328' title='bbox 1134 3238 1160 3300; x_wconf 90' lang='lat' dir='ltr'><strong>si</strong></span> <span class='ocrx_word' id='word_1_329' title='bbox 1185 3238 1339 3300; x_wconf 88' lang='lat' dir='ltr'><strong>breviores</strong></span> <span class='ocrx_word' id='word_1_330' title='bbox 1362 3253 1451 3316; x_wconf 91' lang='lat' dir='ltr'><strong>quam</strong></span> <span class='ocrx_word' id='word_1_331' title='bbox 1473 3235 1532 3316; x_wconf 87' lang='lat' dir='ltr'><strong>ipsi</strong></span> <span class='ocrx_word' id='word_1_332' title='bbox 1556 3234 1635 3296; x_wconf 84' lang='lat' dir='ltr'><strong>sorte</strong></span> <span class='ocrx_word' id='word_1_333' title='bbox 1660 3253 1719 3294; x_wconf 90' lang='lat' dir='ltr'><strong>ex-</strong></span> 
     </span>
     <span class='ocr_line' id='line_1_34' title="bbox 358 3322 1718 3406; baseline -0.001 -20"><span class='ocrx_word' id='word_1_334' title='bbox 358 3332 533 3404; x_wconf 87' lang='lat' dir='ltr'><strong>spectarunt</strong></span> <span class='ocrx_word' id='word_1_335' title='bbox 557 3324 709 3388; x_wconf 87' lang='lat' dir='ltr'><strong>discursns</strong></span> <span class='ocrx_word' id='word_1_336' title='bbox 734 3327 921 3406; x_wconf 86' lang='lat' dir='ltr'><strong>theologicos</strong></span> <span class='ocrx_word' id='word_1_337' title='bbox 946 3335 978 3388; x_wconf 89' lang='lat' dir='ltr'><strong>et</strong></span> <span class='ocrx_word' id='word_1_338' title='bbox 1000 3326 1141 3406; x_wconf 91' lang='lat' dir='ltr'><strong>politicos</strong></span> <span class='ocrx_word' id='word_1_339' title='bbox 1174 3325 1295 3399; x_wconf 90' lang='lat' dir='ltr'><strong>inserui,</strong></span> <span class='ocrx_word' id='word_1_340' title='bbox 1328 3324 1575 3405; x_wconf 90' lang='lat' dir='ltr'><strong>perpendautqne</strong></span> <span class='ocrx_word' id='word_1_341' title='bbox 1607 3322 1718 3385; x_wconf 87' lang='lat' dir='ltr'><strong>condi-</strong></span> 
     </span>
     <span class='ocr_line' id='line_1_35' title="bbox 357 3413 1720 3495; baseline -0.001 -21"><span class='ocrx_word' id='word_1_342' title='bbox 357 3413 472 3475; x_wconf 89' lang='lat' dir='ltr'><strong>tionem</strong></span> <span class='ocrx_word' id='word_1_343' title='bbox 503 3433 618 3487; x_wconf 84' lang='lat' dir='ltr'><strong>meam,</strong></span> <span class='ocrx_word' id='word_1_344' title='bbox 656 3415 705 3495; x_wconf 90' lang='lat' dir='ltr'><strong>qui</strong></span> <span class='ocrx_word' id='word_1_345' title='bbox 743 3437 761 3477; x_wconf 90' lang='lat' dir='ltr'><strong>a</strong></span> <span class='ocrx_word' id='word_1_346' title='bbox 794 3413 960 3478; x_wconf 84' lang='lat' dir='ltr'><strong>Caesare</strong></span> <span class='ocrx_word' id='word_1_347' title='bbox 1003 3416 1217 3477; x_wconf 83' lang='lat' dir='ltr'><strong>conductus</strong></span> <span class='ocrx_word' id='word_1_348' title='bbox 1260 3433 1356 3489; x_wconf 91' lang='lat' dir='ltr'><strong>sum,</strong></span> <span class='ocrx_word' id='word_1_349' title='bbox 1400 3431 1473 3475; x_wconf 93' lang='lat' dir='ltr'><strong>nou</strong></span> <span class='ocrx_word' id='word_1_350' title='bbox 1510 3420 1553 3474; x_wconf 91' lang='lat' dir='ltr'><strong>ut</strong></span> <span class='ocrx_word' id='word_1_351' title='bbox 1595 3431 1720 3473; x_wconf 90' lang='lat' dir='ltr'><strong>essem</strong></span> 
     </span>
    </p>
   </div>
   <div class='ocr_carea' id='block_1_3' title="bbox 353 3501 1827 3584">
    <p class='ocr_par' dir='ltr' id='par_1_4' title="bbox 353 3501 1827 3584">
     <span class='ocr_line' id='line_1_36' title="bbox 353 3501 1827 3584; baseline -0.001 -21"><span class='ocrx_word' id='word_1_352' title='bbox 353 3501 533 3583; x_wconf 89' lang='lat' dir='ltr'><strong>publicus</strong></span> <span class='ocrx_word' id='word_1_353' title='bbox 562 3510 694 3579; x_wconf 85' lang='lat' dir='ltr'><strong>vates,</strong></span> <span class='ocrx_word' id='word_1_354' title='bbox 726 3505 792 3566; x_wconf 89' lang='lat' dir='ltr'><strong>sed</strong></span> <span class='ocrx_word' id='word_1_355' title='bbox 822 3513 860 3566; x_wconf 91' lang='lat' dir='ltr'><strong>ut</strong></span> <span class='ocrx_word' id='word_1_356' title='bbox 890 3503 1164 3566; x_wconf 83' lang='lat' dir='ltr'><strong>astronomiam</strong></span> <span class='ocrx_word' id='word_1_357' title='bbox 1198 3521 1264 3584; x_wconf 89' lang='lat' dir='ltr'><strong>pro</strong></span> <span class='ocrx_word' id='word_1_358' title='bbox 1294 3502 1441 3564; x_wconf 87' lang='lat' dir='ltr'><strong>viribus</strong></span> <span class='ocrx_word' id='word_1_359' title='bbox 1471 3501 1718 3580; x_wconf 82' lang='lat' dir='ltr'><strong>perficerem.</strong></span> <span class='ocrx_word' id='word_1_360' title='bbox 1826 3545 1827 3580; x_wconf 47' lang='lat'>2</span> 
     </span>
    </p>
   </div>
   <div class='ocr_carea' id='block_1_4' title="bbox 357 3589 1719 3766">
    <p class='ocr_par' dir='ltr' id='par_1_5' title="bbox 357 3589 1719 3766">
     <span class='ocr_line' id='line_1_37' title="bbox 357 3589 1717 3674; baseline -0.001 -22"><span class='ocrx_word' id='word_1_361' title='bbox 357 3589 459 3662; x_wconf 86' lang='lat' dir='ltr'><strong>Quam</strong></span> <span class='ocrx_word' id='word_1_362' title='bbox 483 3609 538 3671; x_wconf 87' lang='lat' dir='ltr'><strong>ego</strong></span> <span class='ocrx_word' id='word_1_363' title='bbox 562 3591 867 3674; x_wconf 87' lang='lat' dir='ltr'><strong>circumscriptionem</strong></span> <span class='ocrx_word' id='word_1_364' title='bbox 891 3593 1014 3655; x_wconf 84' lang='lat' dir='ltr'><strong>maximi</strong></span> <span class='ocrx_word' id='word_1_365' title='bbox 1037 3592 1173 3654; x_wconf 88' lang='lat' dir='ltr'><strong>beneficii</strong></span> <span class='ocrx_word' id='word_1_366' title='bbox 1197 3593 1263 3654; x_wconf 89' lang='lat' dir='ltr'><strong>loco</strong></span> <span class='ocrx_word' id='word_1_367' title='bbox 1287 3591 1402 3664; x_wconf 90' lang='lat' dir='ltr'><strong>habeo,</strong></span> <span class='ocrx_word' id='word_1_368' title='bbox 1432 3609 1499 3652; x_wconf 88' lang='lat' dir='ltr'><strong>cum</strong></span> <span class='ocrx_word' id='word_1_369' title='bbox 1521 3596 1622 3652; x_wconf 86' lang='lat' dir='ltr'><strong>certus</strong></span> <span class='ocrx_word' id='word_1_370' title='bbox 1648 3590 1717 3662; x_wconf 89' lang='lat' dir='ltr'><strong>sim,</strong></span> 
     </span>
     <span class='ocr_line' id='line_1_38' title="bbox 357 3677 1719 3766; baseline -0.003 -24"><span class='ocrx_word' id='word_1_371' title='bbox 357 3681 383 3743; x_wconf 90' lang='lat' dir='ltr'><strong>si</strong></span> <span class='ocrx_word' id='word_1_372' title='bbox 400 3681 470 3742; x_wconf 93' lang='lat' dir='ltr'><strong>mihi</strong></span> <span class='ocrx_word' id='word_1_373' title='bbox 485 3681 575 3743; x_wconf 84' lang='lat' dir='ltr'><strong>animi</strong></span> <span class='ocrx_word' id='word_1_374' title='bbox 600 3701 691 3744; x_wconf 86' lang='lat' dir='ltr'><strong>sensa</strong></span> <span class='ocrx_word' id='word_1_375' title='bbox 714 3681 849 3744; x_wconf 82' lang='lat' dir='ltr'><strong>licuisset</strong></span> <span class='ocrx_word' id='word_1_376' title='bbox 872 3683 954 3766; x_wconf 88' lang='lat' dir='ltr'><strong>typis</strong></span> <span class='ocrx_word' id='word_1_377' title='bbox 979 3699 1154 3761; x_wconf 86' lang='lat' dir='ltr'><strong>expromere</strong></span> <span class='ocrx_word' id='word_1_378' title='bbox 1176 3681 1282 3753; x_wconf 89' lang='lat' dir='ltr'><strong>libere,</strong></span> <span class='ocrx_word' id='word_1_379' title='bbox 1307 3688 1339 3742; x_wconf 93' lang='lat' dir='ltr'><strong>et</strong></span> <span class='ocrx_word' id='word_1_380' title='bbox 1352 3688 1439 3742; x_wconf 87' lang='lat' dir='ltr'><strong>extra</strong></span> <span class='ocrx_word' id='word_1_381' title='bbox 1462 3677 1575 3741; x_wconf 90' lang='lat' dir='ltr'><strong>limites</strong></span> <span class='ocrx_word' id='word_1_382' title='bbox 1593 3679 1719 3758; x_wconf 84' lang='lat' dir='ltr'><strong>proies-</strong></span> 
     </span>
    </p>
   </div>
   <div class='ocr_carea' id='block_1_5' title="bbox 356 3767 1826 3852">
    <p class='ocr_par' dir='ltr' id='par_1_6' title="bbox 356 3767 1826 3852">
     <span class='ocr_line' id='line_1_39' title="bbox 356 3767 1826 3852; baseline -0.004 -19"><span class='ocrx_word' id='word_1_383' title='bbox 356 3768 452 3833; x_wconf 89' lang='lat' dir='ltr'><strong>sionis</strong></span> <span class='ocrx_word' id='word_1_384' title='bbox 484 3789 569 3832; x_wconf 92' lang='lat' dir='ltr'><strong>meae</strong></span> <span class='ocrx_word' id='word_1_385' title='bbox 601 3779 726 3852; x_wconf 92' lang='lat' dir='ltr'><strong>propter</strong></span> <span class='ocrx_word' id='word_1_386' title='bbox 749 3771 959 3850; x_wconf 81' lang='lat' dir='ltr'><strong>cognationem</strong></span> <span class='ocrx_word' id='word_1_387' title='bbox 987 3789 1087 3832; x_wconf 90' lang='lat' dir='ltr'><strong>rerum</strong></span> <span class='ocrx_word' id='word_1_388' title='bbox 1110 3771 1138 3832; x_wconf 92' lang='lat' dir='ltr'><strong>in</strong></span> <span class='ocrx_word' id='word_1_389' title='bbox 1155 3769 1292 3850; x_wconf 87' lang='lat' dir='ltr'><strong>politiam</strong></span> <span class='ocrx_word' id='word_1_390' title='bbox 1307 3777 1339 3833; x_wconf 86' lang='lat' dir='ltr'><strong>et</strong></span> <span class='ocrx_word' id='word_1_391' title='bbox 1353 3767 1500 3830; x_wconf 88' lang='lat' dir='ltr'><strong>ecclesiae</strong></span> <span class='ocrx_word' id='word_1_392' title='bbox 1524 3774 1639 3828; x_wconf 87' lang='lat' dir='ltr'><strong>statum</strong></span> <span class='ocrx_word' id='word_1_393' title='bbox 1659 3785 1719 3828; x_wconf 85' lang='lat' dir='ltr'><strong>ex-</strong></span> <span class='ocrx_word' id='word_1_394' title='bbox 1825 3781 1826 3786; x_wconf 73' lang='grc'>’</span> 
     </span>
    </p>
   </div>
   <div class='ocr_carea' id='block_1_6' title="bbox 354 3855 1721 4209">
    <p class='ocr_par' dir='ltr' id='par_1_7' title="bbox 354 3855 1719 4028">
     <span class='ocr_line' id='line_1_40' title="bbox 357 3855 1719 3940; baseline -0.005 -18"><span class='ocrx_word' id='word_1_395' title='bbox 357 3879 485 3935; x_wconf 87' lang='lat' dir='ltr'><strong>currere,</strong></span> <span class='ocrx_word' id='word_1_396' title='bbox 510 3860 608 3922; x_wconf 88' lang='lat' dir='ltr'><strong>nullas</strong></span> <span class='ocrx_word' id='word_1_397' title='bbox 632 3860 720 3922; x_wconf 90' lang='lat' dir='ltr'><strong>hodie</strong></span> <span class='ocrx_word' id='word_1_398' title='bbox 743 3866 847 3939; x_wconf 91' lang='lat' dir='ltr'><strong>partes</strong></span> <span class='ocrx_word' id='word_1_399' title='bbox 871 3879 938 3922; x_wconf 90' lang='lat' dir='ltr'><strong>esse</strong></span> <span class='ocrx_word' id='word_1_400' title='bbox 963 3867 1143 3940; x_wconf 82' lang='lat' dir='ltr'><strong>pugnantes,</strong></span> <span class='ocrx_word' id='word_1_401' title='bbox 1168 3878 1243 3940; x_wconf 90' lang='lat' dir='ltr'><strong>quas</strong></span> <span class='ocrx_word' id='word_1_402' title='bbox 1267 3855 1430 3938; x_wconf 86' lang='lat' dir='ltr'><strong>scriptione</strong></span> <span class='ocrx_word' id='word_1_403' title='bbox 1448 3875 1517 3918; x_wconf 88' lang='lat' dir='ltr'><strong>rnea</strong></span> <span class='ocrx_word' id='word_1_404' title='bbox 1535 3873 1593 3917; x_wconf 90' lang='lat' dir='ltr'><strong>non</strong></span> <span class='ocrx_word' id='word_1_405' title='bbox 1610 3855 1719 3916; x_wconf 87' lang='lat' dir='ltr'><strong>fuerim</strong></span> 
     </span>
     <span class='ocr_line' id='line_1_41' title="bbox 354 3945 1408 4028; baseline -0.003 -17"><span class='ocrx_word' id='word_1_406' title='bbox 354 3951 539 4012; x_wconf 81' lang='lat' dir='ltr'><strong>offensurus:</strong></span> <span class='ocrx_word' id='word_1_407' title='bbox 565 3949 685 4011; x_wconf 87' lang='lat' dir='ltr'><strong>scilicet</strong></span> <span class='ocrx_word' id='word_1_408' title='bbox 707 3949 818 4011; x_wconf 90' lang='lat' dir='ltr'><strong>Iliacos</strong></span> <span class='ocrx_word' id='word_1_409' title='bbox 841 3949 923 4011; x_wconf 89' lang='lat' dir='ltr'><strong>iutra</strong></span> <span class='ocrx_word' id='word_1_410' title='bbox 945 3967 1045 4010; x_wconf 91' lang='lat' dir='ltr'><strong>muros</strong></span> <span class='ocrx_word' id='word_1_411' title='bbox 1068 3957 1211 4028; x_wconf 87' lang='lat' dir='ltr'><strong>peccatur</strong></span> <span class='ocrx_word' id='word_1_412' title='bbox 1235 3955 1267 4009; x_wconf 87' lang='lat' dir='ltr'><strong>et</strong></span> <span class='ocrx_word' id='word_1_413' title='bbox 1289 3945 1408 4009; x_wconf 85' lang='lat' dir='ltr'><strong>extra.“</strong></span> 
     </span>
    </p>

    <p class='ocr_par' dir='ltr' id='par_1_8' title="bbox 355 4031 1721 4209">
     <span class='ocr_line' id='line_1_42' title="bbox 444 4031 1719 4119; baseline -0.005 -20"><span class='ocrx_word' id='word_1_414' title='bbox 444 4037 529 4100; x_wconf 89' lang='lat' dir='ltr'><strong>Haec</strong></span> <span class='ocrx_word' id='word_1_415' title='bbox 553 4038 677 4119; x_wconf 87' lang='lat' dir='ltr'><strong>Kepleri</strong></span> <span class='ocrx_word' id='word_1_416' title='bbox 701 4038 795 4099; x_wconf 89' lang='lat' dir='ltr'><strong>verba</strong></span> <span class='ocrx_word' id='word_1_417' title='bbox 816 4038 913 4118; x_wconf 91' lang='lat' dir='ltr'><strong>primo</strong></span> <span class='ocrx_word' id='word_1_418' title='bbox 937 4044 1061 4118; x_wconf 86' lang='lat' dir='ltr'><strong>aspectu</strong></span> <span class='ocrx_word' id='word_1_419' title='bbox 1086 4055 1149 4099; x_wconf 91' lang='lat' dir='ltr'><strong>rem</strong></span> <span class='ocrx_word' id='word_1_420' title='bbox 1173 4036 1406 4098; x_wconf 88' lang='lat' dir='ltr'><strong>aestimantibus</strong></span> <span class='ocrx_word' id='word_1_421' title='bbox 1433 4051 1602 4113; x_wconf 88' lang='lat' dir='ltr'><strong>repugnare</strong></span> <span class='ocrx_word' id='word_1_422' title='bbox 1626 4031 1719 4093; x_wconf 84' lang='lat' dir='ltr'><strong>vide-</strong></span> 
     </span>
     <span class='ocr_line' id='line_1_43' title="bbox 355 4121 1721 4209; baseline -0.006 -19"><span class='ocrx_word' id='word_1_423' title='bbox 355 4128 467 4190; x_wconf 91' lang='lat' dir='ltr'><strong>buntur</strong></span> <span class='ocrx_word' id='word_1_424' title='bbox 497 4127 552 4204; x_wconf 89' lang='lat' dir='ltr'><strong>iis,</strong></span> <span class='ocrx_word' id='word_1_425' title='bbox 587 4127 693 4209; x_wconf 87' lang='lat' dir='ltr'><strong>quibus</strong></span> <span class='ocrx_word' id='word_1_426' title='bbox 721 4127 887 4207; x_wconf 88' lang='lat' dir='ltr'><strong>Keplerum</strong></span> <span class='ocrx_word' id='word_1_427' title='bbox 920 4127 958 4188; x_wconf 88' lang='lat' dir='ltr'><strong>ab</strong></span> <span class='ocrx_word' id='word_1_428' title='bbox 987 4127 1172 4206; x_wconf 87' lang='lat' dir='ltr'><strong>Imperatore</strong></span> <span class='ocrx_word' id='word_1_429' title='bbox 1204 4126 1293 4187; x_wconf 90' lang='lat' dir='ltr'><strong>rebus</strong></span> <span class='ocrx_word' id='word_1_430' title='bbox 1324 4121 1515 4204; x_wconf 80' lang='lat' dir='ltr'><strong>astrologicis</strong></span> <span class='ocrx_word' id='word_1_431' title='bbox 1548 4121 1721 4183; x_wconf 90' lang='lat' dir='ltr'><strong>adhibitum</strong></span> 
     </span>
    </p>
   </div>
   <div class='ocr_carea' id='block_1_7' title="bbox 353 4210 1824 4296">
    <p class='ocr_par' dir='ltr' id='par_1_9' title="bbox 353 4210 1824 4296">
     <span class='ocr_line' id='line_1_44' title="bbox 353 4210 1824 4296; baseline -0.005 -19"><span class='ocrx_word' id='word_1_432' title='bbox 353 4235 421 4278; x_wconf 87' lang='lat' dir='ltr'><strong>esse</strong></span> <span class='ocrx_word' id='word_1_433' title='bbox 446 4217 587 4279; x_wconf 88' lang='lat' dir='ltr'><strong>diximus.</strong></span> <span class='ocrx_word' id='word_1_434' title='bbox 634 4217 749 4279; x_wconf 86' lang='lat' dir='ltr'><strong>Verum</strong></span> <span class='ocrx_word' id='word_1_435' title='bbox 781 4217 829 4296; x_wconf 89' lang='lat' dir='ltr'><strong>qui</strong></span> <span class='ocrx_word' id='word_1_436' title='bbox 853 4215 1049 4296; x_wconf 89' lang='lat' dir='ltr'><strong>Imperatoris</strong></span> <span class='ocrx_word' id='word_1_437' title='bbox 1082 4214 1234 4295; x_wconf 84' lang='lat' dir='ltr'><strong>ingenium</strong></span> <span class='ocrx_word' id='word_1_438' title='bbox 1264 4222 1295 4276; x_wconf 90' lang='lat' dir='ltr'><strong>et</strong></span> <span class='ocrx_word' id='word_1_439' title='bbox 1324 4233 1357 4275; x_wconf 91' lang='lat' dir='ltr'><strong>re</strong></span> <span class='ocrx_word' id='word_1_440' title='bbox 1385 4212 1534 4292; x_wconf 81' lang='lat' dir='ltr'><strong>lactisque</strong></span> <span class='ocrx_word' id='word_1_441' title='bbox 1564 4210 1719 4289; x_wconf 88' lang='lat' dir='ltr'><strong>cognitum</strong></span> <span class='ocrx_word' id='word_1_442' title='bbox 1823 4283 1824 4286; x_wconf 8' lang='grc' dir='ltr'><strong>Ἴ</strong></span> 
     </span>
    </p>
   </div>
   <div class='ocr_carea' id='block_1_8' title="bbox 349 4299 1721 4939">
    <p class='ocr_par' dir='ltr' id='par_1_10' title="bbox 349 4299 1721 4939">
     <span class='ocr_line' id='line_1_45' title="bbox 353 4299 1720 4386; baseline -0.007 -18"><span class='ocrx_word' id='word_1_443' title='bbox 353 4313 385 4368; x_wconf 90' lang='lat' dir='ltr'><strong>et</strong></span> <span class='ocrx_word' id='word_1_444' title='bbox 414 4306 517 4368; x_wconf 86' lang='lat' dir='ltr'><strong>multis</strong></span> <span class='ocrx_word' id='word_1_445' title='bbox 550 4305 675 4386; x_wconf 87' lang='lat' dir='ltr'><strong>Kepleri</strong></span> <span class='ocrx_word' id='word_1_446' title='bbox 706 4305 802 4386; x_wconf 88' lang='lat' dir='ltr'><strong>ipsius</strong></span> <span class='ocrx_word' id='word_1_447' title='bbox 834 4303 1016 4367; x_wconf 89' lang='lat' dir='ltr'><strong>testimoniis</strong></span> <span class='ocrx_word' id='word_1_448' title='bbox 1050 4305 1291 4385; x_wconf 88' lang='lat' dir='ltr'><strong>cognoscendum</strong></span> <span class='ocrx_word' id='word_1_449' title='bbox 1323 4300 1527 4386; x_wconf 87' lang='lat' dir='ltr'><strong>spectaverit,</strong></span> <span class='ocrx_word' id='word_1_450' title='bbox 1560 4299 1720 4361; x_wconf 85' lang='lat' dir='ltr'><strong>nobiscum</strong></span> 
     </span>
     <span class='ocr_line' id='line_1_46' title="bbox 352 4389 1721 4477; baseline -0.009 -19"><span class='ocrx_word' id='word_1_451' title='bbox 352 4395 534 4458; x_wconf 75' lang='lat' dir='ltr'><strong>consentiet</strong></span> <span class='ocrx_word' id='word_1_452' title='bbox 581 4395 716 4477; x_wconf 87' lang='lat' dir='ltr'><strong>Keplero</strong></span> <span class='ocrx_word' id='word_1_453' title='bbox 740 4393 818 4455; x_wconf 92' lang='lat' dir='ltr'><strong>enim</strong></span> <span class='ocrx_word' id='word_1_454' title='bbox 841 4411 1021 4475; x_wconf 90' lang='lat' dir='ltr'><strong>quamquam</strong></span> <span class='ocrx_word' id='word_1_455' title='bbox 1045 4413 1082 4454; x_wconf 93' lang='lat' dir='ltr'><strong>ea</strong></span> <span class='ocrx_word' id='word_1_456' title='bbox 1105 4392 1234 4459; x_wconf 89' lang='lat' dir='ltr'><strong>maxime</strong></span> <span class='ocrx_word' id='word_1_457' title='bbox 1257 4391 1413 4474; x_wconf 88' lang='lat' dir='ltr'><strong>provincia</strong></span> <span class='ocrx_word' id='word_1_458' title='bbox 1434 4389 1550 4452; x_wconf 90' lang='lat' dir='ltr'><strong>tradita</strong></span> <span class='ocrx_word' id='word_1_459' title='bbox 1573 4394 1659 4461; x_wconf 86' lang='lat' dir='ltr'><strong>erat,</strong></span> <span class='ocrx_word' id='word_1_460' title='bbox 1684 4395 1721 4446; x_wconf 94' lang='lat' dir='ltr'><strong>ut</strong></span> 
     </span>
     <span class='ocr_line' id='line_1_47' title="bbox 352 4478 1720 4568; baseline -0.009 -21"><span class='ocrx_word' id='word_1_461' title='bbox 352 4505 401 4547; x_wconf 91' lang='lat' dir='ltr'><strong>res</strong></span> <span class='ocrx_word' id='word_1_462' title='bbox 425 4505 444 4548; x_wconf 90' lang='lat' dir='ltr'><strong>a</strong></span> <span class='ocrx_word' id='word_1_463' title='bbox 467 4485 611 4568; x_wconf 82' lang='lat' dir='ltr'><strong>Tychoue</strong></span> <span class='ocrx_word' id='word_1_464' title='bbox 640 4485 780 4564; x_wconf 89' lang='lat' dir='ltr'><strong>inceptas</strong></span> <span class='ocrx_word' id='word_1_465' title='bbox 804 4500 871 4544; x_wconf 89' lang='lat' dir='ltr'><strong>cum</strong></span> <span class='ocrx_word' id='word_1_466' title='bbox 893 4483 971 4544; x_wconf 80' lang='lat' dir='ltr'><strong>alias</strong></span> <span class='ocrx_word' id='word_1_467' title='bbox 1004 4489 1068 4544; x_wconf 91' lang='lat' dir='ltr'><strong>tum</strong></span> <span class='ocrx_word' id='word_1_468' title='bbox 1096 4483 1218 4545; x_wconf 87' lang='lat' dir='ltr'><strong>tabulas</strong></span> <span class='ocrx_word' id='word_1_469' title='bbox 1250 4481 1379 4544; x_wconf 90' lang='lat' dir='ltr'><strong>maxime</strong></span> <span class='ocrx_word' id='word_1_470' title='bbox 1407 4478 1580 4561; x_wconf 88' lang='lat' dir='ltr'><strong>perliceret,</strong></span> <span class='ocrx_word' id='word_1_471' title='bbox 1612 4483 1720 4537; x_wconf 78' lang='lat' dir='ltr'><strong>tannen</strong></span> 
     </span>
     <span class='ocr_line' id='line_1_48' title="bbox 349 4563 1721 4655; baseline -0.009 -19"><span class='ocrx_word' id='word_1_472' title='bbox 349 4581 473 4655; x_wconf 87' lang='lat' dir='ltr'><strong>praeter</strong></span> <span class='ocrx_word' id='word_1_473' title='bbox 504 4573 575 4636; x_wconf 90' lang='lat' dir='ltr'><strong>illas</strong></span> <span class='ocrx_word' id='word_1_474' title='bbox 608 4593 663 4635; x_wconf 89' lang='lat' dir='ltr'><strong>eae</strong></span> <span class='ocrx_word' id='word_1_475' title='bbox 700 4590 816 4654; x_wconf 88' lang='lat' dir='ltr'><strong>quoque</strong></span> <span class='ocrx_word' id='word_1_476' title='bbox 849 4579 953 4654; x_wconf 87' lang='lat' dir='ltr'><strong>partes</strong></span> <span class='ocrx_word' id='word_1_477' title='bbox 984 4571 1104 4633; x_wconf 88' lang='lat' dir='ltr'><strong>delatae</strong></span> <span class='ocrx_word' id='word_1_478' title='bbox 1134 4579 1239 4646; x_wconf 89' lang='lat' dir='ltr'><strong>eraut,</strong></span> <span class='ocrx_word' id='word_1_479' title='bbox 1273 4577 1308 4631; x_wconf 93' lang='lat' dir='ltr'><strong>ut</strong></span> <span class='ocrx_word' id='word_1_480' title='bbox 1337 4571 1367 4630; x_wconf 91' lang='lat' dir='ltr'><strong>iu</strong></span> <span class='ocrx_word' id='word_1_481' title='bbox 1401 4565 1592 4646; x_wconf 84' lang='lat' dir='ltr'><strong>astrologicis</strong></span> <span class='ocrx_word' id='word_1_482' title='bbox 1627 4563 1721 4626; x_wconf 82' lang='lat' dir='ltr'><strong>rebus</strong></span> 
     </span>
     <span class='ocr_line' id='line_1_49' title="bbox 351 4656 1720 4744; baseline -0.009 -18"><span class='ocrx_word' id='word_1_483' title='bbox 351 4671 475 4744; x_wconf 90' lang='lat' dir='ltr'><strong>praesto</strong></span> <span class='ocrx_word' id='word_1_484' title='bbox 498 4669 583 4729; x_wconf 74' lang='lat' dir='ltr'><strong>esset</strong></span> <span class='ocrx_word' id='word_1_485' title='bbox 597 4662 788 4744; x_wconf 89' lang='lat' dir='ltr'><strong>Imperatori,</strong></span> <span class='ocrx_word' id='word_1_486' title='bbox 814 4679 900 4742; x_wconf 88' lang='lat' dir='ltr'><strong>quem</strong></span> <span class='ocrx_word' id='word_1_487' title='bbox 924 4660 1028 4736; x_wconf 87' lang='lat' dir='ltr'><strong>multa,</strong></span> <span class='ocrx_word' id='word_1_488' title='bbox 1054 4679 1130 4741; x_wconf 91' lang='lat' dir='ltr'><strong>quae</strong></span> <span class='ocrx_word' id='word_1_489' title='bbox 1154 4659 1303 4723; x_wconf 89' lang='lat' dir='ltr'><strong>liberioris</strong></span> <span class='ocrx_word' id='word_1_490' title='bbox 1322 4656 1426 4740; x_wconf 88' lang='lat' dir='ltr'><strong>judicii</strong></span> <span class='ocrx_word' id='word_1_491' title='bbox 1441 4656 1528 4718; x_wconf 89' lang='lat' dir='ltr'><strong>homo</strong></span> <span class='ocrx_word' id='word_1_492' title='bbox 1548 4659 1720 4733; x_wconf 86' lang='lat' dir='ltr'><strong>respueret,</strong></span> 
     </span>
     <span class='ocr_line' id='line_1_50' title="bbox 353 4741 1720 4832; baseline -0.009 -18"><span class='ocrx_word' id='word_1_493' title='bbox 353 4751 547 4832; x_wconf 79' lang='lat' dir='ltr'><strong>proposuisse</strong></span> <span class='ocrx_word' id='word_1_494' title='bbox 571 4753 716 4822; x_wconf 81' lang='lat' dir='ltr'><strong>credibile</strong></span> <span class='ocrx_word' id='word_1_495' title='bbox 745 4757 803 4812; x_wconf 89' lang='lat' dir='ltr'><strong>est.</strong></span> <span class='ocrx_word' id='word_1_496' title='bbox 851 4747 953 4820; x_wconf 79' lang='lat' dir='ltr'><strong>Quare</strong></span> <span class='ocrx_word' id='word_1_497' title='bbox 976 4748 1126 4830; x_wconf 88' lang='lat' dir='ltr'><strong>Keplerus</strong></span> <span class='ocrx_word' id='word_1_498' title='bbox 1157 4757 1191 4811; x_wconf 90' lang='lat' dir='ltr'><strong>ut</strong></span> <span class='ocrx_word' id='word_1_499' title='bbox 1222 4767 1254 4809; x_wconf 93' lang='lat' dir='ltr'><strong>re</strong></span> <span class='ocrx_word' id='word_1_500' title='bbox 1278 4746 1491 4810; x_wconf 87' lang='lat' dir='ltr'><strong>molestissima</strong></span> <span class='ocrx_word' id='word_1_501' title='bbox 1524 4741 1720 4815; x_wconf 86' lang='lat' dir='ltr'><strong>liberaretur,</strong></span> 
     </span>
     <span class='ocr_line' id='line_1_51' title="bbox 353 4831 1720 4939; baseline -0.01 -36"><span class='ocrx_word' id='word_1_502' title='bbox 353 4859 444 4923; x_wconf 79' lang='lat' dir='ltr'><strong>quum</strong></span> <span class='ocrx_word' id='word_1_503' title='bbox 465 4849 588 4939; x_wconf 67' lang='lat' dir='ltr'><strong>posset,</strong></span> <span class='ocrx_word' id='word_1_504' title='bbox 623 4843 684 4916; x_wconf 70' lang='lat' dir='ltr'><strong>,tiit</strong></span> <span class='ocrx_word' id='word_1_505' title='bbox 714 4858 790 4920; x_wconf 89' lang='lat' dir='ltr'><strong>quae</strong></span> <span class='ocrx_word' id='word_1_506' title='bbox 823 4838 880 4901; x_wconf 91' lang='lat' dir='ltr'><strong>sibi</strong></span> <span class='ocrx_word' id='word_1_507' title='bbox 904 4845 1008 4900; x_wconf 88' lang='lat' dir='ltr'><strong>essent</strong></span> <span class='ocrx_word' id='word_1_508' title='bbox 1035 4839 1175 4901; x_wconf 80' lang='lat' dir='ltr'><strong>iacienda</strong></span> <span class='ocrx_word' id='word_1_509' title='bbox 1205 4838 1381 4900; x_wconf 87' lang='lat' dir='ltr'><strong>excusabat</strong></span> <span class='ocrx_word' id='word_1_510' title='bbox 1426 4833 1501 4896; x_wconf 91' lang='lat' dir='ltr'><strong>Inde</strong></span> <span class='ocrx_word' id='word_1_511' title='bbox 1533 4831 1607 4904; x_wconf 88' lang='lat' dir='ltr'><strong>illa,</strong></span> <span class='ocrx_word' id='word_1_512' title='bbox 1640 4848 1720 4910; x_wconf 87' lang='lat' dir='ltr'><strong>quaa</strong></span> 
     </span>
    </p>
   </div>
   <div class='ocr_carea' id='block_1_9' title="bbox 0 0 1854 5530">
    <p class='ocr_par' dir='ltr' id='par_1_11' title="bbox 0 0 1854 5530">
     <span class='ocr_line' id='line_1_52' title="bbox 0 0 1854 5530; baseline 0 0"><span class='ocrx_word' id='word_1_513' title='bbox 0 0 1854 5530; x_wconf 95' lang='lat' dir='ltr'><strong> </strong></span> 
     </span>
    </p>
   </div>
  </div>
 </body>
</html>
