3476 5532
378 299 443 368 782
894 299 934 390 De
952 296 1054 350 maculis
1076 295 1199 351 Solaribus
1218 373 1220 381 ‚
1285 357 1286 362 ἵ

384 478 465 544 Solis
488 477 729 559 progrediantur,
753 475 849 540 adhuc
872 475 1031 557 quaeritur.
1078 477 1161 538 Tnnc
1185 475 1263 538 enim
1295 476 1400 538 flerent
1423 493 1496 538 sane
1517 475 1618 540 lunulae
1634 478 1669 540 lel-

377 579 473 631 catee.
512 569 551 630 V.
566 567 714 629 illustrari
737 567 780 628 sic
804 573 888 628 astra
910 572 1011 628 cetera
1033 585 1082 628 res
1105 573 1152 627 eet
1170 585 1189 627 a
1204 564 1343 629 Galilaeo
1361 564 1526 628 certissime
1546 573 1668 630 mousbstr

376 659 407 721 in
431 659 558 720 Venere.
606 655 660 717 Vl.
680 656 785 718 Plures
809 662 936 734 quatuor
958 655 1039 716 circe
1059 654 1167 717 iovem
1190 674 1268 730 esse,
1292 654 1463 716 indifferens
1486 663 1532 716 eet
1553 655 1669 718 affirmatio

378 747 569 826 negatioque.
606 744 744 807 Diversis
767 763 817 806 eos
841 743 942 806 invehi
964 743 1084 806 circulis
1106 761 1155 804 res
1179 751 1226 806 set
1250 743 1435 806 certissima:
1459 763 1527 806 nam
1544 743 1619 804 etiam
1630 753 1670 806 tu·

377 836 445 898 dius
468 837 593 898 redeunt
617 834 665 913 qni
689 833 805 914 longius
830 840 997 896 excurrunt.
1043 833 1128 910 Haeo
1159 851 1230 895 vero
1263 831 1425 902 diversitas
1456 832 1523 894 illos
1544 833 1693 928 longiseine¹

377 923 536 1004 distinguit
560 945 579 984 a
602 920 757 986 Solaribus
780 921 912 993 maculis,
937 941 1012 1002 qnae
1037 940 1094 984 nno
1118 929 1199 983 motu
1221 921 1372 985 incedunt.
1419 919 1509 992 Quod
1538 921 1565 982 in
1590 922 1693 987 horem

376 1023 570 1093 austrumque
593 1011 783 1086 inclinantur,
808 1031 845 1074 ea
865 1012 894 1072 in
910 1030 941 1072 re
956 1012 1071 1073 Lunam
1085 1019 1220 1074 nostram
1237 1010 1400 1073 imitantur.
1440 1011 1513 1073 VH.
1528 1010 1569 1072 De
1582 1009 1672 1074 Ssuruo

294 1123 300 1138 ·
374 1112 495 1185 praeter
508 1123 554 1176 ea,
580 1120 655 1182 quae
671 1121 689 1161 a
705 1099 844 1164 Galilaeo
859 1101 964 1173 habeo,
989 1099 1061 1162 nibil
1077 1099 1176 1163 audiri
1191 1101 1284 1163 ultra:
1308 1100 1408 1180 itaque
1428 1101 1496 1181 jnre
1519 1100 1564 1162 bic
1583 1119 1609 1162 se
1627 1119 1672 1160 eou-
1692 1133 1693 1184 p

376 1194 453 1255 tinet
474 1192 609 1272 Apelles.
654 1191 767 1255 Ultimo
792 1190 911 1252 dubitat
943 1198 1060 1262 auctor,
1093 1190 1153 1252 lixa
1184 1188 1246 1252 sint
1278 1189 1331 1251 illa
1353 1189 1455 1252 sidera
1478 1209 1517 1250 an
1538 1187 1672 1250 Solarium

377 1280 517 1345 erratica.
563 1279 680 1342 Moveri
703 1280 756 1341 illa
779 1299 826 1341 res
849 1279 976 1353 indicat,
1001 1279 1028 1341 si
1052 1278 1142 1341 etism
1157 1279 1280 1342 Terram
1303 1278 1414 1342 moveri
1439 1277 1629 1356 concedas:p
1663 1314 1672 1326 -

377 1377 499 1433 veniunt
521 1369 598 1431 enirn
622 1389 750 1431 annuum
764 1369 874 1431 Terrae
893 1368 1056 1432 circuitum.
1093 1366 1128 1430 Si
1147 1367 1176 1429 in
1192 1366 1273 1430 Solis
1292 1367 1447 1447 superlicio
1472 1374 1549 1442 sunt,
1569 1367 1671 1428 hacteuus

376 1462 437 1522 lixa
460 1460 518 1520 dici
542 1468 677 1538 possunt,
700 1467 735 1520 ut
757 1459 846 1520 Duru
869 1465 1036 1537 opponatur
1058 1475 1115 1518 non
1138 1457 1240 1520 mobili
1264 1457 1293 1519 in
1316 1475 1436 1535 genere,
1462 1458 1518 1519 sed
1540 1455 1693 1536 errationis

380 1549 498 1628 specie;
522 1549 610 1620 idern,
634 1547 659 1608 si
683 1547 712 1608 in
736 1555 818 1610 certo
836 1539 913 1609 ¹orbe
937 1547 1029 1608 adina
1051 1546 1132 1608 circa
1153 1545 1254 1609 Solem
1277 1553 1374 1608 eunte.
1413 1545 1495 1609 Dum
1509 1544 1672 1623 autenplmu

378 1639 457 1700 tales
481 1637 602 1698 credere
626 1636 691 1698 vult
720 1655 840 1699 errones
864 1655 918 1698 nos
947 1636 1025 1698 inter
1048 1642 1079 1697 et
1102 1633 1214 1709 Solem,
1239 1653 1275 1698 ex
1299 1633 1403 1716 quibas
1426 1635 1446 1695 ii
1471 1634 1673 1706 subcernuntur,

377 1727 427 1807 qni
451 1725 555 1789 Solem
577 1725 739 1802 incurrant,
763 1725 810 1788 hic
833 1747 851 1787 a
874 1724 945 1787 Sole
966 1724 1082 1804 longius
1105 1724 1229 1796 recedit,
1253 1743 1340 1804 qnam
1362 1723 1519 1805 patiuntur
1541 1724 1597 1803 ejus
1615 1741 1672 1800 argu·

376 1823 495 1888 menta3
526 1833 595 1876 narn
619 1824 649 1878 et
672 1815 838 1897 inaequalis
861 1823 960 1878 motus
982 1813 1012 1876 in
1036 1813 1118 1876 disco
1141 1811 1223 1876 Solis
1249 1822 1280 1874 et
1301 1812 1504 1895 parallaxinm
1527 1812 1693 1875 obtimum„

465 1911 617 1975 Concludo
641 1919 741 1974 tamen
765 1931 829 1973 cum
854 1912 928 1994 ipso,
954 1931 990 1972 ea
1009 1930 1084 1992 quae
1100 1909 1211 1974 scimus
1232 1911 1382 1973 minimam
1397 1929 1466 1972 esse
1481 1919 1592 1990 partem
1604 1926 1673 1980 eonn

377 2009 454 2084 q'uae
476 2003 656 2082 ignoramus.
702 2001 808 2082 Itaque
831 2010 863 2064 et
886 2001 1018 2063 delectat
1040 2018 1145 2062 versus
1169 2000 1305 2080 Virgilii,
1338 2019 1395 2079 quo
1427 2001 1520 2081 paulo
1549 2000 1672 2060 detumet

378 2093 443 2172 ipse
467 2110 563 2152 meum
585 2091 812 2152 Phaenomenon
836 2111 889 2154 eeu
912 2089 1055 2152 Mercurii
1078 2089 1317 2151 observationem
1333 2089 1362 2150 in
1378 2089 1462 2152 disco
1477 2087 1557 2152 Solis
1578 2085 1671 2150 conum

466 2188 548 2252 Nihil
572 2188 662 2268 igitur
683 2196 780 2250 restat
802 2187 1006 2252 illustrissime
1029 2185 1157 2248 Domine
1180 2188 1325 2264 Patrone,
1355 2204 1444 2267 quam
1468 2195 1502 2249 ut
1523 2183 1671 2268 Apellenlr

375 2277 480 2341 tabula
502 2277 643 2356 prolicias
666 2276 791 2360 huicque
814 2279 980 2361 importuno
1004 2275 1108 2341 Sutori
1131 2276 1287 2339 immittas.
1335 2274 1418 2338 Vale.

1145 2365 1258 2428 Illustri
1286 2364 1493 2427 Dominationi
1517 2365 1593 2427 Thrae

1165 2455 1194 2517 Α
1217 2455 1345 2536 crepidis
1368 2454 1578 2535 paratissimus

1113 2541 1205 2606 Sutor
1234 2555 1303 2606 ante
1337 2545 1474 2608 tabulam
1504 2541 1621 2625 Apellis.

533 2654 603 2708 Hem
630 2651 681 2708 tihi
706 2652 934 2725 opportunissimo
956 2658 1078 2724 ternpore
1099 2653 1184 2708 etiam
1204 2652 1298 2709 Fabri·

481 2735 552 2790 cium
587 2737 620 2788 de
654 2733 725 2789 Solis
758 2734 871 2789 maculis
905 2739 1064 2790 testantem.
1115 2734 1240 2800 Videbis,
1275 2733 1299 2789 si

482 2815 604 2870 taedium
638 2815 747 2887 legendi
787 2814 963 2886 ambagiosas
998 2817 1143 2870 verborum
1180 2815 1295 2871 lacunas

484 2895 670 2967 superaveris,
693 2913 853 2952 consensum
873 2913 927 2950 non
948 2897 1180 2954 contemnendum.

465 2992 560 3044 Eodem
579 2993 629 3043 iere
647 2999 765 3057 tempore,
784 3006 831 3058 qno
849 2991 970 3043 welserus
989 2999 1015 3042 et
1031 2991 1192 3055 warnerus,
1218 2992 1279 3043 adiit
1296 2989 1430 3056 Keplermn
1454 2988 1522 3040 Ode
1540 2987 1672 3040 llalcotlrs

378 3079 392 3116 e
413 3063 470 3134 ch·
489 3064 550 3115 lesu
568 3064 743 3127 Bruxeliensis,
761 3075 893 3129 quaerens:
915 3063 1014 3114 Nihilne
1031 3065 1087 3114 nori
1104 3063 1274 3115 Dominsts'oul
1291 3063 1361 3114 Tuae
1379 3063 1446 3112 circa
1462 3067 1556 3112 motum
1572 3061 1628 3110 illam
1640 3055 1672 3106 iuli

377 3137 403 3186 in
432 3143 517 3186 centm
542 3151 585 3186 sno
612 3136 725 3188 maculae
752 3135 810 3187 illae
833 3134 931 3186 Salaros
956 3135 1124 3200 aperuerunt?
1152 3135 1220 3198 Quas
1243 3136 1290 3186 etsi
1314 3135 1372 3184 mihi
1389 3133 1486 3184 Romae
1510 3129 1671 3184 Galilaeuset'u

377 3207 512 3258 Germania
530 3207 572 3257 alii
591 3207 754 3258 ostendissent
781 3205 824 3270 (ne
843 3207 938 3258 ocnlnm
955 3214 1037 3258 ureret
1055 3207 1193 3270 specillum,
1222 3213 1305 3258 tecum
1323 3201 1440 3266 veritus).
1470 3205 1594 3256 observare
1609 3199 1670 3266 nega

377 3279 458 3328 donec
477 3291 520 3327 eas
538 3277 602 3329 lecto
621 3285 663 3328 tuo
682 3279 784 3329 artificio
809 3294 884 3343 eoque
909 3278 1019 3328 nonnihil
1044 3281 1173 3328 immutato
1197 3278 1292 3328 facilium
1312 3275 1470 3342 contemplari
1494 3276 1566 3326 didici
1582 3275 1605 3324 in
1620 3269 1668 3320 als

377 3353 422 3399 ant
439 3347 526 3398 charta
544 3362 560 3398 a
578 3348 635 3400 Sole
653 3364 767 3401 arerrnr:
787 3352 928 3400 uansmissc
940 3351 1053 3400 nimirum
1064 3365 1108 3414 per
1129 3351 1273 3402 arundinem
1291 3349 1433 3413 dioptrieam
1452 3349 1536 3398 debite
1553 3346 1670 3396 dinem

376 3425 481 3484 utroque
499 3433 542 3470 auo
560 3421 621 3469 vitro
640 3435 700 3472 caro
719 3429 744 3471 et
762 3437 869 3472 convexo
891 3423 1036 3472 instructam
1054 3423 1106 3486 ipso
1124 3423 1192 3473 radio
1212 3421 1283 3471 Solis.
1320 3421 1395 3472 Miror
1412 3419 1498 3477 valde,
1516 3419 1589 3469 hasce
1604 3411 1671 3464 naal!

344 3553 347 3560 .
378 3505 428 3542 non
446 3505 571 3542 recurrere
590 3491 675 3542 eodem
698 3494 747 3541 situ
765 3500 791 3543 et
808 3494 904 3550 ordine,
924 3495 944 3542 si
962 3500 1029 3542 motu
1056 3501 1183 3542 morentur
1201 3493 1346 3556 epicyclico,
1373 3506 1428 3541 cnm
1445 3497 1532 3541 tamn
1549 3489 1590 3541 snb
1606 3479 1671 3538 Soletl

378 3562 532 3613 occidentem
551 3561 637 3612 eadem
655 3563 786 3614 uelocitate
803 3565 904 3614 tendere
922 3564 1057 3615 rideantur.
1084 3563 1182 3626 Quaeso
1202 3564 1233 3614 D.
1249 3563 1278 3614 T.
1298 3563 1354 3629 qnid
1368 3564 1398 3614 de
1409 3563 1447 3612 his
1467 3563 1568 3619 tendat,
1585 3561 1631 3610 etri
1643 3551 1672 3619 qai

377 3634 446 3685 aliud
468 3635 524 3684 nori
549 3640 661 3685 aecumst
687 3636 758 3684 verbo
776 3651 825 3685 nuo
843 3637 888 3698 ipsi
906 3635 938 3685 D.
959 3635 1068 3686 Scillerio
1086 3637 1210 3685 insinnare
1238 3635 1367 3700 digneturr
1395 3635 1415 3684 is
1433 3636 1499 3684 enim
1522 3647 1583 3698 qnae
1599 3623 1672 3680 sul·

312 3747 316 3754 .
380 3706 486 3758 audierit
502 3705 561 3756 mihi
592 3707 696 3757 scribere
714 3721 763 3756 nou
781 3708 929 3774 gravabitur.
966 3706 998 3768 (E
1016 3708 1110 3764 literis,
1129 3707 1153 3756 d.
1172 3707 1294 3757 Bruxellis
1312 3707 1335 3757 d
1356 3704 1397 3756 ll.
1416 3705 1480 3756 Dec.
1501 3701 1576 3762 luta.
1592 3698 1673 3766 inquil!

374 3778 487 3830 lendibus
505 3791 579 3844 quam
595 3779 706 3828 maximis
725 3777 797 3830 effert
813 3778 915 3842 Kepleri
932 3781 1056 3844 ingenium
1075 3785 1101 3829 et
1118 3776 1229 3844 scripta.)

461 3877 503 3928 Ad
523 3878 586 3928 naec
607 3877 779 3942 Kepierur:
811 3869 930 3931 Literas
953 3876 1021 3931 tuas
1045 3865 1220 3932 clarissime
1244 3865 1386 3941 Malccti,
1420 3866 1551 3946 scriptas
1575 3861 1617 3928 ll.
1634 3857 1672 3920 Dt-

376 3960 485 4022 cembri
508 3959 579 4021 euni
601 3958 775 4032 duodecimi,
800 3959 902 4039 accepi
924 3977 1026 4021 mense
1040 3955 1120 4021 Julio
1144 3956 1214 4020 anui
1238 3957 1399 4036 sequentis.
1435 3955 1534 4019 Later
1551 3954 1619 4017 idem
1634 3951 1673 4008 oui

376 4049 425 4130 qui
456 4056 487 4110 et
516 4067 622 4110 suasor
652 4047 710 4110 Du.
742 4047 905 4111 Scilleriue.
958 4049 1133 4128 Ampleotor
1165 4047 1194 4107 in
1217 4045 1256 4108 D.
1282 4045 1316 4107 T.
1350 4044 1480 4108 studium
1509 4035 1672 4125 philosophiae

376 4137 640 4218 contemplativae,
672 4157 747 4217 quae
770 4137 826 4199 Dei
858 4137 1036 4216 sapientiam
1067 4138 1096 4198 in
1120 4135 1259 4217 operibus
1283 4135 1347 4214 eJ'us
1370 4134 1455 4196 nobis
1479 4131 1598 4212 detegit.
1633 4125 1672 4188 Nil

375 4245 499 4308 possum
519 4225 589 4288 mihi
612 4244 670 4287 non
694 4225 838 4306 gratulari
861 4227 897 4288 de
912 4225 976 4289 Tua
990 4226 1026 4288 de
1042 4225 1125 4288 libris
1147 4225 1222 4288 meis
1246 4223 1468 4286 existimatione
1491 4215 1672 4285 honestissima

376 4315 496 4380 Utinam
520 4324 552 4378 et
574 4316 769 4396 responderet
790 4315 902 4378 fructus
925 4315 1013 4394 hujus
1036 4313 1173 4377 lectionis
1197 4321 1248 4376 tuo
1271 4312 1431 4376 desiderio.
1469 4311 1530 4376 Sed
1550 4311 1672 4372 etmactrr

375 4425 423 4468 me
446 4404 532 4468 donis
564 4405 762 4484 gratissimis,
796 4423 871 4484 quae
894 4412 965 4467 sunt
987 4403 1135 4484 specimen
1168 4413 1285 4467 tuorum
1309 4403 1483 4464 studiorum.
1524 4397 1639 4477 Denique
1654 4395 1673 4447 tl

375 4495 581 4575 quaestionem
604 4493 709 4574 adjicis
732 4493 980 4574 philosophicam,
1014 4501 1047 4556 ut
1078 4493 1213 4556 omnibus
1245 4492 1342 4554 rnodis
1375 4500 1479 4572 gratus
1510 4489 1559 4554 sis.
1599 4487 1634 4547 De
1650 4495 1672 4538 ιι

376 4583 550 4664 quaestione
574 4583 704 4646 breviter
725 4583 919 4662 respondebo.
956 4581 1085 4647 Primum
1096 4590 1185 4662 atque
1201 4581 1358 4645 Galilaeus
1377 4581 1505 4644 inventis
1520 4575 1598 4642 noris
1615 4569 1671 4664 side·¹

377 4671 458 4735 ribus
482 4674 569 4754 plura
592 4692 703 4735 arcana
731 4673 874 4734 coelestia
893 4671 1042 4752 jactavit,
1074 4671 1111 4732 de
1135 4670 1218 4734 Solis
1249 4671 1374 4734 maculis
1397 4670 1529 4750 cogitare
1551 4662 1634 4745 coepit
1655 4673 1671 4714 ⁵¹

377 4759 477 4821 forsan
511 4779 612 4822 earnm
635 4761 743 4822 indicio
767 4769 878 4824 motum
901 4761 1029 4842 aliquem
1050 4759 1178 4822 Telluris
1202 4759 1282 4822 circa
1297 4759 1398 4822 Solem
1421 4757 1602 4840 comprobare
1620 4765 1669 4831 put·

378 4846 478 4922 simus,
503 4855 574 4912 tunc
596 4849 741 4926 nimirum,
767 4850 791 4912 si
808 4848 861 4912 Sol
883 4849 948 4930 ipse
971 4868 1028 4912 uon
1053 4848 1160 4912 fuisset
1181 4857 1309 4912 rotatus.
1355 4849 1452 4929 Igitur
1475 4850 1552 4912 lente
1572 4851 1670 4908 corruit
