3566 5536
286 241 353 317 m
770 245 810 298 De
828 245 909 302 Stslh
924 239 998 303 stura
1014 235 1165 314 muru

841 377 850 415 Ι

287 425 408 508 quaudo
422 421 561 498 mamma
586 430 619 486 et
632 421 919 504 dogmatissimsm:
943 422 996 488 ubi
1008 423 1216 506 magnitudine
1227 419 1369 502 uuam
1392 419 1648 490 ahmins-eur

285 529 402 596 quoqne
425 511 541 576 minuit.

370 600 484 666 Ultimo
506 601 573 662 loco
597 608 736 682 quartam
759 599 910 681 Scaligeri
933 619 1030 682 pono;
1061 599 1183 673 medii,
1212 609 1303 682 puta
1324 598 1439 672 airis,
1470 595 1647 662 habitum

282 692 391 754 alium
414 698 526 769 atque
550 689 678 765 alium,
703 691 753 771 qui
768 691 850 754 visus
865 689 963 752 nostri
985 697 1124 770 respectu
1146 689 1233 769 paria
1246 690 1321 754 lacit
1334 709 1401 754 oum
1419 685 1645 768 magnitudine.

261 779 393 852 ¹Ventis
417 779 497 842 enim
526 778 726 858 perflantibus
749 788 781 844 et
803 780 945 842 humente
969 797 1056 853 aura,
1091 779 1189 857 qualis
1211 777 1269 840 fuit
1290 786 1355 842 toto
1383 795 1488 841 mense
1511 771 1647 838 Octobri

282 867 353 932 anui
380 863 483 942 1604,
517 867 719 946 fulgidissima
739 875 813 932 sunt
835 868 936 930 sidera
958 873 991 930 et
1014 866 1158 946 grandia,
1193 867 1249 930 lroc
1272 875 1321 930 est
1342 865 1506 948 conspicua
1528 861 1645 924 udde:

281 974 372 1036 quare
397 955 490 1018 etiam
514 973 615 1018 eorum
642 957 839 1018 scintillatio:
868 955 948 1037 quod
976 956 1005 1017 iu
1029 953 1147 1034 Opticis
1174 955 1279 1037 putavi
1306 955 1478 1036 contingere
1502 953 1542 1015 ob
1565 967 1647 1014 ooo-

280 1054 396 1107 tactum
419 1044 512 1118 oculi,
549 1045 636 1108 utin
661 1045 907 1108 lacrumantibus.
953 1045 1022 1108 Nou
1045 1044 1151 1108 mirum
1183 1045 1292 1124 igitur,
1326 1045 1405 1126 quod
1431 1061 1535 1106 meuse
1559 1039 1646 1102 dictu

279 1141 398 1196 tautum
421 1151 495 1213 prae
518 1151 551 1194 se
576 1133 680 1196 tulerit
710 1135 848 1197 ardorem
875 1133 932 1194 hoc
962 1133 1064 1208 sidus,
1099 1151 1166 1196 cum
1198 1143 1281 1196 esset
1308 1152 1363 1214 per
1385 1151 1418 1194 se
1442 1147 1587 1210 maguum
1611 1137 1648 1188 et

280 1223 409 1296 clarum,
442 1222 511 1301 plus
534 1239 624 1302 quam
655 1223 772 1304 reliqua
802 1223 909 1284 omnia.
956 1220 1018 1284 Sed
1041 1223 1103 1284 alia
1132 1223 1248 1286 ratione
1279 1230 1396 1303 pugnat
1427 1221 1503 1282 baec
1535 1235 1645 1284 emsa.

281 1311 360 1392 quod
385 1328 442 1372 nun
468 1310 543 1372 haec
566 1319 685 1374 tantum
708 1312 800 1374 stella
823 1329 912 1386 nova,
936 1311 990 1372 scd
1009 1318 1042 1372 et
1063 1310 1196 1392 reliquae
1221 1330 1334 1382 omues.
1357 1329 1435 1391 quae
1458 1307 1646 1378 scintillant,

281 1398 380 1479 magis
412 1397 444 1459 id
476 1407 636 1478 praestant
666 1412 773 1462 recens
804 1408 909 1474 ortae,
943 1406 997 1462 ant
1023 1398 1086 1480 jam
1116 1418 1300 1474 ommume,
1331 1417 1398 1462 cum
1429 1397 1646 1479 promicante

282 1487 456 1567 vaporibus,
482 1505 570 1568 quam
594 1488 644 1551 ubl
658 1490 748 1569 paulo
773 1495 843 1550 aute
866 1488 916 1550 vel
931 1496 1002 1568 post
1020 1488 1060 1550 ad
1078 1489 1206 1550 medium
1223 1489 1299 1552 cosli
1322 1487 1503 1570 appulerint
1536 1485 1646 1562 Atque

280 1577 358 1640 baso
381 1595 476 1640 causa
499 1575 565 1652 luit,
589 1596 642 1641 cur
660 1578 750 1642 Nova
770 1577 801 1640 in
826 1577 982 1640 occidente
1005 1575 1105 1658 posita
1128 1585 1245 1640 tantum
1267 1582 1514 1658 repraesentaret
1536 1569 1647 1634 enul-

281 1665 409 1728 tanlium
433 1665 620 1730 flammarum
642 1666 819 1729 incendium
865 1664 958 1728 Ratio
987 1665 1064 1728 forte
1092 1666 1230 1746 utrinque
1253 1677 1304 1730 est
1330 1665 1453 1738 eadem,
1482 1681 1542 1726 noo
1564 1679 1647 1724 ccu-

159 1807 162 1816 .
281 1763 384 1817 tactus
408 1753 496 1829 oculi,
530 1755 586 1818 sed
607 1755 782 1835 profundior
805 1760 871 1830 atr,
905 1753 1043 1833 limpidus
1067 1761 1168 1817 manen
1192 1763 1224 1816 et
1245 1755 1433 1836 perspicuus.
1479 1752 1561 1814 Nam
1584 1767 1651 1829 qus

233 1845 238 1860 ⁸
284 1851 374 1924 parta
398 1842 424 1904 is
447 1842 536 1904 lumis
560 1843 761 1918 obnubilatur,
785 1842 863 1906 riam
886 1842 999 1918 obstat,
1023 1843 1177 1906 stellamm
1200 1855 1394 1925 conspectum
1416 1841 1517 1921 eripit,
1543 1839 1649 1900 ferru-

283 1932 405 2012 gineum
440 1929 525 2008 Soli,
566 1933 760 1996 rubentemve
793 1940 826 1994 et
857 1929 925 1992 lruic
957 1939 990 1996 et
1020 1931 1168 1994 sideribus
1204 1934 1313 1996 ceteris
1352 1931 1483 1994 colorem
1515 1926 1649 1990 inducit.

281 2019 391 2086 Solent
413 2019 506 2084 etiam
537 2019 638 2084 sidera
667 2020 860 2102 utplurimum
884 2020 923 2082 ab
947 2027 1052 2083 exortu
1084 2022 1200 2085 colores
1230 2021 1378 2102 projicere
1401 2018 1507 2082 iridis:
1541 2015 1649 2088 credo,

282 2109 354 2191 quia
376 2110 473 2173 lumen
499 2109 621 2190 obj0ctu
644 2127 759 2191 aqueae
783 2109 928 2172 materiae
945 2109 1037 2190 (quae
1050 2118 1194 2190 quantum
1216 2109 1389 2190 densitatis,
1414 2115 1532 2170 tautum
1547 2103 1650 2166 habet

283 2198 491 2272 tenebrarum)
528 2198 659 2262 diluitur.
734 2199 817 2260 'Iunc
853 2197 945 2260 radiis
982 2215 1036 2277 per
1071 2197 1208 2260 humores
1244 2197 1410 2280 ingressis,
1449 2207 1651 2277 quaecuuque

281 2305 376 2352 causa
400 2285 474 2367 ipsis
502 2286 584 2351 inest
610 2286 777 2364 sideribus,
811 2288 909 2348 lumen
942 2286 1091 2350 coloribus
1122 2287 1274 2364 imbuens,
1305 2287 1371 2367 eius
1395 2286 1522 2348 euentus
1556 2290 1651 2344 tauto

282 2375 451 2440 evidentius
474 2383 739 2457 repraesentatum
763 2375 843 2457 quod
865 2375 923 2453 ipsi
944 2393 998 2454 per
1012 2395 1046 2436 se
1069 2376 1208 2438 humores
1231 2395 1284 2440 seu
1303 2375 1405 2438 media
1423 2375 1521 2435 densa
1542 2370 1652 2452 pellu-

281 2463 351 2528 cida
372 2464 553 2526 refractione
577 2465 741 2545 adjuvaute
762 2463 881 2527 colores
904 2463 1025 2526 eosdem
1047 2463 1132 2526 iridis
1155 2472 1329 2544 procreant,
1353 2472 1388 2528 ut
1410 2462 1515 2525 ridere
1539 2467 1591 2522 est
1616 2458 1651 2520 iu

280 2552 476 2634 prismatibus
500 2553 696 2636 crystallinis.
735 2552 815 2614 Vide
840 2552 876 2614 da
900 2551 947 2614 his
962 2550 1075 2632 Optloa
1096 2571 1166 2615 msa
1187 2554 1319 2632 passim
1342 2552 1507 2634 praecipua
1522 2547 1603 2628 Cap.
1621 2546 1651 2608 1.

281 2642 325 2706 Ut
348 2649 448 2706 autem
473 2643 648 2706 concludam
670 2643 748 2706 hunc
771 2640 888 2703 locum:
921 2640 980 2702 etsi
1004 2659 1106 2704 rerum
1129 2651 1191 2716 est,
1222 2650 1254 2705 et
1277 2641 1479 2706 clarissimam
1510 2634 1652 2719 purissi-

144 2779 149 2788 .
280 2749 418 2812 mamque
451 2729 545 2794 luisse
577 2732 717 2804 stellam,
751 2739 782 2792 et
805 2729 948 2810 majorem
980 2729 1131 2806 omuibus,
1164 2737 1195 2790 et
1217 2739 1253 2792 nt
1282 2731 1446 2811 plurimum
1473 2729 1504 2790 in
1532 2743 1653 2788 occasu

281 2819 363 2884 circa
385 2819 570 2884 horizontem
593 2827 788 2900 conspectam
807 2817 1013 2880 humidissimu
1031 2815 1112 2895 aare}
1136 2817 1209 2880 nibil
1223 2828 1326 2883 tamen
1349 2819 1523 2899 potuissent
1539 2832 1653 2878 omnes

283 2907 341 2970 bae
364 2926 474 2970 causae
499 2910 695 2990 conjunctae,
719 2909 776 2972 nisi
799 2907 898 2970 lumen
922 2907 1018 2986 ipsum
1037 2905 1206 2988 incorpore
1229 2909 1348 2980 stellae,
1371 2915 1456 2970 motu
1476 2906 1526 2967 vel
1544 2903 1653 2968 raoul-

281 2997 356 3098 tatis
374 2997 516 3100 'internae
535 2999 584 3062 vel
599 2997 732 3090 corporis
756 2995 850 3076 ipsius
873 2995 1064 3069 creberrimo,
1087 3015 1196 3062 causas
1219 2996 1450 3061 scintillationis
1463 3003 1498 3059 at
1511 2994 1654 3058 colorum

281 3093 458 3149 invenisset.

867 3323 1054 3336 ῌ-ῠ--α

831 3543 951 3645 Caput
977 3539 1085 3618 XIX

716 3717 776 3784 Dc
797 3719 939 3784 Materia
961 3719 1046 3784 Noui
1068 3720 1204 3786 Sideris.

371 3880 477 3944 Omnis
501 3879 538 3942 de
562 3878 689 3942 materia
721 3877 830 3940 stellae
861 3879 1026 3959 disputatio
1049 3880 1088 3943 ab
1112 3881 1149 3944 iis
1179 3883 1348 3962 dependet,
1383 3901 1464 3963 qnae
1498 3880 1658 3944 hactenns

280 3971 420 4036 diximus.
467 3968 543 4033 Cum
566 3968 644 4030 euim
668 3967 699 4029 in
722 3967 806 4030 coelo
836 3985 923 4030 nemo
955 3986 1101 4047 praesens
1131 3971 1270 4034 alluerit:
1301 3977 1386 4034 carte
1419 3969 1570 4051 quidquid
1601 3967 1659 4030 hic

281 4059 377 4122 oculis
400 4075 458 4120 uon
482 4056 705 4137 consequimur,
738 4055 777 4116 ad
801 4073 874 4135 quos
898 4056 1009 4118 lumina
1040 4060 1195 4121 stellamm
1225 4060 1357 4140 quadam
1389 4059 1507 4139 speciei
1531 4073 1658 4137 propa-

281 4149 403 4228 gatione
436 4145 628 4219 delabuntur,
660 4144 690 4208 id
713 4145 826 4206 frustra
848 4142 969 4206 nitimur
999 4145 1154 4226 indagare.
1201 4147 1333 4212 Constat
1356 4147 1451 4228 igitur
1475 4167 1515 4210 ex
1539 4145 1657 4225 dispu-

280 4236 398 4299 tatione
422 4233 592 4297 delumine
616 4235 711 4314 deque
734 4231 961 4306 scintillatione,
986 4231 1110 4298 duomm
1134 4237 1261 4298 altemm
1280 4236 1385 4311 fuisse,
1412 4245 1470 4298 aut
1491 4237 1658 4298 flammam

281 4333 335 4386 aut
357 4341 483 4401 corpus,
508 4341 564 4384 sua
587 4331 730 4384 constans
754 4320 891 4382 materia.
938 4317 973 4382 Si
997 4341 1104 4404 corpus
1128 4325 1202 4401 fuit,
1227 4333 1280 4386 aut
1302 4325 1396 4404 igitur
1420 4333 1540 4388 motum
1564 4324 1659 4385 illum

280 4412 482 4493 palpitantem
506 4409 586 4474 intra
608 4428 676 4472 sese
699 4408 811 4483 tenuit,
836 4427 875 4486 err
896 4407 981 4486 cujus
1008 4413 1199 4494 paroxysmis
1222 4414 1276 4476 illa
1298 4411 1482 4478 scintillatio
1512 4411 1658 4486 emicuit,

281 4509 336 4562 aut
358 4499 455 4578 ipsum
476 4497 537 4577 'per
566 4517 599 4560 se
622 4497 803 4578 pellucidum
831 4496 1040 4560 convolutione
1067 4501 1260 4581 rapidissima
1282 4510 1417 4566 rotatum
1443 4503 1514 4566 luit.
1559 4501 1657 4564 Neu-

281 4587 419 4666 trobique
435 4605 483 4650 res
497 4586 574 4648 citra
592 4586 674 4650 vitae
697 4585 854 4665 cujusdam
877 4583 1037 4662 imaginem
1061 4589 1196 4671 citraque
1218 4591 1419 4654 ministerium
1439 4588 1656 4656 informantis.

282 4673 432 4736 moventis
463 4674 511 4735 vel
543 4673 716 4754 vegetantis
753 4672 908 4736 facultatis
943 4675 1105 4755 peragitur.
1160 4675 1310 4761 Equidem
1343 4682 1435 4742 ravan
1472 4678 1656 4744 sententiae

281 4758 408 4838 primae,
431 4763 581 4824 daromam
603 4762 707 4836 lubae,
730 4759 801 4842 quia
823 4768 857 4824 ut
878 4761 998 4824 flamma
1021 4775 1179 4832 consumta
1201 4777 1258 4843 cst,
1282 4767 1373 4853 quasi
1395 4769 1565 4834 deficiente
1590 4765 1656 4830 ali-
