3566 5536
748 279 831 346 ctu*
847 277 940 332 Ml·
1454 279 1520 350 681

163 457 302 540 οιιςιιιι
323 474 451 541 seseque
473 457 560 540 quasi
583 467 670 522 meat
693 460 833 522 adhunc
860 458 969 538 iguem.
1017 454 1167 520 Credibile
1190 468 1241 521 est
1266 455 1372 540 igiter,
1396 469 1429 524 et
1452 463 1521 543 pla-
1598 409 1626 448 -,

167 555 255 610 netas
280 557 311 610 et
329 549 404 610 lixas
428 567 532 610 omnes
556 566 687 630 quosque
706 549 736 610 in
753 548 815 609 suis
838 547 932 609 rotari
956 547 1081 626 spatiis;
1105 566 1142 608 ne
1158 547 1199 610 sit
1221 549 1332 629 aliquid
1357 551 1385 610 iu
1401 554 1521 626 mundo,

164 637 244 718 quod
268 638 379 713 centri,
412 637 591 700 nobilissimi
614 637 763 717 corporis,
798 635 891 698 radiis
923 635 1068 697 vitalibus
1091 644 1123 697 et
1146 636 1256 701 lumine
1279 637 1521 720 splendidissimo

166 725 286 806 penitus
317 727 462 806 privetur.
508 726 587 789 Nam
621 726 699 806 qaod
730 727 766 788 de
790 725 878 786 Luna
909 725 966 786 tibi
999 723 1102 787 lorsam
1135 725 1282 800 occurrit,
1318 746 1384 790 eam
1416 731 1522 792 eudem

164 831 286 893 semper
309 816 393 877 onitu
413 815 523 875 Terras
547 815 707 894 respicere,
732 815 801 876 dum
820 813 931 876 circum
950 831 1016 874 eam
1041 813 1272 892 circumagiturr
1297 814 1350 876 illa
1371 833 1443 878 vero
1465 819 1522 880 hoc

166 903 231 984 ipso
256 903 527 966 circumactorum
551 921 608 964 non
632 902 748 976 Solem,
778 903 832 964 sed
856 902 951 964 solam
975 902 1100 964 Terram
1124 903 1339 982 amplectatur,
1369 903 1427 965 hac
1450 902 1518 984 ipsa

165 993 337 1056 constantia
361 993 462 1054 vuitus
486 992 524 1052 ad
548 992 672 1054 Terram
696 991 836 1053 affixione
860 990 962 1063 elficit,
986 998 1020 1052 at
1039 989 1112 1052 Sole
1135 1009 1172 1052 ex
1196 991 1274 1052 omni
1297 999 1384 1071 parte
1409 996 1521 1058 mensis

164 1081 253 1144 anina
277 1080 376 1160 spatio
400 1082 533 1154 fructum
566 1081 681 1142 eminus
705 1080 734 1142 in
757 1079 935 1160 plenilunio,
965 1078 1057 1140 reclei
1080 1087 1167 1159 parte
1191 1100 1210 1140 a
1232 1081 1321 1142 nobis
1350 1083 1521 1163 conspicua,

168 1171 334 1232 comminus
354 1170 386 1230 in
411 1169 570 1239 novilunio,
594 1177 680 1249 parte
705 1189 724 1230 a
746 1169 832 1231 nubis
856 1187 972 1230 aversa.

253 1259 340 1320 Duae
364 1259 435 1320 mibi
459 1267 618 1320 occurrunt
650 1257 851 1338 objectiones,
881 1255 992 1337 prima,
1026 1256 1104 1337 quod
1132 1256 1205 1318 nihil
1229 1257 1267 1320 ad
1291 1258 1370 1320 lires
1391 1259 1520 1322 attinere

169 1337 287 1410 ridetur
310 1357 489 1426 conspectus
512 1346 611 1422 Sulis;
635 1348 705 1428 quia
728 1348 854 1421 dictum,
886 1354 983 1408 totam
1006 1343 1130 1406 Saturni
1153 1346 1312 1425 sphaeram
1342 1349 1420 1428 apud
1444 1350 1520 1410 lixas

169 1437 222 1497 vix
245 1453 391 1515 occupare
416 1436 505 1498 trium
529 1436 708 1498 minutomm
728 1436 880 1516 angulum.
918 1433 972 1497 Sol
992 1432 1092 1512 igitur,
1117 1435 1168 1516 qui
1184 1437 1329 1497 tant-ulam
1353 1437 1521 1516 portionem

165 1525 285 1588 obtinet
307 1527 343 1586 de
369 1525 445 1587 coeii
469 1524 603 1586 Saturuii
636 1525 798 1599 diametro,
830 1542 922 1605 penes
953 1523 1030 1584 lixas
1058 1523 1177 1585 omnino
1209 1535 1391 1588 evanescet:
1415 1526 1520 1589 *minor

167 1614 245 1675 enim
269 1633 358 1695 quam
381 1613 650 1692 septingentesima
667 1633 739 1694 pars
753 1613 840 1676 unius
854 1612 959 1690 minuti
984 1611 1166 1691 apparebit?
1189 1613 1308 1688 Altera,
1333 1615 1414 1696 quod
1436 1617 1518 1678 scin-

166 1703 334 1766 tillationes
358 1703 467 1783 oppido
491 1703 604 1765 celeres
627 1711 716 1765 sunt:
740 1703 847 1766 mirum
870 1702 969 1783 igitur,
994 1701 1020 1764 si
1036 1708 1100 1762 tam
1123 1710 1212 1764 uasta
1235 1721 1371 1782 corpora,
1396 1722 1520 1785 qnorum

168 1792 269 1871 aliqua
292 1800 437 1872 superant
460 1789 584 1854 Saturni
607 1793 732 1867 coelum,
757 1799 979 1857 convertuntur.

165 1909 170 1916 ·
256 1880 398 1956 Primum,
424 1880 449 1941 si
473 1881 582 1942 multas
606 1880 719 1942 habent
741 1888 846 1960 partes
870 1879 1023 1960 ejusmodi,
1049 1879 1154 1961 quales
1173 1878 1300 1941 diximus
1324 1881 1520 1944 scintillatio·

167 1969 254 2031 nibus
277 1978 310 2046 et
332 1969 481 2031 coloribus
510 1970 643 2045 servire3
677 1971 755 2050 quod
788 1969 905 2048 quidem
939 1985 1005 2029 eum
1028 1985 1085 2048 par
1114 1977 1162 2030 est
1194 1970 1357 2032 concedere
1381 1973 1432 2044 (eo
1456 1971 1521 2054 ipso

169 2059 247 2139 quod
272 2075 397 2137 corpora
419 2067 490 2120 sunt
512 2058 677 2138 ingentia),
706 2059 756 2139 qui
779 2060 816 2120 de
840 2067 941 2119 cetero
969 2075 1092 2120 causam
1116 2058 1194 2118 hanc
1215 2057 1343 2137 recipit;
1371 2060 1436 2139 jam
1462 2080 1519 2123 nou

125 2189 130 2202 .
166 2155 217 2208 cst
238 2165 372 2220 necesse,
398 2155 432 2208 ut
455 2147 573 2228 quoties
598 2148 656 2210 una
681 2148 790 2210 emicat
812 2147 998 2220 scintillatio,
1024 2146 1115 2208 toties
1139 2165 1199 2208 una
1221 2146 1340 2226 integra
1363 2150 1405 2210 ait
1428 2151 1520 2213 absc-

166 2237 231 2300 luta
253 2236 383 2311 rotatim
414 2237 468 2300 sed
490 2244 525 2299 ut
546 2245 614 2299 rota
637 2239 748 2300 multos
771 2238 889 2306 clavos,
923 2235 967 2296 sic
989 2234 1064 2297 haec
1092 2251 1220 2314 corpora
1248 2238 1359 2299 multos
1383 2239 1519 2318 angulos,

165 2327 260 2387 multa
285 2325 402 2404 fulgura
425 2325 513 2388 unica
535 2327 685 2388 rotatione
705 2345 843 2388 exserere
863 2325 1031 2386 credentur.
1068 2323 1111 2386 Et
1128 2321 1240 2404 quidsi
1264 2325 1383 2388 omnino
1406 2328 1520 2390 ceierae

165 2413 228 2476 siut
251 2413 302 2476 isti
332 2422 466 2489 rotatus,
499 2414 529 2476 in
553 2415 828 2496 compensationem
860 2421 990 2492 negatae
1020 2412 1095 2493 ipsis
1125 2413 1297 2476 tralationis
1320 2413 1350 2476 in
1381 2415 1518 2491 solidum,

164 2513 218 2565 aut
240 2503 278 2566 ob
302 2503 359 2566 hoc
382 2503 493 2583 ipsum,
526 2505 605 2583 quod
637 2506 734 2567 iumen
759 2501 840 2565 Sulis
873 2503 952 2582 apud
985 2501 1068 2581 ipsas
1093 2510 1155 2564 tam
1189 2501 1312 2564 debile?
1349 2504 1417 2566 Non
1442 2505 1520 2568 euim

165 2591 320 2654 euanescit
350 2589 404 2654 Sol
437 2591 494 2670 ipsi
526 2611 624 2654 rerum
658 2600 783 2653 naturae
818 2591 960 2653 redactus
996 2590 1035 2652 ad
1067 2589 1365 2669 septingentesimam
1403 2593 1518 2670 minuti,
1634 2663 1636 2670 ¹

165 2680 236 2760 quia
257 2681 334 2742 forte
359 2680 521 2741 etomnino
545 2680 663 2759 quidem
686 2679 799 2742 nostris
822 2679 916 2740 oculis
930 2677 992 2740 illic
1015 2678 1190 2740 constitutis
1213 2688 1421 2743 evanesceret.
1454 2682 1520 2744 Nec

165 2767 242 2828 enim
265 2785 393 2848 aequum
407 2775 465 2839 est,
490 2777 595 2830 nostra
617 2768 701 2830 risus
724 2767 905 2829 hebetudine
923 2765 983 2828 vim
999 2765 1160 2829 aestimare
1179 2775 1211 2828 et
1224 2785 1349 2831 acumen
1372 2779 1517 2845 naturast

165 2855 413 2936 quemadmodum
429 2873 524 2936 neque
538 2865 707 2920 nestromm
730 2856 972 2937 corpusculorum
991 2863 1144 2918 contemta
1158 2856 1280 2918 exilitas
1302 2859 1519 2939 praejudicium

167 2951 252 3006 creat
274 2945 304 3004 in
319 2945 512 3022 agnoscenda
535 2945 685 3008 coelorum
709 2945 914 3025 amplitudine.
953 2943 986 3007 Si
1011 2952 1138 3007 tameat
1153 2945 1359 3025 pctensDens
1382 2949 1410 3010 in
1430 2950 1518 3028 mole,

164 3039 199 3095 ut
221 3050 313 3113 supra
336 3033 552 3114 expendimus:
575 3036 645 3115 quin
670 3035 762 3115 igitur
784 3041 892 3096 ettam
916 3041 1023 3097 acutus
1039 3041 1129 3114 atque
1153 3033 1272 3118 subtilis
1287 3043 1335 3098 eat
1348 3036 1378 3099 io
1393 3037 1518 3119 dispen-

164 3123 260 3184 sando
284 3121 365 3184 Solia
390 3123 510 3186 iumine.
557 3122 679 3195 Quaeso
704 3133 734 3185 te
758 3124 866 3198 lector,
893 3132 927 3184 ut
948 3123 1020 3184 mibi
1045 3122 1212 3199 condones,
1237 3122 1263 3185 si
1285 3125 1417 3189 minutus
1441 3146 1516 3198 aum,

164 3211 402 3290 argumentando
427 3213 463 3274 de
478 3231 520 3283 re,
545 3214 689 3294 ad'quam
712 3231 805 3292 supra
826 3211 931 3286 vidisti
952 3231 1006 3274 nos
1021 3210 1157 3284 homines
1181 3219 1373 3294 nostrumque
1396 3217 1518 3296 globum

163 3300 303 3382 globique
327 3302 442 3364 coelum
467 3302 600 3384 adeoque
625 3311 657 3364 et
679 3303 759 3364 illius
783 3301 860 3364 coeli
888 3300 1044 3382 decuplum
1068 3319 1136 3362 esse
1158 3301 1248 3381 piane
1275 3302 1516 3370 minutissimum.

164 3389 290 3452 Maneat
313 3399 414 3452 autem
437 3409 491 3453 suo
514 3393 580 3455 loco
604 3392 679 3455 haec
709 3389 933 3453 scintillationis
958 3409 1063 3464 causa,
1095 3390 1218 3453 rotatio.
1267 3391 1432 3457 Videamus
1451 3395 1519 3476 jam

164 3477 295 3558 reliquas
319 3477 477 3559 Scaligeri.
538 3493 543 3500 ⁴

252 3565 419 3630 Verissime
443 3567 517 3630 dicit
539 3568 669 3630 secunde
694 3568 769 3643 leco,
796 3567 984 3632 debilitatem
1008 3567 1128 3631 luminis
1152 3567 1274 3631 obstare
1298 3570 1517 3648 scintillationi,

164 3673 252 3735 qnam
276 3655 456 3736 interpretor
482 3657 702 3720 hebetudinem.
750 3655 885 3720 Claritas
913 3675 984 3737 ergo
1008 3667 1040 3719 et
1061 3657 1178 3737 puritas
1207 3658 1325 3720 luminis
1350 3680 1369 3720 a
1391 3663 1520 3724 materia

164 3745 316 3807 defaecati
338 3745 495 3825 plurimum
518 3745 763 3810 scintillationem
786 3745 952 3828 adjuvabit.
994 3747 1114 3827 Utique.
1152 3746 1232 3808 Nam
1256 3747 1326 3828 quia
1349 3749 1445 3810 lumen
1471 3760 1519 3812 est

165 3833 247 3912 origo
267 3833 486 3910 scintillarum,
519 3853 576 3914 quo
600 3835 702 3914 purius
726 3856 798 3916 ergo
828 3837 940 3909 lumen,
975 3834 1032 3896 boo
1062 3833 1231 3914 expeditior
1254 3845 1302 3896 est
1329 3837 1516 3902 scintillatio.

163 3917 331 4002 Propterea
353 3923 542 4002 planetarum
565 3923 699 3986 valentia
725 3925 844 4006 quidem
873 3932 942 3986 suut
966 3923 1079 3985 lumina
1102 3932 1133 3984 et
1156 3922 1321 4000 evidentia,
1354 3928 1457 4008 utique
1480 3929 1518 3990 ob

163 4009 430 4093 propinquitatem,
455 4013 509 4074 sed
531 4011 665 4094 pinguia,
688 4013 792 4093 piena,
816 4013 1006 4092 corpulenta,
1031 4012 1167 4074 colorata
1190 4013 1333 4076 multum:
1369 4023 1458 4096 atque
1481 4037 1519 4078 ea

164 4101 262 4164 minus
285 4101 470 4164 scintillant:
495 4101 619 4164 marum
642 4119 714 4164 rere
737 4102 836 4183 magis
860 4119 967 4185 aquea,
990 4101 1089 4169 exilia,
1113 4108 1212 4175 acuta,
1239 4101 1344 4178 vitrea,
1368 4105 1519 4185 pellucido

164 4209 217 4252 seu
240 4189 347 4254 diluta.
393 4191 496 4271 Atque
520 4191 595 4252 haec
618 4209 710 4253 cause
734 4199 796 4267 est,
829 4207 881 4252 cur
904 4199 967 4251 tam
999 4189 1104 4269 rapida
1135 4189 1277 4252 fueritin
1307 4202 1413 4256 nostra
1438 4213 1519 4256 nova

163 4279 255 4342 stella
276 4277 465 4342 scintillatio.
511 4280 590 4342 Nam
614 4278 687 4341 nihil
721 4279 836 4360 purius,
868 4279 940 4341 nihil
963 4277 1091 4354 clarius,
1123 4279 1197 4340 nihil
1221 4281 1375 4344 amoenius
1409 4283 1518 4356 eximio

164 4367 216 4430 ilio
238 4367 349 4430 lumine
374 4387 441 4430 ease
466 4377 521 4433 aut
541 4368 612 4448 fingi
635 4371 743 4449 potuit.

251 4455 395 4540 Sequitur
426 4459 656 4539 magnitudo,
691 4477 767 4540 quae
795 4455 952 4537 Scaligeru
985 4455 1081 4537 primo
1114 4457 1179 4518 loco
1211 4459 1341 4546 ponitus.
1388 4459 1519 4528 Rursum

165 4552 264 4608 autem
287 4546 361 4610 nihii
390 4548 566 4628 magnitudo
596 4559 716 4626 posset,
748 4547 773 4608 si
801 4547 899 4608 lumen
933 4546 1065 4608 abesset.
1111 4545 1195 4607 Haec
1224 4548 1316 4627 igitur
1346 4549 1452 4627 elficit,
1485 4562 1519 4615 ut

166 4635 256 4699 stella
285 4635 382 4716 magis
415 4637 457 4700 sit
485 4637 698 4718 aspectabilis,
731 4655 824 4717 quare
857 4643 889 4696 ct
917 4635 984 4716 ejus
1015 4635 1202 4699 scintillatio.
1248 4637 1386 4718 Adjuvat
1414 4641 1517 4722 itaque

43 4768 50 4778 .
166 4732 304 4804 mpecur
326 4727 422 4790 nostri
445 4727 539 4803 visus,
563 4727 613 4809 qui
627 4727 745 4808 magnis
766 4725 867 4788 valide
891 4733 1036 4791 movetur.
1074 4723 1154 4787 Ecce
1178 4745 1280 4792 rursus
1299 4727 1375 4790 hanc
1389 4727 1517 4810 Novam,
