3648 5530
677 323 733 360 cum
750 309 850 361 Nuntio
871 309 979 363 Sideroo.
1150 327 1154 334 ·
1443 309 1508 381 493

152 483 241 547 dibus
273 490 306 547 et
336 481 474 547 Columbi
505 484 705 550 detectionem
738 487 808 549 novi
838 488 932 557 orbis,
967 487 1100 568 adeoque
1134 497 1165 550 et
1196 489 1275 552 inter
1302 491 1384 571 ipsos
1419 493 1508 574 vulgo

152 573 345 636 cireumlatos
369 573 457 634 tubos
490 574 638 649 bilentes,
663 584 693 638 et
717 576 795 638 inter
818 584 901 639 tuam
926 573 1064 638 Galilaea
1089 578 1274 652 machinam,
1308 600 1368 660 qua
1392 582 1508 644 eoelum
1613 616 1617 624 ·

152 663 251 743 ipsum
274 661 455 724 terebrasti:
489 665 542 724 sed
576 665 655 727 nitor
679 665 726 726 hio
749 666 838 727 fidem
862 665 1023 728 incredulis
1045 665 1145 727 facere
1169 667 1359 729 instrumenti
1384 671 1436 732 tui.
1464 699 1505 714 -
1543 717 1572 742 ,-

239 751 410 812 Fatendum
425 757 482 826 est,
507 771 552 813 me
573 771 610 814 ex
630 773 666 814 eo
686 761 829 833 tempore,
855 772 912 834 quo
927 752 1038 832 Optica
1061 773 1126 816 surn
1141 775 1311 835 aggressus,
1328 758 1509 822 creberrime

153 837 319 903 aGaesare
339 847 477 918 rogatum
493 840 530 900 de
545 841 656 903 Portae
682 843 895 922 suprascriptis
920 841 1072 914 artificiis,
1105 843 1193 904 fidem
1217 844 1254 904 iis
1290 853 1322 906 ut
1351 847 1509 924 plurimum

115 949 117 954 ·
153 929 325 1009 derogasse.
372 929 436 990 Neo
461 929 575 1005 mirum,
600 929 707 992 miscet
731 931 811 992 eninr
834 931 993 992 manifeste
1024 930 1213 996 incredibilia
1235 934 1452 1012 probabilibus,
1479 944 1511 997 et

115 1043 117 1046 ¹
153 1017 258 1080 titulus
286 1016 396 1097 capitis
423 1016 473 1080 il.
500 1018 618 1079 verbis:
654 1017 773 1099 „Supra
796 1039 911 1081 ornnem
936 1019 1100 1097 cogitatum
1125 1039 1212 1100 quarn
1237 1022 1409 1102 longissime
1432 1043 1506 1104 pro-

153 1105 288 1186 spicere“
319 1105 477 1168 videbatur
501 1107 718 1169 absurditatem
743 1110 873 1186 opticam
898 1109 1069 1170 involvere:
1102 1110 1187 1189 quasi
1221 1109 1296 1171 visio
1329 1111 1383 1172 fiat
1415 1113 1505 1175 emit-

154 1196 245 1256 tendo
269 1203 300 1255 et
322 1194 494 1274 perspicilla
517 1205 627 1257 acuant
651 1195 727 1258 oculi
747 1198 885 1276 jaculos,
909 1205 943 1258 ut
967 1197 1005 1256 ad
1029 1197 1190 1259 remotiora
1218 1207 1394 1278 penetrent,
1422 1219 1511 1281 quam

154 1285 178 1344 si
203 1283 285 1345 nulla
306 1283 465 1363 perpioilla
488 1284 720 1346 adhiberentur:
756 1294 808 1348 aut
831 1286 876 1361 si,
899 1294 933 1347 ut
957 1285 1095 1364 agnoscit
1117 1286 1227 1361 Porta,
1261 1287 1337 1349 visio
1371 1289 1406 1350 fit
1429 1292 1536 1352 reci-¹

154 1373 280 1452 piendo‚
316 1372 402 1452 quasi
435 1379 504 1433 tunc
535 1374 662 1452 specilla
684 1375 774 1436 rebus
797 1374 935 1436 videndis
965 1375 1062 1435 lucem
1094 1375 1255 1437 concilient
1287 1377 1336 1437 vel
1368 1387 1509 1457 augeant,

156 1480 222 1523 cunr
244 1461 300 1523 boo
327 1459 427 1540 potius
449 1479 552 1523 verum
576 1462 633 1548 sit,
669 1481 744 1543 quae
775 1482 834 1524 non
857 1464 941 1526 ultro
961 1462 999 1523 ad
1031 1471 1151 1524 nostros
1185 1465 1288 1527 oculos
1325 1466 1511 1545 ejaculantur

157 1550 288 1630 aliquam
311 1549 458 1624 luculum,
488 1569 547 1631 qua
571 1551 721 1612 mediante
743 1551 981 1633 conspiciantur,
1006 1570 1156 1632 nunquam
1179 1553 1233 1619 illa
1255 1553 1315 1614 ullo
1339 1557 1510 1635 perspiciilo

156 1638 256 1718 detegi
269 1656 370 1718 posse.
395 1639 561 1700 Praeterea
584 1639 743 1702 credebam
765 1660 823 1703 non
848 1647 966 1702 tanturn
981 1647 1081 1702 aerem
1105 1659 1172 1702 esse
1196 1661 1330 1704 crassum
1353 1651 1384 1705 et
1407 1645 1507 1705 colore

157 1727 313 1802 caeruleo,
349 1745 405 1806 quo
443 1727 603 1790 visibilium
626 1736 729 1808 partes
753 1730 885 1791 minutae
910 1729 1023 1791 eminus
1047 1730 1261 1808 obtegerentnr
1285 1739 1316 1794 et
1339 1732 1507 1795 confunde-

156 1823 259 1878 rentur
267 1834 276 1890 ;
300 1817 464 1896 quodcum
487 1835 541 1895 per
564 1837 596 1878 se
621 1825 735 1880 certum
758 1819 807 1892 sit,
831 1819 944 1880 trustra
967 1817 1108 1880 ridebam
1122 1820 1276 1899 expectari
1292 1841 1310 1882 a
1324 1821 1507 1901 perspiciilo,

157 1915 190 1966 ut
213 1905 291 1967 hane
315 1905 395 1967 atris
419 1905 557 1967 intertusi
580 1905 782 1968 substantiam
798 1907 999 1969 avisibilibus
1016 1908 1171 1987 detergat:
1195 1909 1250 1970 sed
1273 1909 1310 1970 de
1336 1909 1402 1988 ipsa
1417 1910 1508 1971 etiam

157 1993 282 2055 coelesti
306 1991 440 2055 essentia
464 1995 525 2056 tale
550 1995 662 2074 aliquid
686 1997 857 2076 suspicatus
881 2015 965 2071 sum,
999 1997 1077 2076 quod
1100 2015 1169 2069 nos,
1202 1997 1228 2059 si
1251 1997 1380 2059 maxime
1404 1999 1509 2060 Lunae

156 2101 264 2163 corpus
286 2083 316 2144 in
341 2081 515 2144 immensum
545 2102 724 2162 augeamus,
763 2084 1038 2165 impedirepossit
1068 2103 1125 2164 qno
1157 2085 1254 2147 minus
1288 2087 1413 2167 exiguas
1445 2088 1510 2165 ejus

156 2172 320 2250 particulas
344 2171 374 2232 in
408 2191 463 2233 sua
488 2171 621 2250 puritate
644 2173 769 2235 seorsim
794 2194 813 2234 a
837 2174 962 2236 coelesti
986 2173 1114 2235 materia
1136 2174 1370 2254 profundissima
1394 2194 1508 2255 agnos-

158 2279 225 2321 cere
248 2259 406 2340 possimns.
447 2260 512 2321 Has
531 2261 623 2340 igitur
638 2261 675 2323 ob
690 2281 798 2324 causas
814 2261 944 2324 abstinui
969 2284 987 2324 a
1009 2262 1157 2324 tentanda
1171 2263 1355 2338 mechanica,
1381 2282 1510 2325 concur-

158 2348 292 2410 rentibus
315 2349 437 2427 insnper
460 2349 527 2422 aliis
551 2351 643 2411 etiam
666 2345 897 2430 impedimentis.

245 2437 292 2500 At
314 2457 391 2499 nunc
414 2439 520 2499 merito
544 2445 605 2517 tuo,
631 2437 770 2501 Galilaea
794 2439 1000 2510 solertissime,
1025 2439 1198 2502 commendo
1222 2439 1406 2502 indefessam
1430 2447 1512 2502 tuam

157 2525 353 2600 industriam,
388 2525 438 2606 qni
466 2527 634 2589 diffidentia
657 2529 736 2590 omni
764 2528 940 2608 posthabita
981 2536 1065 2591 rocta
1096 2536 1126 2588 te
1151 2528 1189 2588 ad
1214 2529 1366 2590 oculorum
1390 2527 1510 2609 experi-

156 2621 259 2677 menta
286 2615 458 2685 contulisti,
478 2616 600 2696 jamque
624 2624 690 2679 orto
714 2637 768 2696 per
791 2627 843 2679 tna
866 2618 989 2679 inventa
1020 2615 1160 2678 veritatis
1184 2613 1256 2678 Solo
1300 2635 1404 2677 omnes
1433 2617 1509 2679 istas

157 2703 371 2766 titubationum
395 2704 496 2766 larvas
520 2723 586 2766 curn
609 2712 698 2767 nocte
722 2714 817 2768 matre
850 2705 1010 2786 dispulisti,
1044 2704 1171 2785 quidque
1195 2704 1258 2766 deri
1289 2713 1395 2784 posset
1428 2705 1510 2767 lacto

159 2792 382 2855 demonstrasti.

247 2883 290 2944 Ta
313 2872 500 2944 monstrante
525 2899 656 2960 agnosco
686 2881 878 2945 substantiae
909 2881 1050 2943 coelestis
1081 2879 1286 2942 incredibilem
1320 2880 1526 2955 tenuitatem,-

158 2991 234 3052 quae
258 2970 376 3050 quidem
400 2989 438 3032 ex
461 2968 581 3048 Opticis
606 2970 679 3030 meis
703 2971 769 3044 (fol.
793 2969 873 3046 206)
897 2979 1001 3050 patet,
1036 2969 1061 3031 si
1094 2968 1317 3049 proportionem
1348 2969 1509 3032 densitatis

159 3061 240 3123 aeris
265 3060 304 3121 ad
336 3079 444 3139 aquam
476 3059 614 3119 conferas
647 3079 713 3121 cum
745 3061 938 3141 proportione
975 3058 1136 3120 densitatis
1170 3057 1302 3120 aetheris
1336 3059 1376 3119 ad
1408 3065 1509 3120 aerem

157 3149 260 3229 procul
275 3147 364 3210 dnbio
380 3149 473 3209 multo
488 3148 610 3226 majori:
637 3167 712 3228 quae
727 3149 829 3220 efficit,
845 3157 878 3211 ut
892 3169 928 3209 ne
944 3147 1145 3208 minutissima
1159 3147 1277 3226 quidem
1295 3145 1414 3212 stellati
1432 3146 1512 3208 orbis

159 3233 284 3320 (nedum
308 3236 438 3299 Lunaris
468 3237 619 3315 corporis,
661 3237 816 3300 stellarum
839 3238 1035 3309 humillimae)
1072 3235 1221 3315 particula
1253 3244 1374 3296 nostros
1407 3235 1510 3297 oculos

159 3327 284 3406 effugiat
307 3333 358 3387 tuo
382 3326 579 3387 instrumento
604 3325 780 3402 instructos,
806 3328 957 3406 multoque
980 3327 1048 3406 plus
1072 3323 1217 3386 materiae
1242 3325 1306 3398 (vol
1330 3324 1510 3403 opacitatis)
1564 3352 1568 3366 ·

160 3415 188 3476 in
213 3434 271 3477 uno
295 3415 410 3494 specilli
434 3415 610 3493 corpusculo
635 3415 840 3494 interponatur
863 3415 941 3476 inter
965 3415 1081 3476 oculum
1105 3422 1136 3475 et
1159 3432 1223 3474 rem
1236 3415 1344 3486 visam,
1369 3432 1458 3492 quam
1483 3413 1512 3473 in

160 3511 225 3565 toto
249 3503 468 3565 illo·irnmenso
492 3503 623 3564 aetheris
648 3515 764 3565 tractu:
789 3503 859 3585 quia
883 3523 919 3564 ex
943 3504 994 3565 illo
1019 3502 1206 3581 aliquantula
1228 3503 1358 3564 resultat
1374 3501 1510 3562 obscuri-

161 3598 221 3666 tas,
246 3611 283 3652 ex
305 3592 361 3653 boc
384 3592 486 3653 nulla:
523 3599 557 3653 ut
579 3611 655 3672 pene
679 3594 901 3655 concedendum
929 3593 1087 3666 videatur,
1122 3599 1218 3652 toturn
1242 3591 1315 3653 illud
1339 3591 1513 3651 immensum

163 3681 292 3762 spatium
316 3699 440 3742 vacnum
465 3699 541 3743 esse.

249 3769 317 3831 Etsi
346 3769 437 3848 igitur
459 3769 546 3831 avide
569 3775 653 3831 tuum
677 3769 815 3832 Galilaee
839 3771 1068 3833 instrumentum
1094 3775 1230 3846 expecto,
1259 3775 1371 3836 tamen,
1405 3764 1431 3824 si
1455 3783 1514 3843 qua

161 3857 233 3920 mibi
257 3876 322 3918 sors
346 3857 511 3938 effulgebit,
536 3866 568 3919 ut
591 3860 766 3920 mechanica
789 3860 910 3921 remotis
926 3858 1090 3920 obstaculis
1109 3864 1228 3917 tentare
1244 3855 1366 3934 possim,
1391 3859 1511 3913 strenue

160 3965 207 4011 me
233 3945 261 4007 in
286 3947 324 4007 iis
347 3948 511 4020 exercebo,
542 3946 630 4026 idque
654 3947 775 4026 gemina
798 3949 857 4008 via.
903 3948 982 4008 Nam
1011 3948 1060 4006 vel
1090 3944 1295 4023 multiplicabo
1320 3943 1418 4003 lentes
1442 3959 1513 4019 per-

160 4038 307 4098 fectarum
333 4034 555 4115 sphaericarum
579 4035 647 4096 hinc
671 4037 740 4097 inde
763 4037 983 4114 superficierum
1006 4033 1158 4096 lenissime
1183 4029 1413 4111 assurgentium,
1440 4047 1511 4089 eas-

160 4143 217 4206 que
243 4125 335 4186 certis
359 4124 528 4186 intervallis
553 4123 581 4184 in
606 4125 750 4186 arundine
781 4125 951 4204 disponam,
987 4123 1151 4184 exteriores
1180 4121 1269 4198 paulo
1303 4119 1446 4192 latiores,
1482 4125 1516 4178 ut

160 4223 261 4275 tamen
296 4214 398 4275 oculus
432 4213 511 4275 intra
541 4212 698 4274 terminum
732 4213 950 4274 intersectionis
985 4210 1196 4291 parallelorum
1229 4208 1357 4270 omnium
1390 4206 1516 4267 lentium

160 4301 380 4364 constituatur:
430 4302 466 4362 de
504 4301 610 4380 quibus
645 4301 779 4363 terminis
811 4302 878 4362 vide
917 4300 1029 4380 Optica
1068 4317 1135 4358 mea
1181 4299 1225 4376 (p.
1261 4291 1357 4368 albu
1394 4297 1443 4356 vel
1483 4303 1516 4354 ut

160 4389 304 4482 iugrnioa
332 4389 487 4466 superficie
512 4407 642 4450 errorem
667 4389 708 4461 (si
733 4391 798 4469 quis
823 4392 921 4462 esset)
946 4389 1062 4450 facilius
1087 4387 1234 4464 corrigere
1258 4385 1391 4466 possim,
1426 4403 1515 4445 unam

161 4477 256 4540 solam
279 4478 390 4538 lentem
414 4497 468 4539 seu
491 4478 647 4538 umbonem
672 4477 821 4557 effigiabo,
847 4479 944 4539 altera
958 4476 1113 4557 superficie
1129 4475 1263 4553 proxime
1282 4475 1383 4552 plana,
1409 4473 1516 4552 quippe
1548 4550 1551 4560 ,

161 4567 190 4627 in
214 4566 438 4628 convexitatem
453 4565 641 4644 sphaericam
657 4565 750 4626 solius
774 4567 887 4627 dimidii
911 4567 1022 4644 gradus
1046 4584 1099 4624 seu
1114 4559 1169 4625 34‘
1189 4569 1377 4641 assurgente,
1402 4559 1518 4639 reliqua

162 4673 221 4715 non
245 4652 413 4734 sphaerica,
439 4673 515 4733 quae
541 4654 578 4714 ad
603 4654 722 4715 oculum
744 4656 855 4734 vergit,
880 4673 916 4714 ne
941 4654 1012 4713 mihi
1036 4653 1201 4729 contingat,
1227 4651 1306 4731 quod
1330 4650 1373 4720 (in
1389 4646 1516 4729 Optica)

163 4743 297 4802 ostendit
317 4741 439 4802 schema
456 4739 510 4804 81.
527 4743 578 4805 fol.
595 4739 666 4804 251.
685 4741 795 4821 fiatque
809 4741 937 4822 partium
952 4741 994 4801 rei
1011 4741 1092 4800 visae
1109 4738 1248 4800 distortio
1267 4747 1299 4799 et
1314 4739 1448 4801 contusio
1465 4738 1525 4809 (de¹

164 4847 223 4911 qua
242 4839 297 4906 est,
305 4847 391 4910 prop.
410 4827 475 4905 ts),
500 4830 554 4890 sed
573 4831 602 4891 in
621 4829 777 4892 umbonem
792 4837 979 4908 assurgente,
1000 4835 1033 4889 ut
1048 4835 1095 4888 est
1108 4827 1139 4889 iu
1153 4829 1307 4891 schemate
1321 4825 1374 4891 83.
1392 4829 1517 4888 demon·
1550 4877 1555 4886 .
