3718 5528
284 281 351 350 284
779 287 953 339 &tremite
971 285 1034 340 Pam
1050 285 1150 352 option-

326 463 381 528 rig,
402 459 444 513 ⁰¹·
526 463 679 542 proportio
702 465 737 524 fit
759 463 855 541 major
877 463 974 541 partis
999 463 1115 525 lucidae
1140 465 1179 526 ad
1203 463 1405 526 tenebrosam.
1444 461 1493 526 Sit
1515 463 1645 526 cimolos

524 553 628 615 Lunae
652 551 801 614 maximus
824 549 954 626 FAGE,
984 551 1112 614 circulus
1141 551 1369 614 illuminationis
1392 549 1450 613 FG
1477 551 1564 631 eique
1587 551 1644 614 Alc

263 687 269 708 ,
310 608 463 927 G*
523 641 686 743 adrectos
710 647 939 743 perqentrum,
975 648 1009 701 ut
1031 641 1073 700 sit
1096 640 1251 742 proportio
1280 640 1470 744 latitudinum
1498 641 1644 743 obscurae

290 743 303 777 ¹
523 737 555 790 et
578 729 694 790 lucidae
717 737 829 808 partis,
861 748 936 809 qnae
960 727 1017 790 AO
1042 729 1082 790 ad
1106 727 1171 791 ΟΕ.
1218 727 1268 792 su
1292 747 1359 808 Jam
1380 729 1484 791 BIDH
1515 730 1644 792 circulus

318 770 472 928 'V
520 817 649 880 visionis
672 818 768 879 minor
791 837 829 878 ex
856 819 961 880 eodem
989 825 1111 892 centro,
1141 825 1176 881 ut
1197 835 1269 897 pars
1298 835 1446 897 apparens
1476 817 1576 880 lueida
1603 817 1644 880 sit

520 904 640 980 IOHD,
677 907 804 969 obscura
836 904 945 968 IOHB.
993 904 1069 970 Ourn
1103 925 1174 984 ergo
1207 908 1244 968 de
1276 905 1643 987 proportionesque
1753 891 1771 912 ²

527 996 666 1073 aequalia
688 996 755 1068 AB,
779 995 836 1056 DE
858 996 921 1057 sint
943 996 1056 1068 ablata,
1082 995 1266 1057 residuorum
1290 997 1382 1075 igitur
1401 994 1465 1069 ΒΟ,
1490 994 1546 1058 OD
1570 1013 1642 1074 pro·

282 1081 380 1159 portio
405 1083 502 1162 major
526 1083 594 1144 erit.

369 1171 453 1232 Haec
485 1172 602 1251 quidem
631 1173 670 1233 ad
702 1172 833 1249 speciem
866 1179 972 1232 contre
1004 1171 1200 1234 bisectionem
1228 1171 1287 1234 dici
1318 1179 1455 1252 possunt.
1503 1175 1548 1234 At
1575 1191 1643 1234 cum

281 1256 409 1320 latitudo
433 1260 490 1320 AB
513 1267 654 1340 respectu
677 1257 730 1322 BC
756 1259 843 1338 plane
872 1260 913 1321 sit
944 1259 1145 1328 insensibilis,
1178 1268 1212 1321 ut
1239 1279 1332 1340 supra
1361 1260 1494 1324 dictum:
1529 1261 1588 1322 erit
1610 1269 1643 1322 et

280 1348 435 1426 proportio
459 1348 675 1412 insensibiliter
697 1349 769 1410 alia.
808 1347 869 1409 Sed
894 1367 948 1409 nec
972 1349 1125 1428 proportio
1145 1344 1210 1412 239
1235 1351 1273 1410 ad
1293 1347 1353 1412 241
1382 1367 1473 1410 sensu
1497 1349 1641 1428 distingui

280 1443 383 1514 potest
406 1458 425 1498 a
448 1439 639 1517 proportione
671 1436 876 1517 aequalitatis.
922 1439 1032 1499 Altera
1055 1438 1134 1500 enim
1162 1437 1290 1499 alteram
1318 1436 1379 1500 15⁴⁴
1403 1439 1523 1500 circiter
1546 1457 1639 1500 exce-

281 1525 376 1586 deret.
424 1523 525 1596 Quare
559 1533 624 1588 tuto
658 1527 808 1588 contemni
840 1533 951 1605 potest.
1005 1529 1107 1607 Atque
1138 1526 1195 1588 hoc
1227 1545 1343 1608 quoque
1377 1527 1456 1588 infra
1489 1527 1640 1607 expediet,

279 1611 336 1674 hae
359 1631 414 1674 nos
438 1615 607 1693 suspicione
632 1616 779 1677 liberatos
803 1633 880 1676 esse.

368 1701 633 1782 supervacaneum
656 1711 705 1765 est
727 1703 775 1764 hic
800 1703 998 1782 agricolarum
1020 1704 1144 1782 regulas
1168 1711 1313 1783 repetere,
1339 1704 1486 1782 quomodo
1510 1721 1547 1764 ex
1570 1723 1641 1765 cor-

279 1807 369 1852 nuum
393 1791 582 1866 habitudine,
613 1811 688 1872 quae
712 1810 872 1872 sempera
895 1789 967 1852 Sole
992 1799 1063 1853 sunt
1085 1811 1193 1854 aversa
1216 1811 1255 1853 ex
1288 1790 1517 1866 demonstratis,
1552 1793 1642 1854 Luna

281 1896 442 1941 senescens
467 1901 486 1941 a
508 1889 653 1942 nascente
677 1879 900 1960 distinguatur:
926 1881 1035 1959 quade
1054 1899 1086 1941 re
1101 1881 1191 1942 Plinii
1212 1882 1293 1944 locus
1309 1899 1347 1941 ex
1366 1877 1484 1943 libili.
1503 1899 1570 1961 cap.
1586 1879 1640 1945 32.

280 1966 361 2030 solat
383 1969 521 2048 allegari.

367 2057 433 2118 Nec
458 2058 531 2119 illud
555 2065 745 2119 astronomos
771 2057 884 2118 moneri
912 2055 1038 2117 multum
1065 2057 1174 2132 refert,
1208 2057 1355 2137 quomodo
1380 2075 1419 2118 ex
1447 2055 1642 2120 inclinatione

280 2161 422 2206 cornuum
449 2145 605 2207 zodiacum
635 2143 692 2206 sibi
719 2145 878 2224 imaginari
911 2143 1053 2206 crassiori
1076 2146 1215 2208 Minerva
1246 2145 1386 2224 possint:
1420 2153 1452 2206 et
1483 2147 1643 2224 quomodo,

282 2231 421 2294 cornibus
444 2233 473 2294 in
498 2233 710 2314 perpendiculo
733 2233 895 2305 stantibus,
920 2233 958 2293 de
975 2235 1170 2312 nonagesimo
1195 2234 1291 2312 gradu
1315 2232 1474 2312 ecfrptlcae
1497 2236 1643 2298 certiores

278 2320 451 2384 reddantur.
490 2322 627 2401 Denique
652 2321 695 2383 uti
718 2321 800 2384 lines
812 2338 866 2400 per
889 2339 1001 2383 cornua
1021 2323 1170 2400 producta
1193 2323 1290 2385 visum
1310 2323 1341 2384 in
1361 2322 1462 2401 polum
1484 2323 1643 2403 eclipticas

278 2407 411 2472 inducat
459 2411 544 2473 Haec
569 2410 648 2472 enim
670 2411 786 2491 passim
809 2419 880 2472 suut
903 2409 1002 2472 obvia.

728 2547 759 2615 9.
805 2549 858 2611 De
882 2551 1007 2612 Lunae
1031 2549 1196 2613 maculis.

364 2673 433 2737 Etsi
457 2674 589 2756 physicis
614 2675 669 2736 huo
693 2675 906 2756 disputandum
929 2676 1114 2757 relinquitur,
1141 2675 1212 2756 quid
1238 2677 1352 2739 sintin
1377 2675 1465 2737 Luna
1487 2677 1641 2738 maculae:

277 2781 343 2824 cum
357 2771 458 2824 tamen
480 2765 558 2824 istae
581 2764 744 2842 plenilunio
767 2765 957 2844 potissimum
976 2765 1114 2838 emicent,
1141 2765 1268 2827 accedat
1285 2765 1409 2826 ethaeo
1432 2765 1638 2826 consideratio

277 2852 317 2912 ad
339 2869 501 2914 numerum.
539 2852 583 2913 Et
604 2853 747 2935 physicus
767 2853 887 2933 quidem
905 2855 964 2916 etsi
988 2855 1194 2934 quaestionem
1213 2855 1315 2933 plane·
1328 2853 1507 2933 expedierit,
1532 2871 1640 2932 parurn

276 2957 314 3002 ea
335 2940 482 3019 profuerit
512 2948 684 3004 astronomo
718 2945 767 3016 (ut
797 2943 875 3004 forte
908 2963 946 3005 ex
977 2942 1036 3005 situ
1069 2943 1255 3005 macularum
1288 2943 1395 3004 eadem
1428 2943 1529 3004 discat
1550 2942 1641 3004 Luna

277 3028 376 3108 plene,
401 3049 477 3108 quae
501 3050 539 3092 ex
562 3031 755 3092 inclinatione
784 3049 927 3093 cornuum
949 3032 1038 3092 Luna
1068 3031 1201 3093 falcata:
1230 3051 1298 3092 cnm
1325 3030 1453 3093 circulus
1484 3031 1639 3092 illumiua-

277 3117 369 3178 lionis
392 3119 578 3196 superficiem
601 3119 753 3180 transiens
768 3119 883 3194 Lunae,
909 3139 967 3182 nou
987 3127 1100 3182 rectam
1120 3119 1248 3182 oscetin
1266 3120 1406 3182 dextram
1424 3127 1456 3180 et
1475 3118 1641 3194 sinistram,

276 3204 385 3264 necin
410 3205 591 3284 superiorem
616 3217 648 3267 et
671 3206 840 3269 inferiorem
862 3217 990 3288 partem,
1015 3209 1070 3270 sed
1094 3207 1290 3271 transversim
1313 3230 1332 3270 a
1355 3209 1461 3270 dextro
1485 3208 1573 3270 oculo
1598 3208 1640 3270 ad

276 3291 431 3354 sinistrum
445 3294 506 3356 oris
525 3295 692 3374 angulum),
708 3302 898 3358 astronomus
917 3315 989 3359 vero
1008 3297 1132 3379 physico
1147 3297 1244 3359 multa
1262 3295 1439 3378 suppeditat
1458 3295 1637 3358 enodandae

277 3380 462 3458 quaestionis
494 3391 679 3460 argumenta.
730 3380 878 3454 Quamvis
909 3386 965 3446 hoc
998 3394 1206 3464 argumentum
1238 3386 1326 3464 pleno
1359 3384 1434 3446 libro
1468 3384 1640 3463 disputarit

276 3467 473 3545 Plutarchus,
508 3471 545 3532 de
577 3471 653 3532 facie
677 3472 783 3533 Lunae
807 3473 896 3536 titulo
921 3475 1011 3535 facto.
1058 3474 1092 3535 ln
1117 3492 1152 3534 eo
1185 3475 1283 3553 prima
1313 3473 1413 3553 opinio
1447 3490 1550 3534 eorum
1578 3479 1637 3548 est,

276 3556 326 3637 qui
359 3557 467 3620 faciem
500 3561 605 3621 Lunae
638 3566 748 3638 putant
778 3579 847 3624 ease
879 3561 962 3623 visus
996 3561 1195 3624 allectionem.
1246 3561 1352 3624 Multis
1385 3563 1441 3624 hoc
1470 3569 1502 3622 et
1535 3561 1639 3622 densis

276 3647 462 3726 argumentis
486 3648 528 3710 ibi
552 3649 711 3712 refutatur.
758 3650 824 3731 Ego
849 3650 1087 3730 experimentum
1110 3651 1231 3712 oculare
1254 3651 1343 3713 addo.

369 3736 459 3800 Anno
488 3731 581 3800 1602.
616 3732 722 3816 21131.
746 3737 922 3803 Decembris
945 3758 1032 3800 mane
1056 3740 1131 3801 bora
1153 3735 1184 3802 6.
1218 3758 1271 3819 per
1294 3739 1452 3801 artificium
1474 3738 1575 3818 capite
1598 3739 1640 3800 ΙΙ.

276 3825 460 3904 descriptum
485 3834 517 3888 et
539 3825 770 3889 instrumentum
793 3831 832 3892 ad
855 3828 933 3891 hanc
957 3847 1019 3890 rem
1043 3829 1223 3904 confectum,
1248 3829 1334 3906 cujus
1357 3827 1437 3890 infra
1465 3825 1642 3907 subjicietur

277 3915 452 3995 descriptio,
475 3915 564 3977 Luna
578 3915 657 3978 clare
674 3935 707 3978 ee
727 3916 823 3996 ipsam
847 3918 994 3998 pingebat
1012 3918 1041 3979 in
1065 3917 1204 3997 subjecta
1226 3935 1350 3999 papyro,
1375 3916 1436 3978 situ
1455 3933 1571 3990 everso,
1595 3915 1642 3976 sic

276 4009 309 4063 ut
333 4003 364 4064 in
388 4005 472 4066 coelo
498 4012 566 4066 erat
589 4004 735 4084 gibbosa:
761 4024 864 4086 margo
888 4007 1081 4069 circumcirca
1108 4005 1309 4068 lucidissimus
1332 4012 1364 4066 et
1387 4004 1549 4078 candidus,
1580 4003 1641 4065 nisi

388 4137 443 4202 a.
464 4133 497 4184 22
627 4092 1641 4255 1111.1111111111.1111111111311..,111111

628 4272 688 4332 rior
711 4273 792 4346 alibi,
819 4273 890 4335 alibi
914 4272 1032 4335 clarior.
1077 4272 1183 4352 Neque
1215 4279 1305 4352 putea
1328 4271 1358 4332 in
1386 4287 1500 4352 papyro
1535 4269 1640 4342 fuisse,

409 4409 545 4447 W
584 4438 585 4441 Ἴ
629 4361 706 4441 qnod
737 4362 793 4423 sim
824 4362 964 4440 opinatus
997 4362 1097 4423 inesse
1134 4361 1218 4422 radio
1242 4361 1368 4434 Lunae;
1400 4356 1642 4420 transferebatur

629 4450 762 4512 enimet
785 4450 876 4526 gibba
900 4450 994 4512 facies
1019 4456 1052 4510 et
1073 4451 1193 4511 macula
1214 4450 1245 4511 in
1272 4449 1337 4527 ejus
1360 4447 1459 4510 medio
1483 4447 1513 4510 in
1537 4465 1642 4510 omnes

592 4552 597 4619 ᾗ
627 4540 733 4620 papyri
756 4547 861 4618 partes
886 4556 1078 4619 quascunque
1102 4539 1146 4600 illi
1176 4538 1373 4617 subjicerem:
1403 4536 1472 4617 quin
1497 4555 1534 4598 ex
1557 4541 1643 4598 motu

498 4628 509 4706 'f
594 4624 597 4629 ’
626 4629 732 4711 papyri
766 4627 894 4706 primum
929 4627 985 4690 fnit
1021 4627 1128 4705 agnita
1163 4627 1291 4689 macula.
1346 4625 1460 4705 Figura
1493 4624 1640 4700 maculae,

628 4717 726 4796 qualis
759 4716 879 4797 quidem
913 4735 966 4796 per
999 4717 1133 4778 foramen
1167 4715 1243 4778 satis
1276 4717 1377 4778 laxum
1411 4715 1450 4776 ad
1484 4713 1643 4778 duodecim

626 4806 736 4886 padum
760 4805 938 4868 cuondam
956 4806 1077 4869 formari
1098 4805 1317 4868 confusiuscula
1330 4804 1440 4883 putuit,
1459 4821 1642 4884 repraesen-
