<?xml version="1.0" encoding="UTF-8"?>
<!DOCTYPE html PUBLIC "-//W3C//DTD XHTML 1.0 Transitional//EN"
    "http://www.w3.org/TR/xhtml1/DTD/xhtml1-transitional.dtd">
<html xmlns="http://www.w3.org/1999/xhtml" xml:lang="en" lang="en">
 <head>
  <title>
</title>
<meta http-equiv="Content-Type" content="text/html;charset=utf-8" />
  <meta name='ocr-system' content='tesseract 3.04.00' />
  <meta name='ocr-capabilities' content='ocr_page ocr_carea ocr_par ocr_line ocrx_word'/>
</head>
<body>
  <div class='ocr_page' id='page_1' title='image "./joanniskepleria02unkngoog/joanniskepleria02unkngoog_0614.png"; bbox 0 0 3700 5530; ppageno 0'>
   <div class='ocr_carea' id='block_1_1' title="bbox 748 284 1502 358">
    <p class='ocr_par' dir='ltr' id='par_1_1' title="bbox 748 284 1502 358">
     <span class='ocr_line' id='line_1_1' title="bbox 748 284 1502 358; baseline -0.003 0"><span class='ocrx_word' id='word_1_1' title='bbox 748 284 911 344; x_wconf 65' lang='lat' dir='ltr'>Pacem</span> <span class='ocrx_word' id='word_1_2' title='bbox 1441 290 1502 358; x_wconf 82' lang='grc'><strong>581</strong></span> 
     </span>
    </p>
   </div>
   <div class='ocr_carea' id='block_1_2' title="bbox 139 458 1512 4900">
    <p class='ocr_par' dir='ltr' id='par_1_2' title="bbox 150 458 1506 732">
     <span class='ocr_line' id='line_1_2' title="bbox 151 458 1506 554; baseline -0.001 -20"><span class='ocrx_word' id='word_1_3' title='bbox 151 479 243 554; x_wconf 84' lang='lat' dir='ltr'>supra·</span> <span class='ocrx_word' id='word_1_4' title='bbox 267 458 462 546; x_wconf 77' lang='lat' dir='ltr'>exhibuimus,</span> <span class='ocrx_word' id='word_1_5' title='bbox 488 462 654 551; x_wconf 86' lang='lat' dir='ltr'>repetenda</span> <span class='ocrx_word' id='word_1_6' title='bbox 676 481 745 531; x_wconf 86' lang='lat' dir='ltr'>esse</span> <span class='ocrx_word' id='word_1_7' title='bbox 769 467 906 532; x_wconf 90' lang='lat' dir='ltr'>videntur</span> <span class='ocrx_word' id='word_1_8' title='bbox 928 468 1053 550; x_wconf 89' lang='lat' dir='ltr'>Kepleri</span> <span class='ocrx_word' id='word_1_9' title='bbox 1075 468 1178 531; x_wconf 85' lang='lat' dir='ltr'>verba</span> <span class='ocrx_word' id='word_1_10' title='bbox 1225 467 1400 549; x_wconf 71' lang='lat' dir='ltr'>Alloquitur</span> <span class='ocrx_word' id='word_1_11' title='bbox 1428 469 1506 532; x_wconf 90' lang='lat' dir='ltr'>enim</span> 
     </span>
     <span class='ocr_line' id='line_1_3' title="bbox 150 557 1505 639; baseline 0 -17"><span class='ocrx_word' id='word_1_12' title='bbox 150 581 209 623; x_wconf 92' lang='lat' dir='ltr'>nou</span> <span class='ocrx_word' id='word_1_13' title='bbox 233 559 322 622; x_wconf 92' lang='lat' dir='ltr'>modo</span> <span class='ocrx_word' id='word_1_14' title='bbox 346 559 481 622; x_wconf 89' lang='lat' dir='ltr'>homines</span> <span class='ocrx_word' id='word_1_15' title='bbox 505 579 521 622; x_wconf 87' lang='lat' dir='ltr'>e</span> <span class='ocrx_word' id='word_1_16' title='bbox 545 561 663 639; x_wconf 93' lang='lat' dir='ltr'>populo,</span> <span class='ocrx_word' id='word_1_17' title='bbox 689 557 738 639; x_wconf 92' lang='lat' dir='ltr'>qui</span> <span class='ocrx_word' id='word_1_18' title='bbox 762 557 823 620; x_wconf 89' lang='lat' dir='ltr'>ista</span> <span class='ocrx_word' id='word_1_19' title='bbox 845 558 952 620; x_wconf 90' lang='lat' dir='ltr'>lecturi</span> <span class='ocrx_word' id='word_1_20' title='bbox 975 560 1056 634; x_wconf 90' lang='lat' dir='ltr'>sint,</span> <span class='ocrx_word' id='word_1_21' title='bbox 1087 558 1256 620; x_wconf 90' lang='lat' dir='ltr'>sedetiam</span> <span class='ocrx_word' id='word_1_22' title='bbox 1278 560 1505 639; x_wconf 75' lang='lat' dir='ltr'>Imperatorem,</span> 
     </span>
     <span class='ocr_line' id='line_1_4' title="bbox 151 647 1339 732; baseline -0.002 -22"><span class='ocrx_word' id='word_1_23' title='bbox 151 669 300 732; x_wconf 82' lang='lat' dir='ltr'>excusans</span> <span class='ocrx_word' id='word_1_24' title='bbox 324 649 534 729; x_wconf 81' lang='lat' dir='ltr'>angustiosis</span> <span class='ocrx_word' id='word_1_25' title='bbox 559 649 660 711; x_wconf 90' lang='lat' dir='ltr'>libello</span> <span class='ocrx_word' id='word_1_26' title='bbox 684 665 739 708; x_wconf 86' lang='lat' dir='ltr'>suo</span> <span class='ocrx_word' id='word_1_27' title='bbox 762 648 946 728; x_wconf 76' lang='lat' dir='ltr'><strong>astrologiae</strong></span> <span class='ocrx_word' id='word_1_28' title='bbox 970 647 1108 710; x_wconf 89' lang='lat' dir='ltr'>relietum</span> <span class='ocrx_word' id='word_1_29' title='bbox 1131 647 1273 726; x_wconf 90' lang='lat' dir='ltr'>spatium.</span> <span class='ocrx_word' id='word_1_30' title='bbox 1297 679 1339 693; x_wconf 89' lang='lat'>-</span> 
     </span>
    </p>

    <p class='ocr_par' dir='ltr' id='par_1_3' title="bbox 150 735 1507 1078">
     <span class='ocr_line' id='line_1_5' title="bbox 238 735 1507 817; baseline -0.002 -17"><span class='ocrx_word' id='word_1_31' title='bbox 238 740 276 800; x_wconf 92' lang='lat' dir='ltr'>In</span> <span class='ocrx_word' id='word_1_32' title='bbox 299 737 499 817; x_wconf 82' lang='lat' dir='ltr'>dijudicandis</span> <span class='ocrx_word' id='word_1_33' title='bbox 522 737 615 799; x_wconf 86' lang='lat' dir='ltr'>variis</span> <span class='ocrx_word' id='word_1_34' title='bbox 639 736 860 814; x_wconf 76' lang='lat' dir='ltr'>astrologorum</span> <span class='ocrx_word' id='word_1_35' title='bbox 884 736 1045 798; x_wconf 76' lang='lat' dir='ltr'>sententiis</span> <span class='ocrx_word' id='word_1_36' title='bbox 1059 736 1178 799; x_wconf 87' lang='lat' dir='ltr'>delatus</span> <span class='ocrx_word' id='word_1_37' title='bbox 1193 735 1232 798; x_wconf 88' lang='lat' dir='ltr'>ad</span> <span class='ocrx_word' id='word_1_38' title='bbox 1246 735 1383 798; x_wconf 86' lang='lat' dir='ltr'>Roeslini</span> <span class='ocrx_word' id='word_1_39' title='bbox 1398 736 1507 800; x_wconf 90' lang='lat' dir='ltr'>medici</span> 
     </span>
     <span class='ocr_line' id='line_1_6' title="bbox 150 822 1505 906; baseline -0.002 -16"><span class='ocrx_word' id='word_1_40' title='bbox 150 827 283 890; x_wconf 81' lang='lat' dir='ltr'>Alsatici</span> <span class='ocrx_word' id='word_1_41' title='bbox 306 826 484 903; x_wconf 88' lang='lat' dir='ltr'>sententias,</span> <span class='ocrx_word' id='word_1_42' title='bbox 508 826 588 888; x_wconf 90' lang='lat' dir='ltr'>haud</span> <span class='ocrx_word' id='word_1_43' title='bbox 611 827 656 888; x_wconf 89' lang='lat' dir='ltr'>ita</span> <span class='ocrx_word' id='word_1_44' title='bbox 678 843 787 904; x_wconf 89' lang='lat' dir='ltr'>magua</span> <span class='ocrx_word' id='word_1_45' title='bbox 809 825 903 887; x_wconf 90' lang='lat' dir='ltr'>utitur</span> <span class='ocrx_word' id='word_1_46' title='bbox 926 826 1067 887; x_wconf 83' lang='lat' dir='ltr'>comitate</span> <span class='ocrx_word' id='word_1_47' title='bbox 1091 823 1184 904; x_wconf 80' lang='lat' dir='ltr'>(Gap.</span> <span class='ocrx_word' id='word_1_48' title='bbox 1209 822 1277 900; x_wconf 92' lang='grc'><strong>30).</strong></span> <span class='ocrx_word' id='word_1_49' title='bbox 1324 826 1430 906; x_wconf 86' lang='lat' dir='ltr'>ltaque</span> <span class='ocrx_word' id='word_1_50' title='bbox 1454 826 1505 887; x_wconf 87' lang='lat' dir='ltr'>ille</span> 
     </span>
     <span class='ocr_line' id='line_1_7' title="bbox 152 913 1506 995; baseline -0.001 -17"><span class='ocrx_word' id='word_1_51' title='bbox 152 937 172 978; x_wconf 86' lang='lat' dir='ltr'>a</span> <span class='ocrx_word' id='word_1_52' title='bbox 193 916 326 995; x_wconf 83' lang='lat' dir='ltr'>Keploro</span> <span class='ocrx_word' id='word_1_53' title='bbox 350 916 511 978; x_wconf 89' lang='lat' dir='ltr'>lacessitus</span> <span class='ocrx_word' id='word_1_54' title='bbox 534 915 698 994; x_wconf 79' lang='lat' dir='ltr'>respondet</span> <span class='ocrx_word' id='word_1_55' title='bbox 720 933 767 988; x_wconf 90' lang='lat' dir='ltr'>ea,</span> <span class='ocrx_word' id='word_1_56' title='bbox 791 913 898 994; x_wconf 89' lang='lat' dir='ltr'>quibus</span> <span class='ocrx_word' id='word_1_57' title='bbox 922 914 1059 977; x_wconf 87' lang='lat' dir='ltr'>acerbius</span> <span class='ocrx_word' id='word_1_58' title='bbox 1087 915 1252 977; x_wconf 77' lang='lat' dir='ltr'>rescribere</span> <span class='ocrx_word' id='word_1_59' title='bbox 1275 914 1425 994; x_wconf 88' lang='lat' dir='ltr'>Keplerus</span> <span class='ocrx_word' id='word_1_60' title='bbox 1449 932 1506 976; x_wconf 89' lang='lat' dir='ltr'>non</span> 
     </span>
     <span class='ocr_line' id='line_1_8' title="bbox 152 1009 754 1078; baseline -0.007 -12"><span class='ocrx_word' id='word_1_61' title='bbox 152 1013 319 1067; x_wconf 86' lang='lat' dir='ltr'>cunctatur.</span> <span class='ocrx_word' id='word_1_62' title='bbox 367 1009 466 1078; x_wconf 76' lang='lat' dir='ltr'>(comp.</span> <span class='ocrx_word' id='word_1_63' title='bbox 485 1010 538 1062; x_wconf 82' lang='lat' dir='ltr'>vot.</span> <span class='ocrx_word' id='word_1_64' title='bbox 559 1013 580 1062; x_wconf 92' lang='lat'>1.</span> <span class='ocrx_word' id='word_1_65' title='bbox 596 1028 621 1076; x_wconf 83' lang='lat' dir='ltr'>p.</span> <span class='ocrx_word' id='word_1_66' title='bbox 639 1009 691 1062; x_wconf 77' lang='grc'><strong>115</strong></span> <span class='ocrx_word' id='word_1_67' title='bbox 708 1009 754 1073; x_wconf 83' lang='lat' dir='ltr'>su.)</span> 
     </span>
    </p>

    <p class='ocr_par' dir='ltr' id='par_1_4' title="bbox 151 1089 1509 3199">
     <span class='ocr_line' id='line_1_9' title="bbox 242 1089 1506 1173; baseline -0.002 -19"><span class='ocrx_word' id='word_1_68' title='bbox 242 1091 318 1172; x_wconf 86' lang='lat' dir='ltr'>Oap.</span> <span class='ocrx_word' id='word_1_69' title='bbox 346 1090 387 1156; x_wconf 89' lang='grc'><strong>18</strong></span> <span class='ocrx_word' id='word_1_70' title='bbox 401 1111 468 1173; x_wconf 88' lang='lat' dir='ltr'>sqq.</span> <span class='ocrx_word' id='word_1_71' title='bbox 493 1093 558 1172; x_wconf 87' lang='lat' dir='ltr'>agit</span> <span class='ocrx_word' id='word_1_72' title='bbox 582 1093 618 1154; x_wconf 86' lang='lat' dir='ltr'>de</span> <span class='ocrx_word' id='word_1_73' title='bbox 643 1091 866 1165; x_wconf 78' lang='lat' dir='ltr'>scintillatione,</span> <span class='ocrx_word' id='word_1_74' title='bbox 891 1091 1027 1165; x_wconf 90' lang='lat' dir='ltr'>materia,</span> <span class='ocrx_word' id='word_1_75' title='bbox 1052 1098 1121 1153; x_wconf 92' lang='lat' dir='ltr'>ortu</span> <span class='ocrx_word' id='word_1_76' title='bbox 1143 1109 1239 1151; x_wconf 90' lang='lat' dir='ltr'>novae</span> <span class='ocrx_word' id='word_1_77' title='bbox 1263 1091 1381 1154; x_wconf 87' lang='lat' dir='ltr'>stellae.</span> <span class='ocrx_word' id='word_1_78' title='bbox 1417 1089 1506 1162; x_wconf 80' lang='lat' dir='ltr'>Quod</span> 
     </span>
     <span class='ocr_line' id='line_1_10' title="bbox 153 1179 1505 1260; baseline -0.001 -18"><span class='ocrx_word' id='word_1_79' title='bbox 153 1182 265 1244; x_wconf 80' lang='lat' dir='ltr'>attinet</span> <span class='ocrx_word' id='word_1_80' title='bbox 288 1180 627 1253; x_wconf 88' lang='lat' dir='ltr'>scintillationem,</span> <span class='ocrx_word' id='word_1_81' title='bbox 660 1180 805 1259; x_wconf 89' lang='lat' dir='ltr'>dijudicat</span> <span class='ocrx_word' id='word_1_82' title='bbox 827 1199 936 1243; x_wconf 87' lang='lat' dir='ltr'>causas</span> <span class='ocrx_word' id='word_1_83' title='bbox 960 1180 1184 1242; x_wconf 77' lang='lat' dir='ltr'>scintillationis</span> <span class='ocrx_word' id='word_1_84' title='bbox 1209 1200 1227 1241; x_wconf 89' lang='lat' dir='ltr'>a</span> <span class='ocrx_word' id='word_1_85' title='bbox 1251 1179 1408 1259; x_wconf 89' lang='lat' dir='ltr'>Scaligero</span> <span class='ocrx_word' id='word_1_86' title='bbox 1431 1199 1505 1260; x_wconf 84' lang='lat' dir='ltr'>pro-</span> 
     </span>
     <span class='ocr_line' id='line_1_11' title="bbox 151 1267 1505 1349; baseline 0 -19"><span class='ocrx_word' id='word_1_87' title='bbox 151 1271 285 1349; x_wconf 84' lang='lat' dir='ltr'>positas:</span> <span class='ocrx_word' id='word_1_88' title='bbox 310 1278 424 1331; x_wconf 89' lang='lat' dir='ltr'>motum</span> <span class='ocrx_word' id='word_1_89' title='bbox 446 1269 575 1342; x_wconf 89' lang='lat' dir='ltr'>luminis,</span> <span class='ocrx_word' id='word_1_90' title='bbox 599 1269 720 1344; x_wconf 90' lang='lat' dir='ltr'>sideris,</span> <span class='ocrx_word' id='word_1_91' title='bbox 747 1269 846 1343; x_wconf 73' lang='lat' dir='ltr'>abris;</span> <span class='ocrx_word' id='word_1_92' title='bbox 880 1269 1050 1330; x_wconf 88' lang='lat' dir='ltr'>claritatem</span> <span class='ocrx_word' id='word_1_93' title='bbox 1074 1277 1105 1330; x_wconf 90' lang='lat' dir='ltr'>et</span> <span class='ocrx_word' id='word_1_94' title='bbox 1127 1269 1364 1348; x_wconf 79' lang='lat' dir='ltr'>magnitudinem</span> <span class='ocrx_word' id='word_1_95' title='bbox 1388 1267 1505 1332; x_wconf 85' lang='lat' dir='ltr'>sideris.</span> 
     </span>
     <span class='ocr_line' id='line_1_12' title="bbox 151 1355 1505 1437; baseline -0.001 -17"><span class='ocrx_word' id='word_1_96' title='bbox 151 1359 204 1421; x_wconf 92' lang='lat' dir='ltr'>Nil</span> <span class='ocrx_word' id='word_1_97' title='bbox 227 1359 304 1420; x_wconf 90' lang='lat' dir='ltr'>certi</span> <span class='ocrx_word' id='word_1_98' title='bbox 327 1359 390 1433; x_wconf 87' lang='lat' dir='ltr'>dat,</span> <span class='ocrx_word' id='word_1_99' title='bbox 415 1357 462 1420; x_wconf 89' lang='lat' dir='ltr'>bis</span> <span class='ocrx_word' id='word_1_100' title='bbox 485 1367 586 1420; x_wconf 90' lang='lat' dir='ltr'>autem</span> <span class='ocrx_word' id='word_1_101' title='bbox 610 1357 760 1420; x_wconf 85' lang='lat' dir='ltr'>concludit</span> <span class='ocrx_word' id='word_1_102' title='bbox 783 1355 899 1420; x_wconf 88' lang='lat' dir='ltr'>verbis:</span> <span class='ocrx_word' id='word_1_103' title='bbox 924 1358 998 1420; x_wconf 91' lang='lat' dir='ltr'>nihil</span> <span class='ocrx_word' id='word_1_104' title='bbox 1016 1358 1187 1437; x_wconf 88' lang='lat' dir='ltr'>potuissent</span> <span class='ocrx_word' id='word_1_105' title='bbox 1204 1377 1308 1420; x_wconf 90' lang='lat' dir='ltr'>omnes</span> <span class='ocrx_word' id='word_1_106' title='bbox 1322 1357 1380 1420; x_wconf 93' lang='lat' dir='ltr'>bae</span> <span class='ocrx_word' id='word_1_107' title='bbox 1395 1376 1505 1420; x_wconf 87' lang='lat' dir='ltr'>causae</span> 
     </span>
     <span class='ocr_line' id='line_1_13' title="bbox 153 1445 1506 1528; baseline -0.002 -18"><span class='ocrx_word' id='word_1_108' title='bbox 153 1447 342 1528; x_wconf 87' lang='lat' dir='ltr'>conjunctae,</span> <span class='ocrx_word' id='word_1_109' title='bbox 366 1447 424 1508; x_wconf 87' lang='lat' dir='ltr'>uisi</span> <span class='ocrx_word' id='word_1_110' title='bbox 449 1448 544 1510; x_wconf 82' lang='lat' dir='ltr'>lumen</span> <span class='ocrx_word' id='word_1_111' title='bbox 568 1449 667 1526; x_wconf 88' lang='lat' dir='ltr'>ipsum</span> <span class='ocrx_word' id='word_1_112' title='bbox 690 1445 717 1507; x_wconf 94' lang='lat' dir='ltr'>in</span> <span class='ocrx_word' id='word_1_113' title='bbox 742 1465 866 1526; x_wconf 92' lang='lat' dir='ltr'>corpore</span> <span class='ocrx_word' id='word_1_114' title='bbox 890 1448 998 1510; x_wconf 86' lang='lat' dir='ltr'>stellas</span> <span class='ocrx_word' id='word_1_115' title='bbox 1021 1455 1103 1508; x_wconf 91' lang='lat' dir='ltr'>motu</span> <span class='ocrx_word' id='word_1_116' title='bbox 1126 1447 1175 1508; x_wconf 91' lang='lat' dir='ltr'>vel</span> <span class='ocrx_word' id='word_1_117' title='bbox 1199 1447 1355 1510; x_wconf 78' lang='lat' dir='ltr'>facultatis</span> <span class='ocrx_word' id='word_1_118' title='bbox 1370 1447 1506 1508; x_wconf 88' lang='lat' dir='ltr'>internae</span> 
     </span>
     <span class='ocr_line' id='line_1_14' title="bbox 152 1535 1505 1616; baseline 0.003 -23"><span class='ocrx_word' id='word_1_119' title='bbox 152 1537 201 1598; x_wconf 90' lang='lat' dir='ltr'>vel</span> <span class='ocrx_word' id='word_1_120' title='bbox 225 1537 358 1616; x_wconf 92' lang='lat' dir='ltr'>corporis</span> <span class='ocrx_word' id='word_1_121' title='bbox 382 1536 476 1616; x_wconf 90' lang='lat' dir='ltr'>ipsius</span> <span class='ocrx_word' id='word_1_122' title='bbox 499 1536 677 1598; x_wconf 86' lang='lat' dir='ltr'>creberrimo</span> <span class='ocrx_word' id='word_1_123' title='bbox 701 1555 810 1598; x_wconf 85' lang='lat' dir='ltr'>causas</span> <span class='ocrx_word' id='word_1_124' title='bbox 835 1535 1083 1598; x_wconf 89' lang='lat' dir='ltr'>scintillationum</span> <span class='ocrx_word' id='word_1_125' title='bbox 1107 1545 1139 1596; x_wconf 87' lang='lat' dir='ltr'>et</span> <span class='ocrx_word' id='word_1_126' title='bbox 1168 1535 1300 1598; x_wconf 91' lang='lat' dir='ltr'>colorum</span> <span class='ocrx_word' id='word_1_127' title='bbox 1329 1536 1505 1599; x_wconf 91' lang='lat' dir='ltr'>invenisset.</span> 
     </span>
     <span class='ocr_line' id='line_1_15' title="bbox 151 1624 1506 1702; baseline -0.001 -14"><span class='ocrx_word' id='word_1_128' title='bbox 151 1625 199 1688; x_wconf 90' lang='lat' dir='ltr'>De</span> <span class='ocrx_word' id='word_1_129' title='bbox 223 1625 381 1686; x_wconf 90' lang='lat' dir='ltr'>materia</span> <span class='ocrx_word' id='word_1_130' title='bbox 404 1624 510 1686; x_wconf 89' lang='lat' dir='ltr'>dubius</span> <span class='ocrx_word' id='word_1_131' title='bbox 534 1632 599 1686; x_wconf 89' lang='lat' dir='ltr'>est:</span> <span class='ocrx_word' id='word_1_132' title='bbox 639 1625 872 1700; x_wconf 82' lang='lat' dir='ltr'>„concludamus</span> <span class='ocrx_word' id='word_1_133' title='bbox 895 1643 1007 1702; x_wconf 87' lang='lat' dir='ltr'>magua</span> <span class='ocrx_word' id='word_1_134' title='bbox 1033 1624 1310 1700; x_wconf 86' lang='lat' dir='ltr'>verisimilitudine,</span> <span class='ocrx_word' id='word_1_135' title='bbox 1347 1625 1506 1688; x_wconf 86' lang='lat' dir='ltr'>materiam</span> 
     </span>
     <span class='ocr_line' id='line_1_16' title="bbox 152 1713 1505 1794; baseline 0 -18"><span class='ocrx_word' id='word_1_136' title='bbox 152 1731 229 1776; x_wconf 88' lang='lat' dir='ltr'>novo</span> <span class='ocrx_word' id='word_1_137' title='bbox 253 1713 344 1778; x_wconf 87' lang='lat' dir='ltr'>sideri</span> <span class='ocrx_word' id='word_1_138' title='bbox 366 1714 535 1793; x_wconf 82' lang='lat' dir='ltr'>praebitam</span> <span class='ocrx_word' id='word_1_139' title='bbox 559 1714 606 1775; x_wconf 87' lang='lat' dir='ltr'>vel</span> <span class='ocrx_word' id='word_1_140' title='bbox 628 1716 789 1793; x_wconf 81' lang='lat' dir='ltr'>pinguem,</span> <span class='ocrx_word' id='word_1_141' title='bbox 818 1732 893 1793; x_wconf 90' lang='lat' dir='ltr'>quae</span> <span class='ocrx_word' id='word_1_142' title='bbox 919 1713 1027 1792; x_wconf 84' lang='lat' dir='ltr'>frigore</span> <span class='ocrx_word' id='word_1_143' title='bbox 1053 1713 1143 1776; x_wconf 84' lang='lat' dir='ltr'>fuerit</span> <span class='ocrx_word' id='word_1_144' title='bbox 1164 1714 1304 1790; x_wconf 88' lang='lat' dir='ltr'>incensa,</span> <span class='ocrx_word' id='word_1_145' title='bbox 1336 1722 1369 1777; x_wconf 94' lang='lat' dir='ltr'>ut</span> <span class='ocrx_word' id='word_1_146' title='bbox 1392 1714 1505 1794; x_wconf 89' lang='lat' dir='ltr'>trajec-</span> 
     </span>
     <span class='ocr_line' id='line_1_17' title="bbox 153 1801 1508 1883; baseline 0.001 -20"><span class='ocrx_word' id='word_1_147' title='bbox 153 1804 260 1876; x_wconf 91' lang='lat' dir='ltr'>tiones,</span> <span class='ocrx_word' id='word_1_148' title='bbox 286 1803 333 1864; x_wconf 89' lang='lat' dir='ltr'>vel</span> <span class='ocrx_word' id='word_1_149' title='bbox 357 1821 493 1882; x_wconf 84' lang='lat' dir='ltr'>aqueam,</span> <span class='ocrx_word' id='word_1_150' title='bbox 517 1802 547 1864; x_wconf 92' lang='lat' dir='ltr'>in</span> <span class='ocrx_word' id='word_1_151' title='bbox 572 1821 705 1883; x_wconf 84' lang='lat' dir='ltr'>quassu</span> <span class='ocrx_word' id='word_1_152' title='bbox 729 1801 783 1864; x_wconf 92' lang='lat' dir='ltr'>Sol</span> <span class='ocrx_word' id='word_1_153' title='bbox 807 1822 859 1864; x_wconf 89' lang='lat' dir='ltr'>seu</span> <span class='ocrx_word' id='word_1_154' title='bbox 883 1802 1031 1865; x_wconf 87' lang='lat' dir='ltr'>internum</span> <span class='ocrx_word' id='word_1_155' title='bbox 1056 1803 1154 1864; x_wconf 90' lang='lat' dir='ltr'>lumen</span> <span class='ocrx_word' id='word_1_156' title='bbox 1176 1803 1359 1866; x_wconf 86' lang='lat' dir='ltr'>refulserit.“</span> <span class='ocrx_word' id='word_1_157' title='bbox 1408 1803 1508 1866; x_wconf 86' lang='lat' dir='ltr'>Stella</span> 
     </span>
     <span class='ocr_line' id='line_1_18' title="bbox 154 1891 1507 1971; baseline 0.001 -21"><span class='ocrx_word' id='word_1_158' title='bbox 154 1891 231 1951; x_wconf 87' lang='lat' dir='ltr'>haec</span> <span class='ocrx_word' id='word_1_159' title='bbox 255 1892 400 1970; x_wconf 87' lang='lat' dir='ltr'>quomodo</span> <span class='ocrx_word' id='word_1_160' title='bbox 425 1900 563 1953; x_wconf 88' lang='lat' dir='ltr'>exorta</span> <span class='ocrx_word' id='word_1_161' title='bbox 592 1891 645 1964; x_wconf 89' lang='lat' dir='ltr'>sit,</span> <span class='ocrx_word' id='word_1_162' title='bbox 670 1891 806 1954; x_wconf 90' lang='lat' dir='ltr'>diversas</span> <span class='ocrx_word' id='word_1_163' title='bbox 830 1891 998 1952; x_wconf 88' lang='lat' dir='ltr'>sententias</span> <span class='ocrx_word' id='word_1_164' title='bbox 1023 1893 1127 1966; x_wconf 83' lang='lat' dir='ltr'>affert3</span> <span class='ocrx_word' id='word_1_165' title='bbox 1161 1900 1317 1971; x_wconf 90' lang='lat' dir='ltr'>comparat</span> <span class='ocrx_word' id='word_1_166' title='bbox 1346 1911 1412 1952; x_wconf 88' lang='lat' dir='ltr'>eam</span> <span class='ocrx_word' id='word_1_167' title='bbox 1440 1911 1507 1953; x_wconf 92' lang='lat' dir='ltr'>cum</span> 
     </span>
     <span class='ocr_line' id='line_1_19' title="bbox 154 1978 1506 2060; baseline 0.001 -20"><span class='ocrx_word' id='word_1_168' title='bbox 154 1997 235 2040; x_wconf 88' lang='lat' dir='ltr'>nova</span> <span class='ocrx_word' id='word_1_169' title='bbox 259 1979 349 2040; x_wconf 87' lang='lat' dir='ltr'>stella</span> <span class='ocrx_word' id='word_1_170' title='bbox 373 2000 399 2041; x_wconf 89' lang='lat' dir='ltr'>a.</span> <span class='ocrx_word' id='word_1_171' title='bbox 429 1978 512 2042; x_wconf 86' lang='grc'><strong>1572</strong></span> <span class='ocrx_word' id='word_1_172' title='bbox 536 1989 716 2060; x_wconf 82' lang='lat' dir='ltr'>conspecta3</span> <span class='ocrx_word' id='word_1_173' title='bbox 754 1979 876 2042; x_wconf 86' lang='lat' dir='ltr'>disserit</span> <span class='ocrx_word' id='word_1_174' title='bbox 900 1979 936 2040; x_wconf 91' lang='lat' dir='ltr'>de</span> <span class='ocrx_word' id='word_1_175' title='bbox 964 1981 1093 2042; x_wconf 89' lang='lat' dir='ltr'>materia</span> <span class='ocrx_word' id='word_1_176' title='bbox 1123 1980 1152 2042; x_wconf 90' lang='lat' dir='ltr'>in</span> <span class='ocrx_word' id='word_1_177' title='bbox 1182 1999 1279 2043; x_wconf 91' lang='lat' dir='ltr'>rerum</span> <span class='ocrx_word' id='word_1_178' title='bbox 1309 1981 1506 2043; x_wconf 88' lang='lat' dir='ltr'>universitate</span> 
     </span>
     <span class='ocr_line' id='line_1_20' title="bbox 156 2067 1507 2148; baseline 0.001 -19"><span class='ocrx_word' id='word_1_179' title='bbox 156 2067 284 2141; x_wconf 80' lang='lat' dir='ltr'>diffusa,</span> <span class='ocrx_word' id='word_1_180' title='bbox 309 2087 395 2148; x_wconf 91' lang='lat' dir='ltr'>quam</span> <span class='ocrx_word' id='word_1_181' title='bbox 420 2069 578 2132; x_wconf 88' lang='lat' dir='ltr'>mutationi</span> <span class='ocrx_word' id='word_1_182' title='bbox 601 2070 759 2132; x_wconf 82' lang='lat' dir='ltr'>obnoxiam</span> <span class='ocrx_word' id='word_1_183' title='bbox 792 2087 860 2130; x_wconf 89' lang='lat' dir='ltr'>esse</span> <span class='ocrx_word' id='word_1_184' title='bbox 885 2067 967 2130; x_wconf 88' lang='lat' dir='ltr'>dicit.</span> <span class='ocrx_word' id='word_1_185' title='bbox 1014 2067 1104 2140; x_wconf 81' lang='lat' dir='ltr'>Quod</span> <span class='ocrx_word' id='word_1_186' title='bbox 1127 2076 1160 2132; x_wconf 91' lang='lat' dir='ltr'>ut</span> <span class='ocrx_word' id='word_1_187' title='bbox 1183 2069 1388 2146; x_wconf 88' lang='lat' dir='ltr'>demonstret,</span> <span class='ocrx_word' id='word_1_188' title='bbox 1421 2089 1507 2132; x_wconf 91' lang='lat' dir='ltr'>men-</span> 
     </span>
     <span class='ocr_line' id='line_1_21' title="bbox 156 2155 1508 2240; baseline 0.004 -23"><span class='ocrx_word' id='word_1_189' title='bbox 156 2157 268 2218; x_wconf 88' lang='lat' dir='ltr'>tionem</span> <span class='ocrx_word' id='word_1_190' title='bbox 302 2157 375 2220; x_wconf 87' lang='lat' dir='ltr'>iacit</span> <span class='ocrx_word' id='word_1_191' title='bbox 407 2155 487 2220; x_wconf 88' lang='lat' dir='ltr'>Solis</span> <span class='ocrx_word' id='word_1_192' title='bbox 526 2157 768 2220; x_wconf 83' lang='lat' dir='ltr'>obsecrationum</span> <span class='ocrx_word' id='word_1_193' title='bbox 803 2157 945 2230; x_wconf 88' lang='lat' dir='ltr'>(absente</span> <span class='ocrx_word' id='word_1_194' title='bbox 977 2157 1097 2232; x_wconf 89' lang='lat' dir='ltr'>Luna),</span> <span class='ocrx_word' id='word_1_195' title='bbox 1132 2165 1315 2222; x_wconf 90' lang='lat' dir='ltr'>cometarum</span> <span class='ocrx_word' id='word_1_196' title='bbox 1349 2175 1508 2240; x_wconf 83' lang='lat' dir='ltr'>eorumque</span> 
     </span>
     <span class='ocr_line' id='line_1_22' title="bbox 154 2245 1507 2328; baseline 0.002 -23"><span class='ocrx_word' id='word_1_197' title='bbox 154 2245 332 2322; x_wconf 88' lang='lat' dir='ltr'>caudarum,</span> <span class='ocrx_word' id='word_1_198' title='bbox 368 2247 432 2326; x_wconf 85' lang='lat' dir='ltr'>ejus</span> <span class='ocrx_word' id='word_1_199' title='bbox 461 2247 540 2327; x_wconf 89' lang='lat' dir='ltr'>quod</span> <span class='ocrx_word' id='word_1_200' title='bbox 572 2247 718 2328; x_wconf 89' lang='lat' dir='ltr'>reliquum</span> <span class='ocrx_word' id='word_1_201' title='bbox 752 2253 799 2308; x_wconf 89' lang='lat' dir='ltr'>est</span> <span class='ocrx_word' id='word_1_202' title='bbox 829 2247 979 2308; x_wconf 85' lang='lat' dir='ltr'>sublustre</span> <span class='ocrx_word' id='word_1_203' title='bbox 1012 2247 1042 2308; x_wconf 93' lang='lat' dir='ltr'>in</span> <span class='ocrx_word' id='word_1_204' title='bbox 1074 2247 1149 2310; x_wconf 90' lang='lat' dir='ltr'>totis</span> <span class='ocrx_word' id='word_1_205' title='bbox 1173 2247 1254 2310; x_wconf 91' lang='lat' dir='ltr'>Solis</span> <span class='ocrx_word' id='word_1_206' title='bbox 1278 2247 1507 2320; x_wconf 90' lang='lat' dir='ltr'>deiectionibus,</span> 
     </span>
     <span class='ocr_line' id='line_1_23' title="bbox 152 2335 1508 2418; baseline 0.001 -22"><span class='ocrx_word' id='word_1_207' title='bbox 152 2335 257 2396; x_wconf 91' lang='lat' dir='ltr'>Lunae</span> <span class='ocrx_word' id='word_1_208' title='bbox 289 2335 319 2396; x_wconf 92' lang='lat' dir='ltr'>in</span> <span class='ocrx_word' id='word_1_209' title='bbox 352 2336 503 2398; x_wconf 89' lang='lat' dir='ltr'>novilunio</span> <span class='ocrx_word' id='word_1_210' title='bbox 536 2337 618 2398; x_wconf 92' lang='lat' dir='ltr'>nulla</span> <span class='ocrx_word' id='word_1_211' title='bbox 650 2335 818 2398; x_wconf 87' lang='lat' dir='ltr'>deiectione</span> <span class='ocrx_word' id='word_1_212' title='bbox 850 2353 943 2416; x_wconf 91' lang='lat' dir='ltr'>prope</span> <span class='ocrx_word' id='word_1_213' title='bbox 968 2335 1069 2398; x_wconf 89' lang='lat' dir='ltr'>Solem</span> <span class='ocrx_word' id='word_1_214' title='bbox 1102 2337 1314 2418; x_wconf 87' lang='lat' dir='ltr'>comparentis.</span> <span class='ocrx_word' id='word_1_215' title='bbox 1364 2335 1448 2400; x_wconf 90' lang='lat' dir='ltr'>Nihil</span> <span class='ocrx_word' id='word_1_216' title='bbox 1476 2337 1508 2399; x_wconf 94' lang='lat' dir='ltr'>in</span> 
     </span>
     <span class='ocr_line' id='line_1_24' title="bbox 152 2425 1506 2504; baseline 0 -18"><span class='ocrx_word' id='word_1_217' title='bbox 152 2441 250 2486; x_wconf 90' lang='lat' dir='ltr'>rerum</span> <span class='ocrx_word' id='word_1_218' title='bbox 274 2431 384 2485; x_wconf 92' lang='lat' dir='ltr'>natura</span> <span class='ocrx_word' id='word_1_219' title='bbox 413 2433 525 2487; x_wconf 89' lang='lat' dir='ltr'>temere</span> <span class='ocrx_word' id='word_1_220' title='bbox 555 2425 619 2488; x_wconf 86' lang='lat' dir='ltr'>fieri</span> <span class='ocrx_word' id='word_1_221' title='bbox 644 2427 844 2499; x_wconf 84' lang='lat' dir='ltr'>adseverans,</span> <span class='ocrx_word' id='word_1_222' title='bbox 876 2425 983 2504; x_wconf 88' lang='lat' dir='ltr'>jocans</span> <span class='ocrx_word' id='word_1_223' title='bbox 1011 2427 1112 2487; x_wconf 90' lang='lat' dir='ltr'>uxoris</span> <span class='ocrx_word' id='word_1_224' title='bbox 1137 2443 1209 2488; x_wconf 91' lang='lat' dir='ltr'>suae</span> <span class='ocrx_word' id='word_1_225' title='bbox 1233 2427 1414 2488; x_wconf 89' lang='lat' dir='ltr'>sententiam</span> <span class='ocrx_word' id='word_1_226' title='bbox 1438 2425 1506 2488; x_wconf 90' lang='lat' dir='ltr'>lau-</span> 
     </span>
     <span class='ocr_line' id='line_1_25' title="bbox 153 2512 1507 2594; baseline 0.001 -20"><span class='ocrx_word' id='word_1_227' title='bbox 153 2512 225 2574; x_wconf 89' lang='lat' dir='ltr'>dat:</span> <span class='ocrx_word' id='word_1_228' title='bbox 252 2513 335 2587; x_wconf 88' lang='lat' dir='ltr'>„heri</span> <span class='ocrx_word' id='word_1_229' title='bbox 360 2513 431 2576; x_wconf 90' lang='lat' dir='ltr'>dum</span> <span class='ocrx_word' id='word_1_230' title='bbox 454 2513 553 2575; x_wconf 85' lang='lat' dir='ltr'>fessus</span> <span class='ocrx_word' id='word_1_231' title='bbox 577 2535 595 2576; x_wconf 89' lang='lat' dir='ltr'>a</span> <span class='ocrx_word' id='word_1_232' title='bbox 619 2514 775 2576; x_wconf 87' lang='lat' dir='ltr'>scribendo</span> <span class='ocrx_word' id='word_1_233' title='bbox 806 2513 962 2594; x_wconf 89' lang='lat' dir='ltr'>animoque</span> <span class='ocrx_word' id='word_1_234' title='bbox 986 2514 1067 2576; x_wconf 88' lang='lat' dir='ltr'>intus</span> <span class='ocrx_word' id='word_1_235' title='bbox 1091 2513 1298 2594; x_wconf 87' lang='lat' dir='ltr'>pulverulento</span> <span class='ocrx_word' id='word_1_236' title='bbox 1323 2513 1361 2577; x_wconf 88' lang='lat' dir='ltr'>ab</span> <span class='ocrx_word' id='word_1_237' title='bbox 1385 2524 1507 2577; x_wconf 88' lang='lat' dir='ltr'>atomo-</span> 
     </span>
     <span class='ocr_line' id='line_1_26' title="bbox 154 2601 1506 2686; baseline 0.001 -24"><span class='ocrx_word' id='word_1_238' title='bbox 154 2619 219 2664; x_wconf 92' lang='lat' dir='ltr'>rum</span> <span class='ocrx_word' id='word_1_239' title='bbox 242 2602 370 2664; x_wconf 88' lang='lat' dir='ltr'>istarum</span> <span class='ocrx_word' id='word_1_240' title='bbox 394 2603 685 2666; x_wconf 88' lang='lat' dir='ltr'>considerationibus</span> <span class='ocrx_word' id='word_1_241' title='bbox 710 2603 747 2664; x_wconf 86' lang='lat' dir='ltr'>ad</span> <span class='ocrx_word' id='word_1_242' title='bbox 772 2621 895 2664; x_wconf 88' lang='lat' dir='ltr'>coenam</span> <span class='ocrx_word' id='word_1_243' title='bbox 920 2621 1019 2678; x_wconf 91' lang='lat' dir='ltr'>vocor,</span> <span class='ocrx_word' id='word_1_244' title='bbox 1046 2605 1170 2686; x_wconf 90' lang='lat' dir='ltr'>apponit</span> <span class='ocrx_word' id='word_1_245' title='bbox 1193 2603 1265 2665; x_wconf 90' lang='lat' dir='ltr'>mihi</span> <span class='ocrx_word' id='word_1_246' title='bbox 1280 2623 1317 2666; x_wconf 88' lang='lat' dir='ltr'>ea</span> <span class='ocrx_word' id='word_1_247' title='bbox 1331 2622 1420 2684; x_wconf 91' lang='lat' dir='ltr'>quam</span> <span class='ocrx_word' id='word_1_248' title='bbox 1435 2601 1506 2679; x_wconf 78' lang='lat' dir='ltr'>diri,</span> 
     </span>
     <span class='ocr_line' id='line_1_27' title="bbox 155 2689 1507 2772; baseline 0.002 -21"><span class='ocrx_word' id='word_1_249' title='bbox 155 2689 327 2752; x_wconf 90' lang='lat' dir='ltr'>acetarium.</span> <span class='ocrx_word' id='word_1_250' title='bbox 374 2691 475 2770; x_wconf 88' lang='lat' dir='ltr'>Ergo,</span> <span class='ocrx_word' id='word_1_251' title='bbox 509 2692 631 2772; x_wconf 88' lang='lat' dir='ltr'>inquam</span> <span class='ocrx_word' id='word_1_252' title='bbox 661 2711 735 2772; x_wconf 86' lang='lat' dir='ltr'>ego,</span> <span class='ocrx_word' id='word_1_253' title='bbox 770 2691 796 2752; x_wconf 93' lang='lat' dir='ltr'>si</span> <span class='ocrx_word' id='word_1_254' title='bbox 829 2699 893 2752; x_wconf 90' lang='lat' dir='ltr'>toto</span> <span class='ocrx_word' id='word_1_255' title='bbox 928 2699 997 2754; x_wconf 79' lang='lat' dir='ltr'>abre</span> <span class='ocrx_word' id='word_1_256' title='bbox 1021 2695 1174 2754; x_wconf 86' lang='lat' dir='ltr'>confertae</span> <span class='ocrx_word' id='word_1_257' title='bbox 1200 2692 1361 2754; x_wconf 87' lang='lat' dir='ltr'>volitarent</span> <span class='ocrx_word' id='word_1_258' title='bbox 1384 2693 1507 2772; x_wconf 88' lang='lat' dir='ltr'>patinae</span> 
     </span>
     <span class='ocr_line' id='line_1_28' title="bbox 153 2779 1508 2861; baseline 0.004 -23"><span class='ocrx_word' id='word_1_259' title='bbox 153 2789 318 2856; x_wconf 87' lang='lat' dir='ltr'>stanneus,</span> <span class='ocrx_word' id='word_1_260' title='bbox 349 2779 423 2841; x_wconf 86' lang='lat' dir='ltr'>folia</span> <span class='ocrx_word' id='word_1_261' title='bbox 454 2781 607 2857; x_wconf 84' lang='lat' dir='ltr'>lactucae,</span> <span class='ocrx_word' id='word_1_262' title='bbox 637 2782 732 2842; x_wconf 87' lang='lat' dir='ltr'>micae</span> <span class='ocrx_word' id='word_1_263' title='bbox 761 2781 849 2852; x_wconf 87' lang='lat' dir='ltr'>salis,</span> <span class='ocrx_word' id='word_1_264' title='bbox 880 2788 985 2858; x_wconf 89' lang='lat' dir='ltr'>guttae</span> <span class='ocrx_word' id='word_1_265' title='bbox 1015 2801 1126 2861; x_wconf 87' lang='lat' dir='ltr'>aquae,</span> <span class='ocrx_word' id='word_1_266' title='bbox 1157 2781 1253 2856; x_wconf 87' lang='lat' dir='ltr'>aceti,</span> <span class='ocrx_word' id='word_1_267' title='bbox 1284 2781 1357 2857; x_wconf 91' lang='lat' dir='ltr'>olei,</span> <span class='ocrx_word' id='word_1_268' title='bbox 1387 2800 1508 2844; x_wconf 92' lang='lat' dir='ltr'>ovorum</span> 
     </span>
     <span class='ocr_line' id='line_1_29' title="bbox 156 2868 1507 2952; baseline 0.004 -25"><span class='ocrx_word' id='word_1_269' title='bbox 156 2868 308 2942; x_wconf 82' lang='lat' dir='ltr'>decussas,</span> <span class='ocrx_word' id='word_1_270' title='bbox 332 2869 421 2949; x_wconf 91' lang='lat' dir='ltr'>idque</span> <span class='ocrx_word' id='word_1_271' title='bbox 445 2870 482 2931; x_wconf 88' lang='lat' dir='ltr'>ab</span> <span class='ocrx_word' id='word_1_272' title='bbox 507 2877 630 2931; x_wconf 87' lang='lat' dir='ltr'>aeterno</span> <span class='ocrx_word' id='word_1_273' title='bbox 654 2871 750 2944; x_wconf 86' lang='lat' dir='ltr'>duret,</span> <span class='ocrx_word' id='word_1_274' title='bbox 775 2869 907 2931; x_wconf 81' lang='lat' dir='ltr'>futurum</span> <span class='ocrx_word' id='word_1_275' title='bbox 931 2877 979 2931; x_wconf 89' lang='lat' dir='ltr'>est</span> <span class='ocrx_word' id='word_1_276' title='bbox 1000 2871 1121 2933; x_wconf 89' lang='lat' dir='ltr'>tandem</span> <span class='ocrx_word' id='word_1_277' title='bbox 1138 2870 1307 2952; x_wconf 88' lang='lat' dir='ltr'>aliquando,</span> <span class='ocrx_word' id='word_1_278' title='bbox 1333 2877 1366 2932; x_wconf 92' lang='lat' dir='ltr'>ut</span> <span class='ocrx_word' id='word_1_279' title='bbox 1385 2869 1507 2932; x_wconf 80' lang='lat' dir='ltr'>fortuito</span> 
     </span>
     <span class='ocr_line' id='line_1_30' title="bbox 155 2955 1509 3040; baseline 0.003 -24"><span class='ocrx_word' id='word_1_280' title='bbox 155 2955 218 3017; x_wconf 90' lang='lat' dir='ltr'>tale</span> <span class='ocrx_word' id='word_1_281' title='bbox 243 2965 330 3018; x_wconf 90' lang='lat' dir='ltr'>coeat</span> <span class='ocrx_word' id='word_1_282' title='bbox 354 2958 539 3022; x_wconf 87' lang='lat' dir='ltr'>acetarium?</span> <span class='ocrx_word' id='word_1_283' title='bbox 563 2960 719 3038; x_wconf 91' lang='lat' dir='ltr'>respondit</span> <span class='ocrx_word' id='word_1_284' title='bbox 742 2959 822 3022; x_wconf 90' lang='lat' dir='ltr'>bella</span> <span class='ocrx_word' id='word_1_285' title='bbox 845 2976 927 3020; x_wconf 88' lang='lat' dir='ltr'>mea:</span> <span class='ocrx_word' id='word_1_286' title='bbox 953 2959 1087 3020; x_wconf 89' lang='lat' dir='ltr'>sednon</span> <span class='ocrx_word' id='word_1_287' title='bbox 1111 2959 1168 3022; x_wconf 90' lang='lat' dir='ltr'>boe</span> <span class='ocrx_word' id='word_1_288' title='bbox 1192 2960 1308 3030; x_wconf 90' lang='lat' dir='ltr'>decore,</span> <span class='ocrx_word' id='word_1_289' title='bbox 1333 2978 1428 3040; x_wconf 89' lang='lat' dir='ltr'>neque</span> <span class='ocrx_word' id='word_1_290' title='bbox 1452 2957 1509 3020; x_wconf 90' lang='lat' dir='ltr'>hoc</span> 
     </span>
     <span class='ocr_line' id='line_1_31' title="bbox 155 3044 1509 3128; baseline 0.003 -22"><span class='ocrx_word' id='word_1_291' title='bbox 155 3044 267 3108; x_wconf 90' lang='lat' dir='ltr'>ordine.</span> <span class='ocrx_word' id='word_1_292' title='bbox 315 3047 411 3109; x_wconf 89' lang='lat' dir='ltr'>Miser</span> <span class='ocrx_word' id='word_1_293' title='bbox 433 3066 508 3128; x_wconf 87' lang='lat' dir='ltr'>ego,</span> <span class='ocrx_word' id='word_1_294' title='bbox 533 3048 604 3128; x_wconf 91' lang='lat' dir='ltr'>quid</span> <span class='ocrx_word' id='word_1_295' title='bbox 628 3049 765 3110; x_wconf 88' lang='lat' dir='ltr'>afferrem</span> <span class='ocrx_word' id='word_1_296' title='bbox 789 3049 828 3110; x_wconf 88' lang='lat' dir='ltr'>ad</span> <span class='ocrx_word' id='word_1_297' title='bbox 851 3047 1021 3109; x_wconf 88' lang='lat' dir='ltr'>sententiae</span> <span class='ocrx_word' id='word_1_298' title='bbox 1044 3067 1130 3110; x_wconf 90' lang='lat' dir='ltr'>meae</span> <span class='ocrx_word' id='word_1_299' title='bbox 1154 3047 1382 3110; x_wconf 85' lang='lat' dir='ltr'>defensionem?</span> <span class='ocrx_word' id='word_1_300' title='bbox 1429 3047 1509 3110; x_wconf 85' lang='lat' dir='ltr'>Visa</span> 
     </span>
     <span class='ocr_line' id='line_1_32' title="bbox 154 3134 552 3199; baseline 0.013 -5"><span class='ocrx_word' id='word_1_301' title='bbox 154 3141 203 3196; x_wconf 89' lang='lat' dir='ltr'>est</span> <span class='ocrx_word' id='word_1_302' title='bbox 225 3134 401 3198; x_wconf 89' lang='lat' dir='ltr'>verisimilia</span> <span class='ocrx_word' id='word_1_303' title='bbox 423 3137 552 3199; x_wconf 87' lang='lat' dir='ltr'>dicere.“</span> 
     </span>
    </p>

    <p class='ocr_par' dir='ltr' id='par_1_5' title="bbox 157 3224 1512 3574">
     <span class='ocr_line' id='line_1_33' title="bbox 242 3224 1509 3306; baseline 0.001 -20"><span class='ocrx_word' id='word_1_304' title='bbox 242 3224 408 3306; x_wconf 87' lang='lat' dir='ltr'>Postquam</span> <span class='ocrx_word' id='word_1_305' title='bbox 432 3245 535 3288; x_wconf 88' lang='lat' dir='ltr'>omnes</span> <span class='ocrx_word' id='word_1_306' title='bbox 559 3226 688 3288; x_wconf 89' lang='lat' dir='ltr'>omnium</span> <span class='ocrx_word' id='word_1_307' title='bbox 712 3227 774 3287; x_wconf 86' lang='lat' dir='ltr'>fere</span> <span class='ocrx_word' id='word_1_308' title='bbox 798 3225 966 3286; x_wconf 88' lang='lat' dir='ltr'>sententias</span> <span class='ocrx_word' id='word_1_309' title='bbox 989 3225 1105 3301; x_wconf 90' lang='lat' dir='ltr'>retulit,</span> <span class='ocrx_word' id='word_1_310' title='bbox 1131 3224 1321 3306; x_wconf 86' lang='lat' dir='ltr'>dijudicavit,</span> <span class='ocrx_word' id='word_1_311' title='bbox 1346 3225 1509 3306; x_wconf 83' lang='lat' dir='ltr'>redarguit,</span> 
     </span>
     <span class='ocr_line' id='line_1_34' title="bbox 157 3311 1511 3395; baseline 0.001 -20"><span class='ocrx_word' id='word_1_312' title='bbox 157 3311 232 3375; x_wconf 91' lang='lat' dir='ltr'>nihil</span> <span class='ocrx_word' id='word_1_313' title='bbox 255 3313 282 3374; x_wconf 89' lang='lat' dir='ltr'>ei</span> <span class='ocrx_word' id='word_1_314' title='bbox 306 3315 452 3395; x_wconf 89' lang='lat' dir='ltr'>reliquum</span> <span class='ocrx_word' id='word_1_315' title='bbox 477 3325 543 3389; x_wconf 91' lang='lat' dir='ltr'>est,</span> <span class='ocrx_word' id='word_1_316' title='bbox 576 3315 635 3376; x_wconf 91' lang='lat' dir='ltr'>nisi</span> <span class='ocrx_word' id='word_1_317' title='bbox 659 3323 693 3377; x_wconf 91' lang='lat' dir='ltr'>ut</span> <span class='ocrx_word' id='word_1_318' title='bbox 715 3333 813 3376; x_wconf 90' lang='lat' dir='ltr'>rerum</span> <span class='ocrx_word' id='word_1_319' title='bbox 838 3313 981 3393; x_wconf 90' lang='lat' dir='ltr'>ejusmodi</span> <span class='ocrx_word' id='word_1_320' title='bbox 1010 3314 1185 3376; x_wconf 89' lang='lat' dir='ltr'>coelestium</span> <span class='ocrx_word' id='word_1_321' title='bbox 1217 3333 1326 3376; x_wconf 87' lang='lat' dir='ltr'>causas</span> <span class='ocrx_word' id='word_1_322' title='bbox 1350 3313 1511 3376; x_wconf 88' lang='lat' dir='ltr'>humanam</span> 
     </span>
     <span class='ocr_line' id='line_1_35' title="bbox 157 3401 1512 3486; baseline 0.003 -24"><span class='ocrx_word' id='word_1_323' title='bbox 157 3409 288 3464; x_wconf 89' lang='lat' dir='ltr'>mentem</span> <span class='ocrx_word' id='word_1_324' title='bbox 312 3423 461 3486; x_wconf 88' lang='lat' dir='ltr'>nunquam</span> <span class='ocrx_word' id='word_1_325' title='bbox 490 3412 708 3474; x_wconf 81' lang='lat' dir='ltr'>assecutorem,</span> <span class='ocrx_word' id='word_1_326' title='bbox 740 3403 942 3484; x_wconf 88' lang='lat' dir='ltr'>infinitamque</span> <span class='ocrx_word' id='word_1_327' title='bbox 966 3404 1023 3465; x_wconf 93' lang='lat' dir='ltr'>Dei</span> <span class='ocrx_word' id='word_1_328' title='bbox 1056 3403 1236 3484; x_wconf 90' lang='lat' dir='ltr'>sapientiam</span> <span class='ocrx_word' id='word_1_329' title='bbox 1271 3401 1349 3466; x_wconf 91' lang='lat' dir='ltr'>omni</span> <span class='ocrx_word' id='word_1_330' title='bbox 1381 3404 1512 3466; x_wconf 88' lang='lat' dir='ltr'>humana</span> 
     </span>
     <span class='ocr_line' id='line_1_36' title="bbox 158 3491 1007 3574; baseline 0.002 -22"><span class='ocrx_word' id='word_1_331' title='bbox 158 3491 275 3553; x_wconf 88' lang='lat' dir='ltr'>ratione</span> <span class='ocrx_word' id='word_1_332' title='bbox 299 3511 366 3554; x_wconf 86' lang='lat' dir='ltr'>esse</span> <span class='ocrx_word' id='word_1_333' title='bbox 390 3493 574 3574; x_wconf 89' lang='lat' dir='ltr'>superiorem</span> <span class='ocrx_word' id='word_1_334' title='bbox 599 3502 745 3572; x_wconf 88' lang='lat' dir='ltr'>agnoscat</span> <span class='ocrx_word' id='word_1_335' title='bbox 768 3500 799 3554; x_wconf 91' lang='lat' dir='ltr'>et</span> <span class='ocrx_word' id='word_1_336' title='bbox 821 3492 1007 3572; x_wconf 83' lang='lat' dir='ltr'>profiteatur.</span> 
     </span>
    </p>

    <p class='ocr_par' dir='ltr' id='par_1_6' title="bbox 139 3577 1512 4900">
     <span class='ocr_line' id='line_1_37' title="bbox 247 3577 1511 3662; baseline 0 -20"><span class='ocrx_word' id='word_1_337' title='bbox 247 3578 348 3660; x_wconf 88' lang='lat' dir='ltr'>Magis</span> <span class='ocrx_word' id='word_1_338' title='bbox 377 3582 416 3644; x_wconf 89' lang='lat' dir='ltr'>ad</span> <span class='ocrx_word' id='word_1_339' title='bbox 450 3581 666 3644; x_wconf 88' lang='lat' dir='ltr'>astronomiam</span> <span class='ocrx_word' id='word_1_340' title='bbox 698 3590 839 3662; x_wconf 89' lang='lat' dir='ltr'>spectant</span> <span class='ocrx_word' id='word_1_341' title='bbox 870 3579 945 3661; x_wconf 83' lang='lat' dir='ltr'>Cap.</span> <span class='ocrx_word' id='word_1_342' title='bbox 976 3580 1176 3647; x_wconf 84' lang='lat' dir='ltr'>XI-XVII.</span> <span class='ocrx_word' id='word_1_343' title='bbox 1208 3577 1283 3658; x_wconf 83' lang='lat' dir='ltr'>Cap.</span> <span class='ocrx_word' id='word_1_344' title='bbox 1305 3580 1363 3642; x_wconf 89' lang='lat' dir='ltr'>Xl.</span> <span class='ocrx_word' id='word_1_345' title='bbox 1388 3579 1511 3661; x_wconf 90' lang='lat' dir='ltr'>inquirit</span> 
     </span>
     <span class='ocr_line' id='line_1_38' title="bbox 139 3667 1510 3750; baseline 0 -20"><span class='ocrx_word' id='word_1_346' title='bbox 139 3675 280 3748; x_wconf 86' lang='lat' dir='ltr'>tempus</span> <span class='ocrx_word' id='word_1_347' title='bbox 303 3687 400 3732; x_wconf 88' lang='lat' dir='ltr'>novae</span> <span class='ocrx_word' id='word_1_348' title='bbox 433 3669 650 3749; x_wconf 89' lang='lat' dir='ltr'>conjunctionis</span> <span class='ocrx_word' id='word_1_349' title='bbox 673 3672 872 3750; x_wconf 86' lang='lat' dir='ltr'>planetarum.</span> <span class='ocrx_word' id='word_1_350' title='bbox 914 3672 1017 3749; x_wconf 84' lang='lat' dir='ltr'>Aegre</span> <span class='ocrx_word' id='word_1_351' title='bbox 1046 3671 1106 3732; x_wconf 86' lang='lat' dir='ltr'>fert</span> <span class='ocrx_word' id='word_1_352' title='bbox 1133 3669 1361 3732; x_wconf 88' lang='lat' dir='ltr'>observationes</span> <span class='ocrx_word' id='word_1_353' title='bbox 1390 3667 1510 3732; x_wconf 87' lang='lat' dir='ltr'>minime</span> 
     </span>
     <span class='ocr_line' id='line_1_39' title="bbox 157 3757 1510 3840; baseline 0 -22"><span class='ocrx_word' id='word_1_354' title='bbox 157 3765 317 3820; x_wconf 86' lang='lat' dir='ltr'>accuratas</span> <span class='ocrx_word' id='word_1_355' title='bbox 350 3766 603 3834; x_wconf 86' lang='lat' dir='ltr'>astronomorum,</span> <span class='ocrx_word' id='word_1_356' title='bbox 637 3761 685 3840; x_wconf 91' lang='lat' dir='ltr'>qui</span> <span class='ocrx_word' id='word_1_357' title='bbox 718 3761 797 3821; x_wconf 88' lang='lat' dir='ltr'>intra</span> <span class='ocrx_word' id='word_1_358' title='bbox 824 3757 863 3820; x_wconf 83' lang='lat'>13</span> <span class='ocrx_word' id='word_1_359' title='bbox 887 3765 968 3820; x_wconf 88' lang='lat' dir='ltr'>totos</span> <span class='ocrx_word' id='word_1_360' title='bbox 999 3759 1064 3820; x_wconf 89' lang='lat' dir='ltr'>dies</span> <span class='ocrx_word' id='word_1_361' title='bbox 1095 3777 1154 3821; x_wconf 92' lang='lat' dir='ltr'>non</span> <span class='ocrx_word' id='word_1_362' title='bbox 1184 3758 1383 3819; x_wconf 81' lang='lat' dir='ltr'>consentiant</span> <span class='ocrx_word' id='word_1_363' title='bbox 1431 3757 1510 3820; x_wconf 84' lang='lat' dir='ltr'>Suae</span> 
     </span>
     <span class='ocr_line' id='line_1_40' title="bbox 155 3843 1511 3928; baseline -0.001 -20"><span class='ocrx_word' id='word_1_364' title='bbox 155 3846 250 3926; x_wconf 88' lang='lat' dir='ltr'>igitur</span> <span class='ocrx_word' id='word_1_365' title='bbox 274 3847 363 3908; x_wconf 80' lang='lat' dir='ltr'>affert</span> <span class='ocrx_word' id='word_1_366' title='bbox 385 3849 622 3922; x_wconf 86' lang='lat' dir='ltr'>observationes,</span> <span class='ocrx_word' id='word_1_367' title='bbox 647 3849 723 3910; x_wconf 88' lang='lat' dir='ltr'>satis</span> <span class='ocrx_word' id='word_1_368' title='bbox 747 3849 907 3928; x_wconf 87' lang='lat' dir='ltr'>diligenter</span> <span class='ocrx_word' id='word_1_369' title='bbox 931 3847 1207 3909; x_wconf 88' lang='lat' dir='ltr'>institutasdiebus</span> <span class='ocrx_word' id='word_1_370' title='bbox 1225 3843 1511 3908; x_wconf 50' lang='grc'><strong>1540016611]-</strong></span> 
     </span>
     <span class='ocr_line' id='line_1_41' title="bbox 156 3933 1512 4017; baseline -0.001 -21"><span class='ocrx_word' id='word_1_371' title='bbox 156 3935 220 3997; x_wconf 90' lang='lat' dir='ltr'>bris</span> <span class='ocrx_word' id='word_1_372' title='bbox 244 3955 272 3998; x_wconf 89' lang='lat' dir='ltr'>v.</span> <span class='ocrx_word' id='word_1_373' title='bbox 296 3943 335 3998; x_wconf 87' lang='lat' dir='ltr'>st.</span> <span class='ocrx_word' id='word_1_374' title='bbox 361 3936 429 3998; x_wconf 89' lang='lat' dir='ltr'>anni</span> <span class='ocrx_word' id='word_1_375' title='bbox 458 3933 555 4012; x_wconf 93' lang='grc'><strong>1603,</strong></span> <span class='ocrx_word' id='word_1_376' title='bbox 584 3937 730 4017; x_wconf 87' lang='lat' dir='ltr'>equibus</span> <span class='ocrx_word' id='word_1_377' title='bbox 758 3944 913 4016; x_wconf 89' lang='lat' dir='ltr'>computat</span> <span class='ocrx_word' id='word_1_378' title='bbox 940 3942 1059 4015; x_wconf 89' lang='lat' dir='ltr'>tempus</span> <span class='ocrx_word' id='word_1_379' title='bbox 1088 3933 1307 4015; x_wconf 86' lang='lat' dir='ltr'>conjunctionis</span> <span class='ocrx_word' id='word_1_380' title='bbox 1332 3933 1456 3998; x_wconf 89' lang='lat' dir='ltr'>Saturni</span> <span class='ocrx_word' id='word_1_381' title='bbox 1480 3943 1512 3996; x_wconf 92' lang='lat' dir='ltr'>et</span> 
     </span>
     <span class='ocr_line' id='line_1_42' title="bbox 156 4019 1509 4100; baseline -0.001 -12"><span class='ocrx_word' id='word_1_382' title='bbox 156 4024 244 4088; x_wconf 86' lang='lat' dir='ltr'>Jovis</span> <span class='ocrx_word' id='word_1_383' title='bbox 268 4045 294 4088; x_wconf 92' lang='lat' dir='ltr'>c.</span> <span class='ocrx_word' id='word_1_384' title='bbox 319 4026 476 4088; x_wconf 88' lang='lat' dir='ltr'>meridiem</span> <span class='ocrx_word' id='word_1_385' title='bbox 507 4027 536 4090; x_wconf 89' lang='lat'>7.</span> <span class='ocrx_word' id='word_1_386' title='bbox 565 4023 614 4089; x_wconf 84' lang='lat'>17.</span> <span class='ocrx_word' id='word_1_387' title='bbox 637 4027 711 4088; x_wconf 90' lang='lat' dir='ltr'>Dec.</span> <span class='ocrx_word' id='word_1_388' title='bbox 740 4023 843 4100; x_wconf 88' lang='grc'><strong>1603;</strong></span> <span class='ocrx_word' id='word_1_389' title='bbox 878 4025 965 4089; x_wconf 86' lang='lat' dir='ltr'>Jovis</span> <span class='ocrx_word' id='word_1_390' title='bbox 989 4032 1021 4086; x_wconf 91' lang='lat' dir='ltr'>et</span> <span class='ocrx_word' id='word_1_391' title='bbox 1051 4022 1192 4086; x_wconf 88' lang='lat' dir='ltr'>Mercurii</span> <span class='ocrx_word' id='word_1_392' title='bbox 1222 4023 1251 4084; x_wconf 87' lang='lat' dir='ltr'>d.</span> <span class='ocrx_word' id='word_1_393' title='bbox 1280 4019 1330 4084; x_wconf 86' lang='lat'>13.</span> <span class='ocrx_word' id='word_1_394' title='bbox 1356 4019 1409 4084; x_wconf 88' lang='grc'>23.</span> <span class='ocrx_word' id='word_1_395' title='bbox 1433 4024 1509 4086; x_wconf 91' lang='lat' dir='ltr'>Dec.</span> 
     </span>
     <span class='ocr_line' id='line_1_43' title="bbox 155 4109 1509 4198; baseline 0.001 -26"><span class='ocrx_word' id='word_1_396' title='bbox 155 4115 275 4193; x_wconf 88' lang='lat' dir='ltr'>vesperi</span> <span class='ocrx_word' id='word_1_397' title='bbox 299 4115 374 4176; x_wconf 91' lang='lat' dir='ltr'>hora</span> <span class='ocrx_word' id='word_1_398' title='bbox 397 4109 482 4198; x_wconf 61' lang='lat'>6723</span> <span class='ocrx_word' id='word_1_399' title='bbox 517 4113 642 4176; x_wconf 86' lang='lat' dir='ltr'>Saturni</span> <span class='ocrx_word' id='word_1_400' title='bbox 667 4124 698 4175; x_wconf 92' lang='lat' dir='ltr'>et</span> <span class='ocrx_word' id='word_1_401' title='bbox 720 4114 861 4176; x_wconf 88' lang='lat' dir='ltr'>Mercurii</span> <span class='ocrx_word' id='word_1_402' title='bbox 892 4115 921 4175; x_wconf 91' lang='lat' dir='ltr'>d.</span> <span class='ocrx_word' id='word_1_403' title='bbox 950 4111 999 4176; x_wconf 87' lang='grc'><strong>12.</strong></span> <span class='ocrx_word' id='word_1_404' title='bbox 1025 4110 1078 4175; x_wconf 89' lang='grc'>22.</span> <span class='ocrx_word' id='word_1_405' title='bbox 1102 4113 1177 4174; x_wconf 88' lang='lat' dir='ltr'>Dec.</span> <span class='ocrx_word' id='word_1_406' title='bbox 1205 4128 1290 4190; x_wconf 88' lang='lat' dir='ltr'>vesp.</span> <span class='ocrx_word' id='word_1_407' title='bbox 1321 4111 1350 4173; x_wconf 92' lang='lat' dir='ltr'>h.</span> <span class='ocrx_word' id='word_1_408' title='bbox 1377 4110 1414 4185; x_wconf 84' lang='lat'>7;</span> <span class='ocrx_word' id='word_1_409' title='bbox 1447 4111 1509 4174; x_wconf 89' lang='lat' dir='ltr'>Sa-</span> 
     </span>
     <span class='ocr_line' id='line_1_44' title="bbox 155 4197 1509 4283; baseline -0.001 -19"><span class='ocrx_word' id='word_1_410' title='bbox 155 4203 235 4265; x_wconf 91' lang='lat' dir='ltr'>turni</span> <span class='ocrx_word' id='word_1_411' title='bbox 275 4213 307 4264; x_wconf 89' lang='lat' dir='ltr'>et</span> <span class='ocrx_word' id='word_1_412' title='bbox 334 4204 445 4265; x_wconf 86' lang='lat' dir='ltr'>Martis</span> <span class='ocrx_word' id='word_1_413' title='bbox 480 4199 531 4266; x_wconf 92' lang='grc'><strong>16.</strong></span> <span class='ocrx_word' id='word_1_414' title='bbox 556 4199 608 4266; x_wconf 88' lang='grc'>26.</span> <span class='ocrx_word' id='word_1_415' title='bbox 639 4202 725 4283; x_wconf 88' lang='lat' dir='ltr'>Sept.</span> <span class='ocrx_word' id='word_1_416' title='bbox 760 4202 877 4282; x_wconf 88' lang='lat' dir='ltr'>vesperi</span> <span class='ocrx_word' id='word_1_417' title='bbox 905 4211 976 4281; x_wconf 91' lang='lat' dir='ltr'>post</span> <span class='ocrx_word' id='word_1_418' title='bbox 1007 4203 1110 4263; x_wconf 88' lang='lat' dir='ltr'>horam</span> <span class='ocrx_word' id='word_1_419' title='bbox 1141 4199 1179 4274; x_wconf 80' lang='lat'>83</span> <span class='ocrx_word' id='word_1_420' title='bbox 1216 4197 1303 4261; x_wconf 90' lang='lat' dir='ltr'>Jovis</span> <span class='ocrx_word' id='word_1_421' title='bbox 1335 4207 1367 4260; x_wconf 91' lang='lat' dir='ltr'>et</span> <span class='ocrx_word' id='word_1_422' title='bbox 1398 4201 1509 4263; x_wconf 89' lang='lat' dir='ltr'>Martis</span> 
     </span>
     <span class='ocr_line' id='line_1_45' title="bbox 156 4288 1506 4373; baseline -0.004 -18"><span class='ocrx_word' id='word_1_423' title='bbox 156 4288 210 4355; x_wconf 87' lang='grc'>29.</span> <span class='ocrx_word' id='word_1_424' title='bbox 235 4291 319 4373; x_wconf 87' lang='lat' dir='ltr'>Sept</span> <span class='ocrx_word' id='word_1_425' title='bbox 350 4289 379 4356; x_wconf 87' lang='grc'>9.</span> <span class='ocrx_word' id='word_1_426' title='bbox 406 4291 477 4354; x_wconf 89' lang='lat' dir='ltr'>Oct.</span> <span class='ocrx_word' id='word_1_427' title='bbox 508 4292 581 4354; x_wconf 89' lang='lat' dir='ltr'>hora</span> <span class='ocrx_word' id='word_1_428' title='bbox 604 4311 663 4353; x_wconf 91' lang='lat' dir='ltr'>una</span> <span class='ocrx_word' id='word_1_429' title='bbox 686 4299 756 4353; x_wconf 90' lang='lat' dir='ltr'>ante</span> <span class='ocrx_word' id='word_1_430' title='bbox 779 4290 942 4352; x_wconf 90' lang='lat' dir='ltr'>meridiem.</span> <span class='ocrx_word' id='word_1_431' title='bbox 990 4289 1227 4352; x_wconf 82' lang='lat' dir='ltr'>Observationes</span> <span class='ocrx_word' id='word_1_432' title='bbox 1260 4305 1355 4350; x_wconf 88' lang='lat' dir='ltr'>novae</span> <span class='ocrx_word' id='word_1_433' title='bbox 1389 4290 1506 4364; x_wconf 90' lang='lat' dir='ltr'>stellae,</span> 
     </span>
     <span class='ocr_line' id='line_1_46' title="bbox 156 4375 1508 4462; baseline -0.002 -19"><span class='ocrx_word' id='word_1_434' title='bbox 156 4399 231 4461; x_wconf 89' lang='lat' dir='ltr'>quas</span> <span class='ocrx_word' id='word_1_435' title='bbox 254 4383 318 4462; x_wconf 87' lang='lat' dir='ltr'>ipse</span> <span class='ocrx_word' id='word_1_436' title='bbox 338 4381 521 4450; x_wconf 89' lang='lat' dir='ltr'>instituerat,</span> <span class='ocrx_word' id='word_1_437' title='bbox 546 4388 684 4442; x_wconf 89' lang='lat' dir='ltr'>recenset</span> <span class='ocrx_word' id='word_1_438' title='bbox 702 4381 850 4460; x_wconf 86' lang='lat' dir='ltr'>Keplerus</span> <span class='ocrx_word' id='word_1_439' title='bbox 866 4377 942 4460; x_wconf 83' lang='lat' dir='ltr'>Cap.</span> <span class='ocrx_word' id='word_1_440' title='bbox 957 4378 1174 4452; x_wconf 88' lang='lat' dir='ltr'>XH-XIV.;</span> <span class='ocrx_word' id='word_1_441' title='bbox 1199 4375 1319 4438; x_wconf 77' lang='lat' dir='ltr'>exbibet</span> <span class='ocrx_word' id='word_1_442' title='bbox 1340 4377 1408 4439; x_wconf 90' lang='lat' dir='ltr'>loca</span> <span class='ocrx_word' id='word_1_443' title='bbox 1431 4379 1508 4442; x_wconf 90' lang='lat' dir='ltr'>stel-</span> 
     </span>
     <span class='ocr_line' id='line_1_47' title="bbox 156 4463 1508 4551; baseline -0.001 -19"><span class='ocrx_word' id='word_1_444' title='bbox 156 4471 252 4532; x_wconf 90' lang='lat' dir='ltr'>larum</span> <span class='ocrx_word' id='word_1_445' title='bbox 277 4471 463 4551; x_wconf 87' lang='lat' dir='ltr'>quarundam</span> <span class='ocrx_word' id='word_1_446' title='bbox 485 4471 611 4531; x_wconf 81' lang='lat' dir='ltr'>fixarum</span> <span class='ocrx_word' id='word_1_447' title='bbox 634 4469 664 4530; x_wconf 91' lang='lat' dir='ltr'>in</span> <span class='ocrx_word' id='word_1_448' title='bbox 688 4468 899 4548; x_wconf 65' lang='lat' dir='ltr'>Serpentum,</span> <span class='ocrx_word' id='word_1_449' title='bbox 923 4467 1072 4548; x_wconf 89' lang='lat' dir='ltr'>Serpente</span> <span class='ocrx_word' id='word_1_450' title='bbox 1096 4475 1128 4528; x_wconf 90' lang='lat' dir='ltr'>et</span> <span class='ocrx_word' id='word_1_451' title='bbox 1150 4463 1335 4545; x_wconf 89' lang='lat' dir='ltr'>Scorpione,</span> <span class='ocrx_word' id='word_1_452' title='bbox 1365 4485 1419 4528; x_wconf 89' lang='lat' dir='ltr'>nec</span> <span class='ocrx_word' id='word_1_453' title='bbox 1450 4487 1508 4530; x_wconf 90' lang='lat' dir='ltr'>non</span> 
     </span>
     <span class='ocr_line' id='line_1_48' title="bbox 156 4554 1509 4638; baseline 0.001 -21"><span class='ocrx_word' id='word_1_454' title='bbox 156 4557 243 4621; x_wconf 89' lang='lat' dir='ltr'>addit</span> <span class='ocrx_word' id='word_1_455' title='bbox 264 4559 399 4622; x_wconf 89' lang='lat' dir='ltr'>tabulam</span> <span class='ocrx_word' id='word_1_456' title='bbox 424 4579 441 4620; x_wconf 91' lang='lat' dir='ltr'>e</span> <span class='ocrx_word' id='word_1_457' title='bbox 465 4575 568 4638; x_wconf 89' lang='lat' dir='ltr'>cupro,</span> <span class='ocrx_word' id='word_1_458' title='bbox 592 4557 754 4620; x_wconf 87' lang='lat' dir='ltr'>earundem</span> <span class='ocrx_word' id='word_1_459' title='bbox 777 4557 1039 4621; x_wconf 88' lang='lat' dir='ltr'>constellationum</span> <span class='ocrx_word' id='word_1_460' title='bbox 1062 4555 1225 4635; x_wconf 86' lang='lat' dir='ltr'>imaginem</span> <span class='ocrx_word' id='word_1_461' title='bbox 1247 4554 1441 4631; x_wconf 83' lang='lat' dir='ltr'>referentem,</span> <span class='ocrx_word' id='word_1_462' title='bbox 1473 4563 1509 4618; x_wconf 93' lang='lat' dir='ltr'>ut</span> 
     </span>
     <span class='ocr_line' id='line_1_49' title="bbox 157 4642 1508 4726; baseline 0.001 -21"><span class='ocrx_word' id='word_1_463' title='bbox 157 4663 246 4726; x_wconf 89' lang='lat' dir='ltr'>quam</span> <span class='ocrx_word' id='word_1_464' title='bbox 269 4647 437 4709; x_wconf 89' lang='lat' dir='ltr'>certissime</span> <span class='ocrx_word' id='word_1_465' title='bbox 460 4665 550 4709; x_wconf 87' lang='lat' dir='ltr'>verus</span> <span class='ocrx_word' id='word_1_466' title='bbox 573 4647 657 4708; x_wconf 88' lang='lat' dir='ltr'>locus</span> <span class='ocrx_word' id='word_1_467' title='bbox 680 4663 776 4707; x_wconf 90' lang='lat' dir='ltr'>novae</span> <span class='ocrx_word' id='word_1_468' title='bbox 800 4646 908 4708; x_wconf 86' lang='lat' dir='ltr'>stellae</span> <span class='ocrx_word' id='word_1_469' title='bbox 932 4652 1141 4725; x_wconf 89' lang='lat' dir='ltr'>cognoscatur.</span> <span class='ocrx_word' id='word_1_470' title='bbox 1179 4642 1351 4705; x_wconf 88' lang='lat' dir='ltr'>Distantias</span> <span class='ocrx_word' id='word_1_471' title='bbox 1375 4644 1508 4724; x_wconf 88' lang='lat' dir='ltr'>ejusdem</span> 
     </span>
     <span class='ocr_line' id='line_1_50' title="bbox 156 4732 1507 4815; baseline -0.001 -19"><span class='ocrx_word' id='word_1_472' title='bbox 156 4755 176 4796; x_wconf 92' lang='lat' dir='ltr'>a</span> <span class='ocrx_word' id='word_1_473' title='bbox 199 4733 399 4815; x_wconf 90' lang='lat' dir='ltr'>compluribus</span> <span class='ocrx_word' id='word_1_474' title='bbox 423 4735 521 4798; x_wconf 90' lang='lat' dir='ltr'>stellis</span> <span class='ocrx_word' id='word_1_475' title='bbox 545 4733 774 4798; x_wconf 91' lang='lat' dir='ltr'>notabilioribus</span> <span class='ocrx_word' id='word_1_476' title='bbox 798 4735 959 4810; x_wconf 89' lang='lat' dir='ltr'>dimensus,</span> <span class='ocrx_word' id='word_1_477' title='bbox 984 4733 1085 4815; x_wconf 92' lang='lat' dir='ltr'>prodit</span> <span class='ocrx_word' id='word_1_478' title='bbox 1107 4732 1215 4795; x_wconf 89' lang='lat' dir='ltr'>stellae</span> <span class='ocrx_word' id='word_1_479' title='bbox 1239 4750 1335 4795; x_wconf 90' lang='lat' dir='ltr'>novae</span> <span class='ocrx_word' id='word_1_480' title='bbox 1351 4735 1507 4796; x_wconf 88' lang='lat' dir='ltr'>ascensio-</span> 
     </span>
     <span class='ocr_line' id='line_1_51' title="bbox 156 4818 1232 4900; baseline 0.002 -16"><span class='ocrx_word' id='word_1_481' title='bbox 156 4841 226 4885; x_wconf 91' lang='lat' dir='ltr'>nem</span> <span class='ocrx_word' id='word_1_482' title='bbox 249 4830 363 4886; x_wconf 89' lang='lat' dir='ltr'>rectam</span> <span class='ocrx_word' id='word_1_483' title='bbox 384 4820 468 4888; x_wconf 76' lang='grc' dir='ltr'>256ο</span> <span class='ocrx_word' id='word_1_484' title='bbox 490 4819 554 4900; x_wconf 82' lang='lat'>47¹,</span> <span class='ocrx_word' id='word_1_485' title='bbox 579 4823 809 4886; x_wconf 89' lang='lat' dir='ltr'>declinationem</span> <span class='ocrx_word' id='word_1_486' title='bbox 832 4825 995 4886; x_wconf 89' lang='lat' dir='ltr'>australem</span> <span class='ocrx_word' id='word_1_487' title='bbox 1019 4818 1080 4885; x_wconf 76' lang='grc' dir='ltr'>21ο</span> <span class='ocrx_word' id='word_1_488' title='bbox 1106 4821 1135 4884; x_wconf 86' lang='lat' dir='ltr'>i‘</span> <span class='ocrx_word' id='word_1_489' title='bbox 1158 4819 1232 4886; x_wconf 80' lang='lat'><strong>30“.</strong></span> 
     </span>
    </p>
   </div>
   <div class='ocr_carea' id='block_1_3' title="bbox 0 0 1861 5524">
    <p class='ocr_par' dir='ltr' id='par_1_7' title="bbox 0 0 1861 5524">
     <span class='ocr_line' id='line_1_52' title="bbox 0 0 1861 5524; baseline 0 0"><span class='ocrx_word' id='word_1_490' title='bbox 0 0 1861 5524; x_wconf 95' lang='lat' dir='ltr'> </span> 
     </span>
    </p>
   </div>
  </div>
 </body>
</html>
