3674 5538
794 277 876 348 Curi
890 277 914 334 1.
1469 279 1531 352 tas

256 452 349 534 Prop.
377 455 466 521 vill.
513 456 629 520 Lucis
653 458 782 522 radius
810 459 901 522 nihil
927 468 985 520 est
1011 461 1051 521 de
1077 460 1159 522 luce
1183 461 1268 540 ipsa
1298 461 1530 541 egrediente.

167 545 246 608 h'aru
269 544 376 606 radius
401 564 456 625 per
480 539 508 606 l.
541 546 613 608 nihil
646 547 726 622 aliud
750 557 798 610 est
830 549 887 610 nisi
918 550 984 629 ipse
1015 555 1114 610 motus
1145 549 1230 612 lucis.
1279 549 1360 612 Sane
1385 559 1418 612 ut
1442 558 1474 614 et
1498 552 1528 616 in

168 643 250 696 motu
274 631 402 714 physico
426 643 526 696 motus
551 635 644 713 ipsius
666 645 714 698 εει
732 646 817 699 recta
839 638 926 712 linea,
944 637 1100 718 physicum
1121 657 1192 700 vero
1211 639 1319 700 mobile
1339 648 1388 700 εει
1403 659 1525 718 corpus:

170 723 213 784 ita
235 721 266 782 in
290 721 359 784 luce
383 731 484 785 motus
508 725 572 803 ipse
597 732 645 787 est
666 735 751 788 recta
782 726 885 788 itidem
917 727 1011 800 linea,
1045 727 1154 788 mobile
1179 747 1250 788 vom
1274 736 1324 788 est
1353 729 1526 806 superficies

169 810 328 891 «precedam.
375 812 419 874 Et
442 820 476 874 ut
497 813 559 874 illic
589 822 675 876 recta
706 822 805 878 motus
835 835 891 878 non
924 817 1055 895 pertinet
1079 817 1117 877 ad
1146 835 1269 895 corpus,
1303 817 1347 877 sic
1370 816 1418 878 hie
1443 827 1527 880 recta

171 907 269 964 mutus
293 918 353 962 nun
378 901 511 979 pertinet
534 897 572 964 ad
597 903 793 983 superficiem.

257 988 350 1068 Prop.
375 989 432 1052 IX.
480 988 591 1052 Sicut
621 1012 660 1054 se
692 991 827 1054 habent
858 991 1081 1071 sphaericae
1114 993 1359 1071 superficies,
1394 995 1525 1074 quibus

168 1078 273 1156 origo
307 1077 406 1140 lucis
440 1098 503 1158 pro
537 1089 664 1142 centro
698 1091 768 1156 est,
807 1081 972 1160 amplior
1004 1082 1046 1142 ad
1085 1081 1364 1160 angustiorem:
1405 1085 1457 1145 ita
1488 1105 1525 1146 se

170 1165 283 1230 hahet
305 1167 496 1230 tortitudo
525 1188 586 1229 seu
619 1169 790 1232 densitas
821 1169 918 1233 lucis
951 1169 1133 1232 radiorum
1164 1169 1197 1230 in
1228 1171 1442 1250 angustiori
1482 1173 1524 1233 ad

170 1256 335 1317 illumin
360 1256 501 1319 laxiori
525 1258 726 1336 sphaerica
756 1258 979 1350 superficie,
1004 1259 1072 1320 hoc
1096 1268 1154 1319 est
1181 1259 1399 1321 conversim.
1446 1261 1525 1323 Nam

168 1363 222 1424 per
246 1341 278 1406 u.
300 1345 329 1408 i.
353 1347 529 1409 tantundem
554 1347 628 1408 lucis
651 1355 700 1408 est
722 1349 751 1410 in
776 1348 942 1428 angustiori
965 1347 1124 1427 sphaerica
1146 1347 1301 1426 superlicio
1326 1357 1469 1428 quantuni
1495 1349 1524 1410 in

169 1433 297 1508 fusiore,
334 1441 421 1496 tanto
450 1454 520 1514 ergo
554 1436 616 1496 illic
648 1435 789 1517 stipatior
812 1445 844 1500 ct
875 1437 996 1498 densior
1028 1455 1117 1516 quam
1141 1436 1198 1498 hic.
1246 1435 1281 1498 Si
1314 1447 1414 1498 autern
1448 1439 1524 1499 radii

169 1522 292 1584 linearis
315 1523 378 1585 alia
401 1531 492 1604 atque
516 1524 577 1585 alia
605 1534 687 1587 esset
717 1525 852 1588 densitas
875 1545 928 1606 pro
953 1525 1014 1586 situ
1038 1525 1076 1586 ad
1107 1533 1241 1588 centrum
1266 1525 1359 1606 (quod
1383 1545 1468 1606 prop.
1494 1525 1523 1588 7.

168 1618 313 1690 negatum
338 1615 411 1684 est),
435 1631 484 1674 res
508 1613 597 1675 aliter
619 1633 652 1674 εε
677 1615 812 1678 haberet.
1179 1636 1182 1646 ¹

257 1699 348 1780 Prop.
373 1699 412 1762 X.
460 1702 539 1763 Lux
562 1721 631 1764 non
655 1702 851 1784 impeditur
881 1703 1084 1765 soliditate
1118 1697 1311 1782 corporum
1340 1711 1525 1783 quatenus

165 1789 308 1862 solida,
333 1809 400 1869 quo
424 1789 539 1852 minus
562 1809 623 1872 per
648 1787 690 1853 e'a
712 1781 881 1854 transire
905 1791 1037 1872 possit.
1078 1789 1226 1871 Quicquid
1250 1791 1328 1854 enim
1352 1790 1522 1872 impeditur,

165 1879 205 1942 ab
229 1897 266 1939 eo
289 1877 451 1957 impeditur
474 1887 528 1940 aut
559 1879 733 1959 expellitur,
767 1882 845 1962 quod
876 1891 924 1961 est
946 1901 983 1942 ex
1018 1881 1123 1942 eodem
1155 1899 1281 1958 genere,
1317 1889 1348 1962 ut
1372 1900 1524 1962 corpusa

165 1986 301 2046 corpore.
349 1965 455 2028 Solida
478 1968 590 2032 habent
613 1978 675 2031 tres
704 1970 905 2032 dimensiones
933 1978 1081 2050 quatenus
1105 1969 1214 2030 solida.
1262 1967 1337 2031 Lu'ci
1359 1988 1413 2049 per
1437 1966 1467 2033 6.
1493 1979 1524 2032 ει

166 2055 196 2116 7.
231 2063 350 2126 tantum
384 2055 461 2118 duae
491 2065 665 2137 competunt
697 2059 907 2120 dimensiones.
962 2058 1044 2138 Ergo
1077 2059 1128 2120 lux
1162 2058 1209 2118 vel
1243 2058 1309 2138 ejus
1342 2058 1418 2120 radii
1451 2059 1524 2121 nihil

163 2144 320 2224 patiuntur
341 2144 480 2207 aeolidis
504 2155 650 2227 quatenus
669 2147 776 2224 solida,
797 2167 851 2210 neo
871 2168 904 2208 se
927 2157 1028 2208 mutuo
1053 2147 1188 2209 afficiunt
1203 2147 1300 2225 quoad
1326 2146 1521 2210 soliditatem.

256 2232 347 2313 Prop.
372 2233 428 2296 Xl.
475 2235 706 2298 Pollucidnm
731 2255 865 2316 corpus
898 2255 999 2298 unum
1023 2244 1096 2308 est,
1129 2236 1234 2316 cnjus
1267 2236 1524 2302 consistentia

164 2323 398 2401 geometrica
420 2341 483 2384 seu
506 2325 665 2403 partium
688 2326 915 2390 internarum
934 2325 1043 2399 situs,
1069 2343 1170 2404 quem
1190 2323 1379 2399 obtinent,
1404 2325 1523 2387 liuore

165 2411 294 2491 aliquo
327 2411 561 2476 constitutus
594 2423 659 2476 est.
716 2415 796 2478 Nam
828 2414 940 2476 humidi
974 2413 1108 2476 definitio
1146 2413 1329 2493 geometrica
1362 2422 1412 2477 εει
1443 2413 1523 2494 apud

164 2499 365 2562 Aristotelem
375 2519 385 2574 3
420 2501 450 2562 id
482 2521 588 2584 nempe
621 2503 730 2566 dicitur
762 2504 932 2578 humidum,
955 2503 1044 2584 ¹quod
1076 2521 1135 2564 non
1172 2502 1351 2564 terminatur
1382 2523 1415 2564 se
1446 2503 1522 2582 ipso.

165 2588 271 2659 Quare
294 2599 399 2667 partes
423 2608 526 2652 omnes
560 2590 700 2654 minimae
725 2614 743 2654 a
767 2587 926 2656 se'ruutuo
959 2591 1174 2666 terminantur,
1209 2592 1363 2672 totumque
1385 2593 1523 2673 partibus

164 2677 294 2740 internis
318 2679 408 2756 plane
433 2679 542 2755 unitur,
573 2681 662 2744 nullis
687 2681 899 2762 superficiebus
931 2690 1000 2742 actu
1032 2679 1234 2760 distinguitur.
1280 2680 1350 2742 Jam
1374 2700 1446 2742 vero
1469 2700 1524 2762 per

167 2765 217 2830 tu.
244 2765 386 2828 soliditas
410 2777 558 2848 quatenus
582 2770 720 2832 soliditas
744 2789 802 2832 non
825 2770 950 2850 impedit
974 2771 1069 2831 lucem
1092 2770 1121 2832 iu
1146 2769 1287 2832 transitu.
1328 2768 1411 2849 Ergo
1436 2771 1522 2850 quic·

163 2856 236 2936 quid
261 2864 433 2930 acumem,
458 2858 638 2937 pellucidum
662 2869 719 2923 εει.
758 2861 804 2923 Αι
826 2860 850 2922 εἰ
875 2879 934 2939 qua
956 2858 1065 2938 partim
1090 2858 1296 2938 liquescebant
1319 2857 1429 2938 partim
1454 2877 1521 2932 non,

161 2945 215 3008 illa
229 2945 275 3006 sic
289 2943 386 3006 mixta
401 2965 491 3006 unum
505 2948 683 3026 pellucidum
704 2969 761 3010 nou
782 2949 979 3011 constituunt.
991 2945 1025 3021 *)
1059 2947 1205 3010 Extendit
1225 2954 1324 3008 autem
1339 2965 1372 3007 εε
1389 2947 1523 3008 delinitio

162 3035 239 3096 haec
262 3051 318 3113 per
341 3033 443 3096 omnia
466 3054 593 3116 corpora
615 3038 766 3100 naturalia
789 3039 996 3118 aliquatenus:
1021 3037 1099 3118 quod
1123 3037 1213 3116 plane
1237 3034 1422 3098 Aristoteles
1447 3035 1524 3096 libro

160 3123 198 3183 de
221 3122 394 3185 Sensilihus
417 3126 606 3203 appmbavit.
653 3126 732 3188 Sunt
756 3135 856 3188 autern
887 3126 1037 3206 pellucida
1060 3127 1135 3188 dura
1164 3124 1270 3186 eadem
1295 3131 1326 3186 et
1349 3123 1521 3185 tinnientia.

162 3211 230 3274 Nec
253 3211 382 3290 impedit
404 3213 542 3276 colorata
565 3234 643 3290 esse,
669 3233 745 3295 quae
769 3215 879 3277 debent
903 3235 971 3276 esse
994 3214 1153 3295 pellucida,
1178 3221 1211 3276 nt
1235 3213 1322 3277 infra.

251 3301 344 3379 Prop.
367 3301 442 3363 Xll.
489 3303 564 3366 Lux
594 3304 766 3366 aflicitur
789 3326 808 3394 p
834 3303 1112 3384 superficiebus
1140 3301 1408 3366 occurrentium
1438 3321 1524 3384 quu-

252 3485 281 3550 ἰ)
300 3487 352 3538 Sub
370 3487 445 3538 finem
463 3489 517 3539 libri
536 3489 660 3554 Keplerus
680 3491 775 3542 eddidit
804 3489 902 3546 „notas
929 3484 1056 3553 aliquas,
1083 3481 1181 3552 quibus
1204 3481 1365 3536 obscuriora
1390 3483 1525 3537 nonnulla

162 3563 224 3616 loca
245 3577 318 3632 quae
339 3561 412 3616 inter
433 3563 611 3634 relegendum
633 3565 818 3620 occurrebant
838 3563 1025 3618 illustrantur.
1068 3563 1118 3626 Tu,
1140 3564 1240 3626 lector,
1265 3561 1344 3631 cujus
1365 3563 1417 3616 hoc
1438 3579 1524 3616 causa

161 3641 222 3706 feci,
245 3641 309 3696 boni
331 3657 435 3711 quaeso
457 3645 595 3697 consule.“
634 3651 703 3712 Quas
717 3651 890 3700 mactationes
908 3666 952 3700 nos
967 3654 1034 3714 justo
1047 3651 1100 3700 loco
1116 3651 1271 3714 apposuimus
1283 3651 1396 3714 signatas
1408 3645 1523 3714 εἰμι’).

160 3719 232 3780 Quae
252 3735 309 3770 vero
329 3735 373 3768 nos
393 3720 535 3782 adjicienda
553 3723 702 3778 censuimus.
722 3723 767 3772 sub
780 3723 854 3773 linem
868 3721 973 3787 Opticae
993 3722 1115 3772 continuis
1136 3721 1243 3770 numeris
1263 3719 1410 3770 addidimus.
1441 3721 1525 3770 Prima

162 3801 301 3854 annotatio.
321 3813 385 3862 qnae
404 3799 437 3849 ad
457 3801 555 3850 verbum
576 3803 756 3866 ,pellucidum‘
777 3804 892 3870 pertinet,
912 3803 975 3852 haec
995 3809 1048 3852 est:
1086 3793 1250 3847 Consecutio
1281 3800 1325 3846 est
1355 3792 1382 3845 in
1417 3792 1523 3864 origine

160 3874 233 3927 rocis
256 3872 433 3943 pellucidum.
476 3873 662 3945 Excipiuntur
682 3882 775 3930 autem
796 3876 879 3948 nigra
900 3877 926 3928 in
948 3893 1051 3929 summo
1072 3875 1178 3946 gradu,
1209 3889 1279 3944 quae
1301 3872 1354 3925 etsi
1376 3887 1441 3935 una,
1462 3873 1523 3942 pel·

162 3953 252 4008 lucida
281 3961 376 4007 tamen
398 3969 454 4006 non
476 3961 552 4018 sunt,
585 3963 700 4026 propter
730 3957 856 4010 accidens
879 3955 973 4010 summi
1005 3955 1139 4028 nigroris,
1171 3957 1204 4006 ut
1224 3951 1350 4022 sequitur
1371 3969 1451 4021 prop.
1477 3955 1522 4006 ti.

161 4035 197 4088 m
217 4052 277 4088 cum
306 4033 360 4086 hac
390 4031 557 4088 limitatione
586 4037 680 4106 accipe
705 4054 798 4090 rocem
829 4036 1001 4098 „colorata“.
1033 4034 1079 4088 ubi
1108 4032 1192 4087 etiam
1217 4032 1292 4086 color
1318 4048 1420 4086 summe
1443 4031 1523 4086 albus

162 4115 314 4184 excipitur,
347 4131 402 4167 non
425 4121 563 4183 quatenus
585 4117 676 4178 color,
709 4119 756 4170 sed
785 4134 836 4186 per
861 4117 1004 4180 accidens,
1036 4119 1172 4186 quatenus
1201 4113 1224 4166 is
1254 4111 1362 4165 nonnisi
1389 4129 1439 4180 per
1460 4129 1524 4166 cou-

163 4195 273 4266 iragosa
307 4210 428 4264 corpora
464 4191 549 4264 (quae
584 4197 724 4265 pellucido
759 4215 812 4250 non
841 4195 917 4258 sunt)
952 4193 1158 4266 repraesentari
1194 4199 1296 4263 potest.
1353 4193 1430 4256 Quod
1458 4209 1524 4245 vero

163 4277 202 4330 hic
229 4285 259 4331 et
293 4291 376 4347 prop.
412 4275 459 4328 17.
494 4273 638 4329 Aristoteli
676 4277 767 4331 tribuo
805 4278 877 4330 lieno
907 4277 1089 4338 sententiam,
1129 4289 1213 4328 cause
1241 4279 1285 4325 est
1312 4273 1383 4343 quod
1411 4271 1434 4325 is
1464 4273 1523 4325 loco

160 4359 239 4413 citato
269 4363 425 4430 postquam
456 4353 573 4408 dixisset
594 4357 627 4409 de
653 4373 741 4427 aqua,
774 4363 840 4410 stirs
863 4363 892 4410 ct
913 4357 935 4409 si
958 4372 1013 4427 qua
1034 4354 1091 4408 alia
1119 4354 1157 4407 sic
1186 4355 1343 4407 dicerentur
1372 4348 1525 4421 (pellucida

158 4437 259 4510 nempe)
282 4433 455 4506 subjungit:
477 4435 626 4497 irremote
639 4439 671 4492 ds
684 4437 741 4506 ἑςη,
762 4457 808 4490 και
821 4434 917 4498 ἄλλοις
936 4451 1065 4509 uesperum
1086 4435 1246 4507 ἱνυπαρχει,
1265 4451 1324 4492 τοις
1342 4451 1396 4503 μεν
1408 4435 1525 4505 μαλλον,

155 4524 257 4586 1005&
276 4517 375 4590 juror.
419 4513 575 4568 Videbatur
594 4518 693 4580 dicere,
715 4523 830 4588 practer
850 4533 886 4570 eu
905 4533 976 4586 quae
998 4515 1176 4568 communiter
1195 4511 1336 4582 pellucida
1356 4512 1522 4572 dicerentur,

150 4605 257 4677 reliquis
280 4599 374 4656 etiam
402 4595 566 4664 corporibus
588 4595 677 4650 inesse
698 4597 771 4650 hanc
792 4607 919 4650 naturam
942 4596 1087 4649 secundum
1113 4594 1202 4664 magis
1224 4597 1254 4644 et
1282 4591 1378 4646 minus.
1422 4591 1524 4654 Quodsi

147 4697 171 4742 p.
200 4680 354 4742 ammio
394 4675 490 4728 rarior
524 4677 608 4728 aliter
635 4679 729 4740 docet,
766 4695 839 4731 exue
874 4678 944 4730 hanc
973 4673 1138 4728 sententiam
1168 4671 1337 4726 auctoritate
1363 4671 1522 4742 philosophi

143 4771 257 4843 mihiqu
289 4761 404 4818 nudam
437 4753 559 4810 remitte.
605 4761 741 4827 [compara
760 4779 815 4813 cnm
835 4763 872 4812 his
891 4775 938 4819 ea,
958 4775 1022 4826 qaae
1041 4759 1163 4824 Keplerns
1183 4757 1271 4808 eadem
1286 4757 1318 4809 de
1336 4773 1363 4811 re
1381 4759 1524 4824 perscripsit

139 4855 282 4918 „mam
303 4857 331 4908 p.
357 4833 398 4886 50
417 4847 454 4884 ss.
473 4833 637 4896 praemissis.)
