3464 5524
310 273 354 348 rid
731 277 831 329 literae
848 276 950 342 Kepleri
970 277 1118 343 fflommqns
1137 283 1238 328 mamae

401 458 467 520 Nec
492 457 624 520 deterior
646 465 694 519 est
717 464 770 516 tna
793 475 887 516 cansa
909 455 938 516 in
961 455 1058 516 altero
1080 455 1234 518 schemate
1250 455 1426 518 Vitellianis
1449 457 1514 536 (lig.
1531 453 1590 528 22)
1613 456 1658 518 ubi

314 549 412 628 imago
436 547 595 610 Vitellioni
624 553 672 608 est
702 553 771 606 ante
796 545 966 624 speculum,
1000 543 1123 606 veritati
1153 551 1232 624 post.
1279 545 1368 607 Meae
1400 552 1500 606 tamen
1531 544 1658 606 rationes

313 639 408 700 multo
432 636 577 715 maiorem
601 633 783 696 exhibebunt
806 633 967 712 imaginem
995 631 1133 711 reipsa,
1164 643 1234 696 tuae
1259 635 1414 713 aequalem
1443 633 1599 706 exhibent,
1628 645 1659 694 ut

311 726 427 798 videas,
453 726 481 786 in
506 725 645 786 concavis
668 730 749 784 stare
773 740 831 782 non
855 741 945 806 posse
969 728 1037 783 tuas
1060 720 1225 800 parallelas
1249 722 1456 802 apparentiae.
1504 720 1558 784 Sic
1581 731 1612 784 et
1632 722 1659 784 in

315 814 406 876 tertio
431 810 518 886 (23),
548 812 597 874 uhi
626 812 748 890 elegans
778 819 826 872 est
856 809 989 873 fallacia.
1036 809 1115 872 Nam
1147 819 1220 890 puto
1250 811 1380 874 futurum
1402 820 1441 873 nt
1468 812 1559 872 ambo
1586 811 1658 872 oculi

314 903 403 964 simul
428 902 523 981 aperti
548 899 747 978 imaginentur
777 899 834 961 sibi
858 917 948 960 unam
971 898 1130 978 imaginem
1160 899 1282 962 duorum
1307 901 1458 963 oculorum
1489 901 1658 961 haerentem

316 991 344 1053 in
368 991 463 1070 ipsius
487 988 654 1067 superficiei
681 996 792 1067 puncto
817 986 857 1048 G.
905 985 992 1057 Quod
1024 988 1050 1048 si
1077 988 1125 1049 hic
1149 988 1253 1050 unicus
1276 990 1378 1050 oculus
1407 989 1590 1068 imaginatur
1607 989 1659 1050 sibi

231 1103 235 1109 ’
312 1087 424 1141 certam
440 1077 569 1157 aliquam
585 1076 771 1151 distantiam,
787 1077 881 1138 habes
899 1087 1105 1155 argumentum
1119 1079 1323 1140 concurrentis
1339 1078 1507 1140 latitudinis
1520 1077 1657 1157 pupillae.

314 1167 376 1230 Sed
398 1165 594 1245 periclitabor
617 1165 665 1227 hic
690 1184 815 1246 quoque,
841 1165 867 1227 si
885 1165 1015 1227 iacnltas
1038 1164 1109 1228 mihi
1125 1165 1254 1228 dabitur.
1301 1167 1397 1228 Miror
1415 1174 1518 1228 autern
1537 1175 1568 1226 te
1592 1165 1659 1226 baec

313 1255 466 1334 disputare
491 1254 577 1333 quasi
600 1261 703 1315 essent
726 1253 798 1316 mibi
822 1253 982 1328 contraria,
1007 1272 1074 1316 com
1089 1273 1124 1314 eo
1148 1255 1224 1333 ipso,
1250 1255 1328 1333 quod
1343 1257 1506 1318 metatione
1526 1254 1659 1333 imaginis

312 1364 331 1406 a
353 1342 475 1404 catheto
499 1343 537 1404 ad
561 1342 739 1404 dualitatem
762 1343 811 1404 vel
834 1342 1039 1425 pluralitatem
1064 1342 1207 1405 linearum
1230 1343 1355 1405 visionis
1379 1344 1527 1424 (ejusdem
1547 1342 1659 1422 puncti)

313 1429 464 1505 transtuli,
490 1431 577 1492 simul
603 1431 739 1492 omnihus
754 1430 932 1510 hujusmodi,
958 1449 1092 1511 quaeque
1112 1431 1174 1492 alia
1197 1431 1327 1494 fortasse
1342 1434 1428 1511 plura
1449 1431 1575 1510 produci
1589 1449 1658 1510 pos-

313 1529 392 1595 sunt,
416 1520 606 1582 occasionem
630 1520 839 1594 sufficientem,
863 1519 1041 1599 quibusdam
1065 1519 1157 1581 etiarn
1181 1521 1326 1600 exemplis
1350 1521 1566 1591 confirmatam,
1591 1520 1659 1580 suh·

312 1607 490 1670 ministravi.
536 1609 642 1672 Defuit
666 1609 738 1670 mihi
769 1610 824 1670 hoc
854 1627 956 1683 unum,
983 1608 1060 1688 quod
1090 1607 1119 1670 in
1149 1627 1282 1670 convexo
1313 1610 1435 1689 speculo
1458 1607 1597 1681 substiti,
1626 1609 1659 1668 de

310 1715 442 1760 concavo
467 1716 504 1757 ex
528 1698 631 1777 regula
656 1698 872 1760 contrariorum
891 1695 1026 1776 judicare
1051 1705 1221 1759 contentus.
1267 1697 1424 1761 Ettamen
1448 1698 1514 1759 sine
1534 1715 1660 1760 concavo

312 1785 426 1848 obtinui
460 1805 581 1848 cansam
614 1786 672 1848 loci
695 1785 835 1865 imaginis
858 1786 1027 1866 quaesitam
1052 1787 1133 1866 (cap.
1158 1786 1213 1861 ΙΙΙ,
1246 1783 1311 1861 19).
1358 1787 1424 1849 Nisi
1453 1787 1534 1849 sorte
1559 1787 1611 1848 hoc
1632 1793 1660 1846 te

310 1883 422 1944 moret,
448 1875 525 1954 qnod
551 1875 669 1954 disputo
685 1876 770 1955 quasi
793 1875 831 1936 de
850 1895 882 1936 re
906 1874 1084 1948 certissima,
1109 1893 1161 1936 cur
1176 1875 1260 1938 locas
1274 1875 1414 1956 imaginis
1429 1875 1471 1936 sit
1484 1875 1515 1936 in
1531 1875 1658 1944 catheto.

309 1963 356 2026 At
378 1963 551 2026 meminisse
574 1964 713 2039 debuisti,
738 1971 846 2043 postea
869 1961 1029 2026 limitatam
1053 1963 1131 2024 hanc
1154 1963 1390 2044 propositionem
1424 1964 1516 2024 etiem
1540 1963 1569 2025 in
1593 1981 1659 2024 con-

312 2053 408 2114 vexis.
456 2049 517 2114 Onr
540 2061 641 2114 autem
655 2069 837 2132 magnopere
853 2051 989 2130 glorieris
1012 2051 1169 2131 proposita
1191 2070 1276 2132 prop.
1296 2047 1348 2115 67.
1369 2053 1420 2114 lib.
1437 2053 1525 2115 Vlll.
1545 2055 1658 2134 (qnam-

266 2161 275 2172 ‘
314 2141 362 2202 vis
385 2140 415 2200 in
438 2138 519 2202 bona
546 2144 663 2214 causa),
688 2142 816 2203 nondum
841 2141 937 2204 video.
984 2139 1086 2201 Docta
1109 2140 1187 2202 enim
1212 2141 1276 2220 (fig.
1301 2138 1359 2214 24)
1384 2141 1471 2202 exB
1500 2149 1587 2202 recta
1611 2159 1660 2219 per

313 2235 451 2291 centrum
474 2247 568 2309 eaque
593 2238 625 2291 et
638 2227 700 2292 DG
718 2229 901 2292 continuatis
926 2229 964 2290 ad
988 2247 1173 2303 concursum,
1199 2229 1325 2291 Vitellio
1344 2229 1399 2291 tibi
1414 2229 1512 2291 loonm
1527 2229 1659 2308 imaginis

312 2317 357 2380 rei
381 2318 467 2378 visae
496 2319 637 2380 ostendet
664 2319 693 2380 iu
718 2319 774 2380 hoc
798 2337 943 2380 concursu
971 2324 1060 2378 extra
1082 2318 1249 2397 speculum,
1280 2335 1334 2378 nec
1364 2319 1407 2379 ita
1431 2319 1558 2380 maltum
1581 2325 1614 2379 nt
1634 2318 1658 2377 in

310 2405 462 2486 prioribus
486 2407 608 2470 errabit.
655 2408 761 2488 ltaque
785 2429 805 2468 a
827 2418 858 2468 te
880 2405 1058 2486 postulabit,
1083 2415 1116 2468 nt
1139 2405 1180 2469 sit
1202 2405 1270 2468 Tibi
1294 2425 1419 2485 magnus
1434 2407 1558 2488 Apollo.
1604 2405 1659 2468 Sed

311 2504 345 2557 tu
365 2495 491 2556 forsitan
516 2496 572 2556 huc
596 2495 731 2577 respicis,
757 2495 835 2576 quod
859 2493 999 2574 analogia
1022 2503 1189 2558 ceterorum
1208 2495 1410 2576 exemplorum
1426 2497 1557 2558 suadeat
1572 2496 1657 2558 simu-

312 2584 385 2658 lare,
411 2581 528 2645 visibile
554 2603 621 2646 esse
645 2585 673 2646 in
688 2584 756 2656 ΕΙ),
779 2584 961 2664 penultimae
985 2583 1162 2646 radiationis
1186 2584 1273 2658 linea,
1300 2585 1337 2646 ad
1359 2583 1513 2646 minimum
1537 2583 1658 2648 nitraii.

312 2670 379 2742 Quo
417 2679 506 2751 pacto
534 2672 655 2747 iterum,
691 2681 723 2735 ut
750 2674 780 2735 iu
811 2673 861 2734 lib.
887 2672 973 2746 Vlli,
999 2667 1052 2736 45.
1078 2691 1238 2736 concursus
1268 2691 1333 2734 cnm
1364 2673 1486 2736 catheto
1520 2671 1659 2752 contingit

310 2769 391 2822 retro
415 2762 541 2823 oculum.
1716 2819 1717 2832 ,

401 2849 463 2911 Sed
487 2851 699 2912 concludamus
722 2850 801 2912 hunc
825 2850 922 2911 locum
947 2848 1125 2930 repetitione
1157 2856 1227 2911 tune
1250 2849 1460 2911 conclusionis.
1507 2849 1605 2911 Iniere
1626 2867 1658 2909 en
1716 2853 1717 2931 p

314 2938 374 3001 tuis
399 2939 560 3018 exemplis,
595 2938 755 3018 imaginem
784 2957 841 3000 non
866 2959 933 3000 esse
964 2940 993 3001 in
1017 2937 1138 3000 catheto
1167 2938 1355 3000 incidentiae.
1401 2939 1533 3000 Nimium
1562 2938 1657 3001 infers.

311 3028 391 3088 Nam
419 3027 448 3088 in
478 3028 569 3106 plano
598 3027 718 3106 speculo
744 3028 849 3090 fateris
877 3029 957 3108 ipse;
988 3027 1017 3088 in
1046 3026 1188 3088 convexis
1216 3035 1299 3089 certo
1322 3028 1383 3089 situ
1413 3028 1567 3090 ocnlornm
1590 3025 1659 3088 evici

199 3110 202 3118 ’
311 3115 392 3194 ipse:
427 3115 486 3176 situ
515 3115 634 3178 diverso
658 3116 810 3178 oculorum
834 3116 968 3190 ostendi,
997 3133 1100 3195 parum
1129 3122 1161 3176 et
1183 3115 1234 3178 vix
1258 3116 1400 3178 sensibile
1428 3115 1580 3197 quippiam
1608 3115 1656 3176 ab·

312 3221 412 3264 errare
426 3202 596 3282 imaginem
621 3225 639 3264 a
663 3205 793 3268 catheto.
841 3205 923 3266 Tuae
947 3223 1018 3284 crgo
1042 3204 1114 3265 nihil
1139 3203 1196 3265 uisi
1220 3205 1411 3285 exceptiones
1436 3215 1507 3267 eunt
1530 3205 1566 3274 de
1590 3223 1656 3265 con·

314 3309 388 3352 cavo
413 3309 507 3372 eoque
532 3311 589 3353 non
614 3293 702 3355 omni.
750 3293 784 3355 In
808 3311 918 3372 genere
942 3301 1044 3356 tamen
1067 3293 1123 3354 hoc
1138 3311 1265 3367 mecum,
1288 3293 1440 3356 cathetum
1466 3313 1498 3355 se
1518 3294 1584 3374 ipso
1607 3311 1657 3354 non

313 3387 415 3460 aptam
440 3399 507 3441 esse
532 3382 570 3442 ad
594 3382 751 3444 locandam
774 3382 943 3460 imaginem.
991 3381 1049 3443 Ubi
1080 3381 1209 3444 colloces
1233 3382 1411 3461 imaginem,
1445 3383 1576 3444 dubitas.
1620 3381 1659 3442 At

314 3487 371 3548 ego
396 3469 529 3548 regulam
554 3470 752 3531 universalem
778 3471 846 3532 dedi
870 3481 901 3534 et
924 3469 1146 3545 demonstravi,
1171 3478 1204 3532 nt
1227 3470 1347 3532 dubium
1371 3471 1411 3533 sit
1435 3473 1559 3534 nullum.

404 3555 483 3628 Quid
507 3575 578 3619 vero
612 3560 648 3620 ad
673 3560 768 3621 Tuam
799 3559 978 3622 modestiam
1003 3558 1119 3620 dicam?
1166 3556 1246 3628 Quid
1270 3558 1347 3620 enim
1371 3559 1428 3621 nisi
1451 3568 1484 3621 ut
1507 3559 1657 3640 ingenuam

311 3647 517 3710 commendem
540 3647 669 3727 mihique
693 3648 869 3710 imitandam
892 3665 1066 3728 proponam.
1114 3644 1260 3716 Quamvis
1291 3655 1322 3710 tu
1346 3655 1409 3710 tam
1434 3649 1544 3728 frigido
1567 3647 1656 3708 victo·

311 3735 376 3798 riae
400 3735 500 3798 studio
524 3735 624 3798 vicisti
649 3744 748 3798 tamen
774 3737 890 3817 opticos
914 3745 946 3798 et
969 3737 998 3798 in
1023 3743 1140 3816 partem
1165 3735 1306 3815 triumphi
1335 3737 1437 3812 venis,
1477 3738 1608 3816 adeoque
1630 3741 1658 3796 et

310 3843 357 3887 me
381 3823 488 3886 vincis.
527 3825 662 3888 Tametsi
686 3826 764 3887 enim
780 3844 840 3886 rem
865 3825 962 3906 ipsam
987 3830 1071 3886 tenet
1094 3823 1169 3886 liber
1192 3843 1291 3900 meus,
1315 3825 1430 3904 passim
1454 3834 1557 3888 tamen
1572 3823 1657 3886 rerba

311 3920 343 3976 et
365 3913 562 3993 repetitiones
586 3931 671 3978 meae
695 3922 765 3977 sunt
788 3914 949 3994 ejusmodi,
973 3907 1159 3992 praesertim
1176 3912 1276 3992 capite
1298 3913 1360 3988 IV,
1389 3933 1425 3976 ac
1456 3915 1483 3976 ei
1511 3915 1598 3996 plane
1621 3911 1654 3972 ab

311 4002 477 4081 opticorum
500 4002 625 4064 catheto
648 4009 772 4078 starem,
799 4021 885 4083 qnam
909 4011 942 4064 tu
966 3999 1157 4081 expugnasti.
1203 4001 1283 4066 Nam
1306 4003 1442 4082 proiecto
1467 4002 1536 4065 aliis
1558 4019 1657 4064 usurus

312 4090 352 4150 ini
376 4091 491 4164 verbis,
517 4090 543 4152 si
568 4098 635 4152 tuas
659 4090 715 4152 has
740 4090 924 4170 objectiones
947 4089 1029 4170 prius
1053 4089 1194 4168 legissem
1218 4097 1250 4152 et
1273 4090 1369 4152 sihoc
1394 4091 1561 4166 scivissem,
1585 4090 1654 4152 ima-

312 4177 398 4256 gines
421 4179 452 4240 in
477 4179 618 4240 concavis
641 4177 730 4260 plane
755 4187 843 4240 extra
865 4180 1019 4242 cathetum
1043 4177 1153 4240 alicubi
1177 4197 1254 4240 csse.

400 4265 456 4316 Huc
475 4266 738 4331 usqneKeplerns.
774 4267 832 4317 dam
850 4268 983 4317 redeuntes
1003 4267 1035 4316 ad
1053 4265 1229 4334 Brenggeri
1247 4265 1345 4327 literam
1374 4280 1488 4332 eaquae
1507 4267 1652 4331 priorapro·

312 4335 376 4384 sime
395 4343 529 4399 sequnntur
546 4338 717 4401 proponimus,
736 4337 882 4388 intermixtis
901 4339 1003 4402 Kepleri
1020 4339 1151 4402 responsis.

400 4406 484 4466 Quod,
503 4409 590 4473 inquit,
610 4411 635 4456 in
654 4407 892 4458 reflexionibus
911 4423 978 4458 ame
991 4410 1147 4459 observatum
1159 4409 1281 4459 hactenns
1294 4407 1395 4471 scripsi,
1414 4407 1479 4457 idem
1498 4409 1522 4456 in
1542 4407 1653 4456 reiras-

314 4473 462 4527 tionibns
490 4493 586 4543 qnoque
608 4478 723 4528 accidere
751 4494 800 4528 non
828 4481 864 4528 ita
882 4479 976 4543 pridem
996 4479 1166 4529 animadverti.
1204 4479 1276 4528 Mota
1294 4485 1332 4528 ert
1350 4479 1409 4528 mibi
1430 4485 1489 4528 ante
1507 4477 1653 4542 septennium

313 4547 424 4605 quaestio
443 4549 583 4611 aquodam
609 4549 759 4614 reipublicae
778 4549 941 4614 Angustanae
960 4551 1075 4615 primario
1094 4550 1143 4600 siro
1162 4551 1193 4600 de
1211 4549 1316 4600 mirabili
1335 4550 1392 4606 illa,
1420 4564 1450 4600 ex
1468 4550 1615 4598 Batavorum
1632 4548 1653 4593 in

313 4611 385 4663 Nora
402 4615 506 4668 Zcmbis
523 4617 705 4670 hibernentium
724 4620 893 4670 obaemuone
913 4621 1052 4686 divulgata,
1073 4619 1137 4669 Solis
1156 4620 1274 4671 occultati
1293 4626 1391 4683 etpost
1409 4621 1521 4674 brumam
1539 4617 1654 4669 redeuntis

315 4685 506 4747 anticipatione:
526 4691 595 4750 cujus
614 4696 640 4738 et
657 4696 685 4740 tn
702 4693 728 4740 in
741 4691 935 4755 Paralipomenis
948 4691 1082 4742 meministi
1096 4687 1169 4755 (Cap.
1184 4691 1228 4746 iv,
1244 4687 1280 4750 9).
1320 4689 1429 4740 Causam
1447 4693 1500 4754 ejus
1512 4697 1564 4740 tum
1580 4687 1652 4740 rendi.

314 4753 379 4815 i¹¹⁰ll
397 4760 423 4802 02
440 4761 468 4804 iu
485 4758 563 4814 fult,
590 4761 616 4809 in
633 4761 808 4812 redactionem
836 4762 867 4811 ab
893 4767 951 4812 aere
970 4763 1001 4812 ob
1020 4763 1148 4812 trimestris
1174 4762 1225 4811 iere
1243 4762 1323 4811 noctis
1341 4762 1419 4826 frigam
1438 4763 1550 4812 densiore
1567 4759 1653 4810 reddito

313 4822 416 4874 iactam.
453 4825 587 4891 Postquam
606 4837 702 4890 atem.
728 4831 895 4882 delineatione
913 4835 938 4883 in
957 4833 1046 4885 charte
1062 4833 1143 4892 iacta,
1168 4833 1233 4884 bane
1251 4847 1303 4884 rem
1321 4833 1397 4883 ecana
1415 4833 1575 4898 spectandam
1592 4828 1652 4880 exhi·
