3672 5528
757 271 841 340 Μ
858 275 890 326 V·
910 275 937 338 b
1457 273 1525 350 lbd

164 453 200 515 ul
219 465 370 514 m
391 447 452 516 ΚΒ
471 467 564 532 seper
584 449 652 527 OD,
676 453 715 522 ed
738 451 915 522 distantiam
937 452 996 519 KL
1018 459 1050 514 et
1073 449 1140 527 OD,
1161 453 1208 519 ita
1229 460 1297 516 tota
1318 453 1377 521 ΚΒ
1400 453 1440 518 ad
1458 455 1523 536 ejus

169 536 208 603 alr
229 536 244 598 1
265 535 459 614 distantium,
485 549 673 607 murense
697 542 754 606 llL
778 542 816 604 ab
840 542 897 606 AB
920 541 1089 607 inveniatur
1111 541 1207 608 miuus
1230 541 1355 615 distare.

254 625 376 693 Neuter
394 645 466 693 varo
489 628 591 712 Tycbo
613 630 714 694 Brelre
737 630 815 694 iuter
846 630 932 694 initia
960 631 1057 697 minus
1089 625 1186 697 adhuc
1214 633 1442 702 tractandorum
1473 632 1522 696 ins

171 718 667 798 manutenementum
687 718 725 781 ab
749 719 843 799 ipsine
865 719 1056 784 instrumenti
1080 720 1206 784 articulo
1230 721 1400 800 hujusmodi
1414 741 1524 802 passos

171 813 218 872 rai
238 805 465 886 inpedimenta,
508 805 584 876 oon
607 808 686 873 euim
709 809 738 870 in
761 809 857 888 figure
875 805 928 872 85.
951 817 1053 873 rectae
1075 809 1244 888 regularum
1268 809 1297 872 iu
1321 833 1342 874 α
1364 829 1522 878 concurre-

169 900 236 959 rent
263 901 297 958 et
317 895 449 960 materia
475 894 556 961 circa
577 920 598 960 α
620 896 851 967 mamitudinenn
879 897 1030 960 obtineret
1057 905 1285 978 excurreretqne
1315 917 1407 978 usque
1433 899 1464 964 iu
1487 901 1523 977 E,

167 999 227 1048 unu
250 990 369 1049 tentum
393 991 528 1052 ctutrnm
550 985 605 1048 sed
629 1005 665 1048 ne
689 985 861 1065 superficies
884 983 1002 1065 quidem
1026 986 1104 1050 oculi
1126 985 1155 1048 in
1179 1011 1200 1048 α
1222 1005 1290 1050 esse
1323 987 1437 1066 potuit,
1470 989 1525 1055 sed

168 1069 199 1132 in
220 1069 250 1134 E
274 1071 431 1146 substitit,
458 1080 491 1134 nt
523 1073 552 1134 in
580 1073 760 1138 blechonice
788 1082 876 1162 parte
908 1073 981 1136 lolio
1002 1074 1032 1137 D
1056 1071 1087 1141 4.
1120 1084 1153 1139 et
1183 1075 1214 1138 in
1246 1075 1524 1156 Progymuesmatir

168 1159 222 1222 iol.
246 1156 290 1224 tt
313 1161 438 1226 monuit
473 1159 606 1243 Cumque
628 1163 713 1228 visus
735 1163 794 1230 sibi
816 1169 909 1236 esset,
926 1162 1125 1242 usurpatione
1149 1163 1293 1238 tabellae,
1315 1164 1399 1244 cujus
1423 1171 1522 1230 struc-

168 1248 314 1313 mearet.
340 1245 384 1314 34
407 1250 550 1325 liabetur,
576 1269 692 1314 errores
716 1250 937 1315 observationis
969 1251 1039 1314 binc
1069 1251 1192 1316 obortus
1224 1253 1312 1331 plane
1340 1253 1523 1320 sustulisse:

168 1345 280 1417 pbstea
308 1346 410 1401 tamen
442 1337 829 1415 animadvertentem,
859 1339 918 1401 sibi
945 1340 1037 1404 etiam
1068 1358 1104 1400 os
1130 1359 1225 1418 genae
1259 1341 1430 1417 obstitisse,
1467 1361 1524 1421 quc

168 1425 267 1490 ninus
290 1427 368 1490 oculi
392 1426 507 1508 pupilla
528 1435 580 1490 sat
601 1428 765 1510 propinque
788 1428 1044 1492 circumferentiae
1075 1428 1184 1508 capitis
1207 1429 1399 1497 instrumenti
1421 1429 1522 1511 appli-

169 1522 300 1580 emetur.

259 1603 326 1665 Huc
349 1603 416 1683 ipse
438 1603 557 1684 quidem
590 1624 712 1667 causam
744 1605 862 1668 confert
892 1605 975 1668 visus
1005 1603 1166 1668 etiamnum
1200 1606 1379 1670 aberrantis.
1425 1604 1470 1668 At
1492 1612 1526 1674 ul

170 1692 335 1758 concedam
359 1700 392 1754 et
414 1711 449 1758 os
472 1709 567 1772 genae
591 1693 767 1769 obstitisse,
798 1701 872 1773 puto
896 1702 997 1758 tameo
1020 1693 1209 1772 potissimam
1234 1694 1353 1776 culpem
1375 1693 1526 1760 resedisse

169 1781 201 1845 in
221 1799 271 1848 eo,
293 1781 373 1860 qood
397 1799 464 1844 nou
487 1801 529 1844 er
551 1781 709 1862 pupilla,
733 1783 812 1863 quod
835 1781 937 1863 Tycbo
958 1782 1060 1847 Brabe
1082 1782 1225 1862 ponebat,
1249 1783 1375 1848 radius
1398 1781 1526 1846 visua-

168 1867 216 1932 lis
243 1869 480 1950 potissimum
509 1871 706 1950 procedat,
739 1871 802 1934 sire
835 1871 968 1934 feramen
1000 1889 1096 1932 ureae
1123 1871 1276 1951 intelligas
1304 1891 1358 1938 eeu
1388 1889 1527 1938 corneam

169 1959 226 2022 boe
250 1956 459 2038 obrepentem,
491 1967 525 2022 ut
547 1959 613 2040 ipse
636 1977 781 2040 usurpare
803 1959 941 2022 videtur:
973 1960 1088 2022 seder
1110 1959 1208 2022 medio
1232 1960 1314 2039 globi
1336 1967 1461 2040 puncto,
1495 1968 1528 2026 ut

168 2047 232 2127 jen
259 2047 399 2110 technice
427 2048 464 2110 de
492 2047 576 2113 radio
603 2048 712 2114 visuali
745 2049 852 2129 loquar
882 2067 950 2110 cnm
979 2048 1105 2130 antiqua
1130 2047 1267 2112 Euclidis
1295 2049 1410 2115 sohotn
1459 2048 1526 2114 Hoc

168 2136 269 2216 ipsum
292 2135 397 2216 lectm
418 2135 525 2198 melios
547 2137 753 2206 considerans,
777 2155 855 2200 anno
877 2133 933 2200 85.
958 2137 996 2198 ed
1019 2135 1250 2216 Landgrevium
1268 2138 1399 2206 Hessius
1423 2135 1529 2204 scribit

169 2223 201 2289 lb
223 2223 304 2287 hunc
327 2223 454 2299 modum,
479 2225 530 2288 lul.
554 2223 585 2292 8.
609 2227 634 2287 Ι.
661 2225 746 2311 Tomi
769 2225 868 2308 Epist·
902 2236 962 2292 Neo
980 2235 1052 2292 enim
1072 2243 1195 2292 centrum
1216 2236 1291 2294 visrrs
1312 2242 1407 2292 nermo
1425 2233 1528 2294 inautus

170 2313 257 2372 urenti
278 2319 347 2384 apte
366 2313 440 2371 ueniri
458 2321 567 2386 potest,
596 2334 648 2372 nec
667 2316 777 2387 pupilla
801 2315 873 2372 oculi
900 2315 982 2372 binas
1002 2317 1100 2372 stellae
1120 2316 1252 2375 intuendo
1285 2316 1398 2374 immuta
1425 2321 1527 2380 manet,

169 2404 241 2460 ande
262 2409 388 2458 tantm
408 2403 483 2461 visos
503 2403 588 2462 etiam
608 2405 811 2477 aliquantulum
824 2404 928 2462 rmiari
945 2402 1130 2461 neceesarium
1147 2405 1250 2460 sesua
1287 2395 1396 2460 Adhuc
1411 2392 1528 2474 quidem

170 2481 327 2548 existimat
350 2500 367 2542 e
393 2481 509 2560 pupilla
540 2484 642 2562 egredi
671 2483 816 2548 visorium
847 2482 964 2546 radium
996 2492 1139 2562 tauquam
1171 2501 1187 2544 e
1216 2493 1338 2557 centro,
1377 2481 1431 2546 sed
1463 2499 1529 2544 cum

169 2569 298 2644 videret,
322 2587 381 2632 uon
405 2569 542 2633 sufficere
566 2571 741 2638 distantiam
765 2569 933 2652 superficiei
954 2570 1033 2634 ¹recoli
1058 2593 1076 2632 a
1098 2578 1202 2634 centro
1226 2569 1432 2645 instrumenti,
1455 2588 1528 2650 par.-

169 2665 231 2720 ten
255 2656 457 2720 aberrationis
487 2659 580 2725 etiem
602 2661 631 2725 in
654 2661 786 2742 pupillae
815 2660 1048 2740 translationem
1080 2660 1211 2734 confert,
1242 2660 1320 2740 quod
1343 2660 1433 2741 plane
1455 2657 1528 2720 nibil

170 2746 252 2814 aliud
273 2755 322 2808 est
345 2765 434 2826 qnam
456 2747 512 2808 hoc
535 2747 643 2828 ipsum,
668 2750 746 2830 quod
769 2756 905 2812 centrum
926 2749 1009 2810 visus
1032 2756 1104 2829 post
1125 2748 1269 2828 pupillam
1283 2749 1368 2823 latet,
1393 2746 1528 2811 eductis·

169 2841 225 2916 qne
249 2854 268 2896 e
292 2835 375 2896 visus
399 2841 503 2896 centro
535 2836 651 2900 duabus
681 2837 781 2914 lineis,
807 2837 908 2918 eliqua
937 2838 1015 2899 oculi
1048 2835 1220 2917 superficies
1251 2835 1448 2916 intercipitur,
1473 2853 1529 2900 uec

169 2923 288 2988 directa
311 2942 378 2986 esse
403 2929 507 3004 polest
528 2925 682 3007 utriusque
705 2927 814 2990 stellae
837 2925 929 3001 visio,
963 2926 1020 2988 nisi
1045 2934 1180 2989 centrum
1203 2926 1355 3006 pupillae,
1388 2931 1528 2989 manente

170 3012 249 3078 oculi
272 3019 387 3084 centro,
414 3031 452 3074 ex
475 3013 574 3076 altera
595 3014 739 3078 linearum
763 3016 792 3078 in
816 3015 945 3078 alteram
969 3016 1181 3078 transferatur.

259 3109 346 3172 Haec
368 3107 470 3189 itaque
491 3112 572 3174 oculi
595 3113 750 3192 quantitas
770 3112 1031 3178 observationibus
1054 3113 1204 3180 accuratis
1227 3111 1317 3174 affert
1331 3111 1528 3186 incommoda,

169 3217 247 3279 qnae
271 3197 465 3276 Hipparchus
488 3199 558 3260 olim
582 3201 784 3264 declinaturus
807 3201 943 3280 dioptras
957 3201 1133 3274 innotuere
1159 3209 1193 3267 ut
1214 3199 1429 3280 angustissimo
1446 3200 1529 3263 iera-

169 3287 248 3351 mine
273 3287 313 3348 ad
333 3287 453 3348 oculum
477 3288 640 3368 applicato,
664 3291 767 3370 siper
790 3289 862 3354 illud
885 3290 989 3352 oculus
1013 3291 1052 3352 ad
1076 3289 1229 3370 utriusque
1252 3289 1362 3352 stellae
1386 3288 1434 3350 vel
1448 3307 1531 3352 mur·

168 3375 251 3455 ginis
274 3372 393 3438 Solaria
416 3375 566 3455 dioptram
594 3379 772 3459 respiceret,
802 3377 861 3440 bae
889 3377 1025 3458 geminae
1049 3376 1137 3460 ipsse
1159 3397 1228 3440 sese
1251 3378 1281 3440 in
1305 3377 1363 3440 hoc
1386 3377 1531 3446 foramine

170 3472 255 3526 certo
280 3471 431 3537 secarent,
456 3483 510 3526 nen
534 3475 617 3528 esset
638 3467 782 3530 sectionis
796 3467 885 3547 hujus
898 3475 1041 3547 punctum
1063 3486 1117 3547 per
1134 3465 1328 3530 latitudinem
1342 3465 1422 3530 oculi
1435 3483 1529 3545 qnae·

169 3553 308 3616 rendum.
352 3552 447 3632 ldque
471 3553 662 3620 Ptolemaeus
685 3564 734 3618 eet
756 3555 902 3620 imitatus.
948 3556 1046 3620 Hodie
1069 3574 1123 3636 pro
1147 3555 1268 3636 dioptra
1293 3554 1399 3618 donam
1431 3553 1530 3616 subti-

170 3641 320 3706 lissimam
344 3640 497 3714 efficiunt,
522 3643 633 3706 creetis
657 3644 772 3710 duobus
794 3644 973 3724 pinnacidiis
996 3663 1074 3724 pene
1096 3664 1164 3708 sese
1188 3643 1441 3723 contingentibus.
1486 3639 1533 3704 At

170 3750 207 3792 ns
231 3727 303 3792 huic
326 3728 447 3808 quidem
470 3728 563 3792 donae
586 3733 765 3812 praecorum
788 3733 817 3794 io
841 3733 1028 3799 brevioribus
1052 3733 1207 3796 distantiis
1230 3732 1378 3796 fidendum
1391 3737 1531 3794 auctores

170 3825 329 3898 putarunt.
377 3815 457 3888 Quin
481 3819 574 3885 etiam
597 3819 626 3882 in
651 3821 779 3900 dioptris
807 3822 846 3882 ed
868 3823 975 3886 stelles
998 3821 1229 3902 respicientibus
1259 3819 1331 3884 illud
1354 3815 1531 3882 incommodi

169 3915 309 3972 meatum
333 3905 519 3987 albebcee,
544 3911 623 3988 quod
648 3910 673 3977 si
698 3911 845 3974 foramine
867 3910 1054 3986 sinttenuia,
1078 3909 1186 3974 stelles
1205 3907 1366 3980 occultent,
1390 3907 1436 3968 sin
1451 3906 1532 3981 laxa,
1571 3905 1575 3914 '

169 4015 226 4058 non
251 4003 377 4062 servent
399 3995 576 4076 imperatam
606 3999 812 4078 scrupulorum
844 3998 1053 4064 subtilitatem.
1099 3998 1266 4078 Propterea
1288 3995 1339 4060 elii
1362 3995 1531 4060 remotioris

171 4085 311 4165 dioptrae
334 4086 402 4149 loco
426 4085 576 4150 collocent
598 4086 829 4152 minutissimum
853 4088 1021 4168 globulmn,
1047 4086 1162 4150 ansulis
1185 4085 1216 4148 in
1239 4084 1336 4148 medio
1360 4085 1530 4166 perforatae

172 4173 304 4238 tabellae
336 4175 504 4248 firmatum,
538 4173 750 4255 oollimeutque
778 4176 817 4238 ad
850 4176 958 4243 stelles
988 4195 1046 4239 uon
1077 4174 1263 4258 inspiciendo
1301 4174 1354 4236 sed
1391 4173 1530 4254 tegendo.

171 4261 231 4326 alii
254 4263 287 4326 in
311 4261 475 4326 sensusne
498 4261 631 4328 tabellae
654 4263 766 4330 laxiore
791 4263 876 4330 binas
899 4265 1028 4329 chordas
1050 4263 1235 4328 decussatim
1252 4262 1356 4343 figunt,
1381 4271 1416 4327 nt
1435 4260 1531 4326 motio

170 4361 305 4416 setarum
328 4351 372 4416 sit
394 4347 461 4414 vice
485 4349 623 4432 dioptrae
647 4359 700 4416 sut
721 4352 845 4434 globuli.
891 4351 1033 4419 Ceterum
1056 4356 1242 4416 evanescunt
1265 4371 1319 4414 seu
1341 4351 1455 4431 globuli
1477 4369 1532 4418 seu

168 4459 271 4508 cruces
296 4441 331 4504 in
355 4437 500 4517 tenebris,
524 4447 556 4504 et
578 4442 707 4512 candela
729 4442 853 4505 admota
875 4441 958 4507 visne
986 4441 1157 4522 impeditur.
1203 4439 1334 4519 Propter
1360 4440 1435 4504 baec
1465 4457 1532 4504 cum

166 4530 326 4601 neruine
355 4536 421 4599 lum
450 4528 481 4591 in
509 4530 720 4596 remotioribus
748 4529 873 4610 dioptris
901 4531 1105 4606 incommode,
1139 4529 1223 4592 nulla
1252 4529 1387 4609 Tycbom
1410 4529 1531 4594 Brabeu

164 4620 229 4687 visa
252 4629 306 4687 est
329 4616 503 4702 expeditior
525 4619 697 4685 collimandi
719 4619 797 4685 retio
823 4628 893 4700 post
916 4621 1086 4684 diuturnum
1117 4637 1222 4688 usum,
1255 4635 1344 4698 quarn
1367 4637 1422 4698 per
1445 4618 1531 4683 binae

161 4707 395 4794 inquamlibet
418 4705 540 4770 stellam
564 4708 695 4773 directas
721 4709 816 4772 lineas
848 4707 1028 4790 parallelas,
1062 4704 1206 4786 adhibitis
1238 4705 1277 4770 ad
1305 4706 1392 4770 binas
1422 4707 1530 4795 stellas

159 4801 239 4871 binis
270 4795 554 4866 observatoribus:
593 4804 624 4858 et
651 4797 738 4865 oculo
771 4798 932 4879 singulari,
965 4805 1014 4860 tot
1044 4793 1214 4864 nominibus
1244 4795 1402 4868 insidioso.
1439 4797 1528 4877 plene
