3652 5532
381 273 446 342 706
858 275 897 326 De
916 277 994 328 Stella
1012 275 1084 328 Nora
1102 276 1252 342 Serpsotarii

381 464 453 520 ante
477 455 607 518 Saturne
630 454 737 517 Jovem
761 455 861 517 luerat
885 462 1043 518 assecuta:
1073 462 1105 517 et
1128 455 1205 536 quod
1229 475 1415 540 summopere
1445 453 1649 519 admirandum
1667 461 1708 526 est

382 552 504 627 praeter
528 553 574 606 tot
597 551 627 604 et
650 551 738 604 tauta
762 564 850 606 casus
874 545 1011 618 ludibria,
1038 551 1135 608 ortam
1159 545 1279 624 insuper
1303 565 1337 606 eo
1362 547 1427 626 ipso
1447 547 1525 620 loco,
1551 563 1634 626 quem
1654 563 1710 606 con-

382 643 474 696 ventu
503 633 621 713 Jupiter
653 641 684 694 et
714 633 798 694 Mars
839 634 1080 713 frequentabant.
1137 633 1231 714 Cujus
1261 635 1305 696 rei
1337 635 1544 698 consideratio
1575 639 1711 714 sequentes

383 732 509 805 quatuor
531 723 698 787 sententias
728 722 814 784 nobis
847 724 1021 804 suppeditat
1054 723 1259 786 excutiendas.
1306 725 1408 786 Prima
1431 736 1480 785 est
1504 723 1711 802 astrologorum,

383 814 521 892 quicum
554 820 701 873 cometam
734 812 878 874 oriturum
910 831 1011 874 mense
1039 811 1165 874 Octobri
1197 813 1266 874 anni
1292 811 1384 878 1604.
1420 815 1510 892 longe
1546 821 1616 875 aute
1641 831 1711 891 prae-

382 893 559 976 dixissent,'
579 907 614 966 nt
637 901 782 961 Mollerus
805 909 836 963 et
859 901 1020 974 Krabbus,
1046 901 1111 981 jam
1141 901 1276 964 omnibus
1301 905 1399 965 nervis
1429 903 1630 972 contendunt,
1652 900 1712 979 quod

382 991 551 1070 conjunctio
566 1008 677 1069 magna
692 991 779 1052 trium
802 991 991 1070 planetarum
1010 992 1194 1070 superiorum
1214 991 1304 1054 luerit
1323 1011 1416 1054 causa
1438 991 1628 1072 progenitrix
1644 989 1713 1066 hujus

382 1079 500 1142 sideris.
548 1077 616 1149 Quo
640 1096 783 1140 concesso
806 1098 911 1159 parom
935 1088 1030 1141 restat
1055 1080 1133 1160 qood
1157 1080 1281 1156 mireris,
1308 1102 1364 1143 nou
1388 1081 1485 1160 magis
1511 1101 1550 1141 ac
1574 1077 1713 1142 siderium

383 1188 486 1232 mense
517 1176 587 1248 post
618 1187 702 1229 meas
739 1169 859 1248 nuptias
891 1169 964 1230 mihi
1001 1176 1176 1230 nasceretur
1204 1169 1291 1232 filins.
1347 1172 1461 1232 Verum
1491 1171 1646 1249 quominus
1673 1167 1713 1226 hec

382 1257 546 1336 astrologis
568 1257 668 1336 possit
690 1258 822 1332 concedi,
847 1258 976 1320 immane
1001 1267 1142 1337 quantum
1163 1258 1275 1320 obstat.
1323 1260 1434 1321 Verbis
1458 1257 1570 1340 quippe
1595 1257 1714 1318 simulant

383 1346 589 1425 generationis
619 1355 717 1407 actum
748 1347 934 1420 naturalem
966 1347 1087 1426 reipsa
1111 1365 1166 1408 nec
1194 1347 1274 1409 viam
1305 1348 1452 1415 iudicant,
1486 1367 1550 1427 qua
1573 1347 1620 1408 via
1642 1365 1713 1407 causa

382 1436 465 1498 dicta
487 1435 669 1515 processerit
692 1434 730 1497 ad
754 1435 832 1497 huuc
855 1437 1003 1510 effectum,
1028 1455 1082 1510 nec
1106 1437 1229 1498 effectus
1253 1439 1400 1500 naturalis
1424 1457 1550 1499 causcm
1574 1435 1714 1498 ostendunt

383 1526 568 1598 naturalem3
593 1543 668 1603 quae
692 1525 792 1586 omnia
816 1525 994 1604 explicanda
1016 1525 1102 1587 nobis
1126 1535 1205 1588 sunt.

471 1613 547 1674 Huic
571 1613 661 1692 igitur
685 1614 904 1694 astrologorum
929 1615 1097 1676 sententiae
1121 1621 1311 1693 opponuntur
1333 1615 1465 1676 secunda
1489 1622 1523 1676 et
1545 1615 1635 1676 tertia
1656 1613 1713 1692 phy·

384 1703 521 1776 sicerum,
547 1702 646 1764 altera
669 1703 758 1764 alteri
780 1703 941 1766 contrarie.

470 1791 549 1854 Nam
573 1791 622 1870 qui
645 1799 715 1853 sunt
738 1800 826 1854 acuto
854 1790 974 1872 ingenio
1002 1790 1132 1872 praediti
1158 1791 1333 1872 pallentque
1366 1791 1512 1854 facultate
1548 1789 1714 1870 conjectandi

384 1899 492 1944 causas
516 1899 613 1942 rerum
637 1881 772 1942 occultas
794 1899 831 1942 ex
850 1881 913 1944 sais
931 1881 980 1942 vel
1004 1881 1159 1942 effectibus
1179 1880 1225 1940 vel
1254 1882 1357 1960 siguis,
1384 1900 1443 1960 qua
1462 1881 1584 1960 quidem
1598 1879 1713 1941 methodo

387 1970 526 2032 universa
553 1968 761 2049 philosophia,
794 1970 954 2050 praecipue
978 1969 1152 2031 coelestium
1181 1969 1336 2042 doctrina,
1369 1969 1492 2032 inventa
1517 1980 1552 2031 et
1575 1970 1714 2032 constituta

386 2067 450 2120 est:
476 2057 522 2118 his
547 2077 596 2118 res
619 2059 679 2119 ista
703 2059 822 2120 uidetur
846 2059 1042 2120 admiratione
1065 2059 1164 2138 digna.
1202 2057 1281 2122 Nam
1306 2059 1363 2120 etsi
1387 2078 1425 2120 ex
1447 2059 1499 2120 illo
1520 2061 1588 2138 jam
1609 2057 1729 2137 repetito¹

386 2147 679 2210 circumstantiarum
712 2167 819 2208 acervo
853 2149 999 2228 quaedam
1031 2147 1219 2221 coincidunt,
1253 2167 1308 2209 neo
1338 2149 1426 2208 valde
1455 2148 1584 2221 mirum,
1615 2149 1639 2206 si
1662 2143 1713 2206 oriri

385 2237 490 2298 debuit
511 2236 568 2296 hec
592 2235 675 2298 sidus
703 2243 837 2316 tempore
870 2236 1088 2316 conjunctionis
1120 2253 1263 2315 maguae,
1297 2245 1394 2299 ortam
1423 2257 1491 2298 esse
1516 2246 1551 2299 et
1578 2233 1712 2312 astrologis

384 2325 504 2387 stellam
541 2324 781 2406 mutationesque
814 2325 998 2388 universales
1030 2325 1272 2405 praedicentibus
1303 2335 1334 2387 et
1360 2327 1450 2405 vulgo
1485 2325 1635 2388 hominnm
1655 2341 1712 2384 nora

384 2415 480 2476 multa
503 2413 759 2492 exspectantibus,
784 2416 853 2495 quia
875 2415 981 2493 vulgus
998 2415 1036 2476 ab
1060 2415 1222 2492 astrologis
1245 2413 1405 2490 modernis,
1431 2417 1581 2494 astrologi
1605 2411 1711 2475 moderni

385 2523 421 2564 ex
446 2501 630 2564 astronomia
653 2503 690 2564 de
714 2505 832 2582 trigono
860 2505 961 2583 igneo,
993 2523 1030 2566 ex
1054 2504 1137 2566 libris
1161 2504 1296 2566 Arabum
1320 2505 1356 2564 de
1381 2505 1445 2584 ejus
1475 2507 1587 2566 ellectu
1619 2506 1711 2564 luemot

385 2591 547 2654 admoniti:
571 2599 604 2652 ut
627 2592 671 2654 ita
694 2592 770 2655 haec
789 2594 856 2654 sola
871 2595 911 2654 sit
934 2593 1081 2674 quaestio,
1106 2611 1158 2654 cor
1179 2593 1261 2654 sidus
1281 2593 1337 2655 hoc
1360 2601 1493 2675 tempore
1518 2591 1710 2672 conjunctionis

384 2699 512 2762 magnae
533 2681 622 2742 fuerit
641 2691 758 2744 ortum:
783 2683 858 2744 haec
873 2682 972 2761 igitur,
996 2682 1055 2743 etsi
1078 2684 1124 2746 sic
1142 2682 1208 2760 jure
1226 2683 1333 2744 merito
1356 2683 1538 2756 coincidunt,
1564 2684 1617 2743 illa
1633 2692 1709 2740 tameo

384 2771 466 2832 nulla
490 2771 690 2846 necessitate,
719 2789 829 2852 magna
853 2791 923 2832 vero
947 2771 1108 2832 etiamnum
1133 2771 1330 2833 admiratione
1358 2772 1630 2852 corijungabantur‚
1651 2767 1709 2847 quod

388 2861 479 2922 stella
502 2860 576 2922 haec
600 2879 658 2922 noa
682 2867 800 2922 tautum
824 2860 853 2922 io
873 2861 920 2920 die
944 2860 1162 2940 conjunctionis
1184 2879 1313 2938 magnae
1336 2861 1393 2922 luit
1412 2871 1488 2937 orta,
1513 2861 1568 2922 sed
1593 2861 1673 2921 etiarn
1691 2857 1710 2916 iu

385 2951 438 3011 illo
461 2949 616 3028 ipso=laco
647 2967 826 3028 congressas
854 2951 1051 3030 planetarum.
1097 2949 1201 3010 Habet
1222 2949 1278 3010 hoc
1306 2948 1419 3029 aliquid
1443 2952 1471 3011 io
1496 2969 1618 3013 recessu
1640 2947 1710 3009 multo

386 3037 540 3099 sublimius
563 3037 659 3117 prima
681 3039 735 3100 illa
758 3039 977 3118 astrologorum
1001 3037 1148 3117 opinione.
1194 3037 1271 3100 Esto
1295 3037 1383 3114 euim,
1408 3051 1439 3100 ut
1459 3041 1552 3101 stella
1575 3037 1709 3100 secundun

386 3135 512 3188 naturae
536 3126 615 3187 viam
639 3127 680 3188 sit
702 3127 830 3206 genuina
858 3127 1076 3207 conjunctionis
1108 3146 1234 3208 maguae
1263 3127 1397 3204 soboles,
1432 3129 1502 3210 quid
1531 3127 1629 3207 coegit
1650 3126 1709 3186 illam

388 3216 417 3277 in
433 3215 652 3294 conjunctionis
675 3215 755 3278 illius
774 3216 884 3279 risibili
905 3218 970 3278 loco
994 3217 1181 3278 consistere?
1203 3217 1282 3279 Nam
1301 3219 1448 3299 exempla,
1472 3237 1510 3280 ex
1530 3217 1634 3298 quibus
1647 3229 1708 3274 sunu

389 3303 535 3382 astrologi
559 3304 678 3366 axioma
700 3305 895 3384 collegerunt,
920 3305 996 3368 talia
1009 3306 1092 3368 nulla
1106 3313 1184 3368 suut.
1223 3303 1434 3377 Quaerendum
1449 3307 1541 3386 igitur
1560 3304 1709 3368 existimant

388 3393 607 3472 conjecturales
630 3392 698 3468 isti,
727 3412 793 3455 cum
816 3414 938 3456 causam
967 3394 1112 3474 astrologi
1136 3395 1246 3456 nullam
1276 3395 1421 3469 dixerint,
1450 3415 1525 3477 quae
1550 3395 1708 3474 igiturne

389 3501 482 3543 causa
510 3481 600 3543 inerit
627 3489 690 3543 tam
723 3483 907 3546 admirabilis
939 3484 1175 3564 congruentiae?
1207 3484 1461 3547 Percellit·eoim
1491 3486 1601 3546 mentis
1631 3481 1708 3544 ocules

339 3617 344 3622 -
389 3578 476 3633 tauta
499 3571 695 3641 concinnitas,
720 3579 823 3634 tantus
847 3572 937 3634 ordo:
961 3581 995 3634 ut
1018 3573 1136 3634 omniuo
1159 3573 1297 3635 videatur
1319 3593 1376 3635 noa
1395 3593 1484 3636 casus
1508 3583 1620 3636 temere
1641 3571 1707 3630 ober-

387 3659 525 3722 rantibus
551 3660 724 3736 ludibrium,
749 3662 802 3722 sed
827 3662 951 3724 rationis
975 3662 1161 3740 disponentis
1189 3669 1283 3743 opus;¹
1313 3681 1365 3725 seu
1389 3663 1520 3725 creatrix
1543 3663 1596 3725 illa
1617 3661 1653 3721 sit
1671 3673 1707 3718 seo

388 3749 488 3812 mundi
511 3751 679 3812 machinam
704 3759 799 3812 totam
823 3752 991 3831 pervadens
1015 3751 1146 3832 spiritus,
1173 3753 1268 3832 quiet
1285 3752 1503 3831 conjunctionis
1528 3747 1706 3832 apparentiam

389 3839 418 3900 iu
434 3839 536 3900 Terris
559 3838 670 3901 viderit
686 3847 716 3900 et
735 3840 897 3902 secundnm
921 3840 998 3901 hanc
1021 3841 1105 3902 sidus
1128 3840 1184 3903 hoc
1199 3842 1228 3903 iu
1250 3859 1362 3902 summo
1386 3841 1508 3904 aethere
1532 3834 1706 3921 progenuerit·

476 3927 635 3991 Attenia
666 3929 765 4009 opinio
795 3929 986 4011 physicarum
1009 3938 1040 3990 et
1063 3930 1129 4010 ipsa
1152 3949 1210 3992 nou
1237 3937 1354 3992 tautum
1387 3932 1558 4010 astrologos
1590 3922 1705 4005 explodit

384 4018 442 4078 sed
466 4016 522 4078 hos
545 4019 637 4079 etiarn
660 4019 878 4099 conjecturales
901 4018 988 4091 ridet,
1014 4019 1114 4080 omnia
1136 4017 1198 4081 ista
1220 4020 1302 4082 casui
1326 4019 1491 4082 vindicans.
1538 4020 1604 4082 Neo
1627 4029 1705 4076 omues

390 4116 489 4168 tamea
513 4107 618 4168 eodem
642 4108 729 4169 medo
753 4107 917 4187 disputant.
965 4106 1095 4178 Quidam
1123 4109 1213 4172 animi
1241 4109 1341 4188 gratia
1364 4108 1486 4189 Epicuri
1514 4103 1704 4188 philosophiam

391 4194 528 4276 quaesita
561 4195 817 4258 verisimilitudine
855 4197 1033 4273 detendunt,
1072 4198 1176 4278 quibus
1208 4217 1266 4260 non
1298 4198 1359 4259 ista
1394 4205 1510 4260 tautam
1541 4187 1705 4276 congruentia

390 4285 515 4346 fortuita
538 4292 601 4358 est,
637 4285 690 4347 sed
718 4285 784 4366 ipsa
816 4286 907 4348 etiam
939 4286 1029 4348 stella
1052 4305 1090 4348 ex
1118 4288 1226 4350 atomis
1257 4287 1410 4350 confluxit.
1458 4285 1516 4357 Qui
1545 4283 1661 4368 quaesiti
1679 4278 1704 4337 dt

390 4392 491 4447 causa,
516 4391 567 4435 cur
589 4375 672 4436 locus
696 4375 803 4436 sideris
827 4394 891 4436 cum
915 4381 1047 4456 tempore
1071 4383 1134 4436 tam
1157 4377 1279 4456 pulchre
1308 4384 1466 4456 congruat,
1491 4377 1529 4437 ad
1552 4383 1702 4438 tesseramu

387 4463 489 4540 jactus
513 4471 685 4542 provocant,
711 4462 739 4524 in
764 4464 877 4526 infinito
902 4483 969 4526 esse
988 4465 1087 4526 omnia
1110 4471 1274 4527 mouentes.
1313 4464 1446 4536 Quorum
1468 4484 1585 4528 sensnm
1607 4455 1702 4524 tentabo

392 4550 567 4631 exprimere.
615 4549 683 4614 Sint
707 4552 783 4614 duae
807 4563 955 4627 tesserae,
980 4555 1077 4616 altera
1100 4554 1257 4634 temporis,
1287 4555 1384 4616 altera
1406 4556 1481 4630 loci;
1514 4555 1567 4617 illa
1588 4549 1702 4624 toscona

391 4640 621 4702 innumerabiles
652 4650 817 4722 temporum
849 4643 1022 4706 occasiones
1047 4652 1078 4704 et
1100 4644 1179 4706 inter
1202 4645 1257 4706 has
1285 4644 1376 4705 etiam
1399 4663 1488 4705 unam
1518 4632 1701 4724 conjunctionis

393 4745 518 4806 magnae
542 4730 571 4790 in
596 4731 718 4792 exordio
741 4731 928 4810 triplicitatis
956 4733 1080 4810 igneae;
1110 4733 1184 4795 haec
1208 4733 1351 4814 insignita
1379 4733 1626 4796 innumerabilium
1646 4719 1700 4786 coeli

394 4815 524 4878 locorum
553 4819 793 4895 characteribus,
831 4839 905 4900 quos
935 4820 1014 4882 iuter
1045 4841 1119 4882 unus
1152 4824 1244 4884 etiam
1276 4823 1317 4884 sit
1348 4823 1563 4902 conjunctionis
1592 4829 1698 4895 magnet-

591 4937 601 4974 Ι
