3694 5528
305 265 371 333 518
914 264 1055 317 nausson.

305 450 339 505 nt
362 441 466 504 multis
494 460 552 503 non
584 441 695 521 ingenii
728 441 878 502 hebetudo
906 441 961 502 sed
989 441 1122 503 doctoris
1153 443 1241 522 culpa
1273 443 1483 523 impedimento
1507 441 1566 516 sit,
1601 460 1662 523 qno

306 533 404 593 minda
428 531 542 608 scripta
565 537 595 590 et
618 530 826 592 demonstrata
849 529 1039 610 percipiant:
1064 530 1107 590 eie
1134 531 1225 608 igitur
1252 540 1286 591 ut
1304 531 1489 592 consulerem
1512 531 1663 610 quaedam

306 619 354 681 hic
378 619 488 680 tradidi
513 617 642 690 brevius,
666 610 903 697 alia'prolixius,
930 619 1073 680 nonnulla
1096 619 1165 679 aliis
1188 618 1288 680 verbis
1311 620 1448 700 concepi;
1471 619 1662 681 definitiones

306 708 517 774 terminorum.
547 725 621 786 quos
645 725 754 786 usurpo
778 708 962 786 geometrica
985 707 1143 781 libertate,
1178 708 1317 771 continuo
1341 727 1462 771 numero
1484 709 1564 770 inter
1586 725 1661 787 pro-

306 795 473 878 positiones
505 794 680 875 opportunis
708 796 782 858 locis
820 797 975 870 recensui;
1012 796 1168 858 schemata
1205 797 1295 876 (quae
1332 805 1403 858 sunt
1438 805 1661 876 geometrarum

305 883 453 964 genuinae
484 884 605 957 literae)
638 883 725 963 plura
757 884 870 946 addidi.
926 882 995 956 Qua
1025 902 1117 964 opera
1146 883 1173 945 si
1205 903 1264 945 non
1294 903 1411 947 omnem
1443 885 1661 948 obscuritatem

305 972 425 1046 sustuli,
452 990 540 1051 spero
564 971 770 1050 philosophiae
795 972 947 1036 studiosos
961 972 1171 1058 imbecillitati
1195 991 1279 1034 meae
1304 973 1416 1054 aliquid
1439 974 1660 1035 condonaturos

305 1078 485 1140 operamque
508 1061 586 1122 hanc
610 1059 679 1122 boui
703 1062 901 1123 consulturos.
1441 1099 1443 1106 ,

394 1149 487 1210 Porro
513 1148 542 1209 in
566 1149 643 1210 hanc
676 1167 777 1210 curam
800 1168 835 1210 eo
864 1149 1053 1230 potissimum
1083 1155 1218 1227 tempore
1251 1147 1385 1222 incubui,
1418 1167 1475 1228 quo
1508 1148 1661 1228 ingenium

304 1257 401 1299 meum
426 1235 612 1298 lamentabili
643 1238 770 1318 quodam
804 1238 914 1317 frigore
947 1245 1070 1316 torpens
1088 1230 1128 1310 ¹³)
1161 1235 1216 1299 Sol
1246 1237 1537 1300 munificentissimus
1566 1255 1659 1318 prae-

306 1325 422 1388 sentiae
446 1323 530 1388 Rm·
558 1332 589 1386 et
612 1323 671 1388 8⁸⁰·
696 1324 750 1388 0¹⁸·
786 1328 867 1388 Tuae
896 1326 1110 1400 concalescat,
1145 1325 1437 1405 clementissimaque
1469 1325 1545 1405 Ejus
1578 1326 1658 1388 allo-

303 1414 374 1494 quia
398 1422 429 1474 et
457 1414 595 1476 hortatus
627 1414 724 1476 crebri
752 1415 845 1477 veluti
869 1414 1035 1478 Mercurius
1068 1414 1176 1494 aliquia
1200 1433 1215 1474 e
1240 1433 1344 1476 somno
1372 1415 1559 1488 excitarunt;
1583 1411 1659 1494 Ejus

303 1503 431 1582 denique
465 1502 671 1564 mathematici
700 1510 732 1564 et
760 1503 936 1566 cubicularii
965 1501 1073 1565 nobilis
1096 1502 1135 1564 D.
1159 1503 1287 1564 loannis
1311 1501 1518 1564 Zuclrmasseri
1546 1502 1658 1582 jucun-

302 1590 428 1652 dissima
452 1589 540 1652 simul
561 1599 591 1651 et
610 1591 853 1670 ingeniosissima
876 1593 1118 1654 machinamenta
1137 1591 1292 1652 manuario
1315 1592 1515 1670 vitrorumqne
1539 1591 1658 1669 expoli-

302 1680 399 1742 tiones
430 1679 712 1754 artificiosissimaa,
745 1681 851 1760 quibus
882 1680 922 1744 R.
947 1679 980 1743 S.
1006 1677 1041 1742 Ο.
1067 1681 1162 1742 wem
1189 1680 1310 1741 mirillce
1339 1680 1484 1741 delectari
1508 1678 1659 1753 videbam,

302 1769 342 1830 ad
365 1768 498 1847 ejusdem
532 1769 622 1830 veluti
653 1769 744 1830 officii
776 1768 1006 1831 aemulationem
1037 1775 1249 1848 provocarunt.
1267 1763 1307 1840 ¹⁹)
1362 1765 1479 1837 Quodsi
1515 1787 1562 1828 me
1598 1786 1658 1830 non

302 1857 492 1934 impellerent
520 1856 576 1916 hae
608 1856 777 1935 singulares
808 1875 918 1920 causae
942 1858 982 1917 ad
1003 1857 1178 1936 Dioptricen
1212 1857 1288 1918 hanc
1322 1875 1417 1916 meam
1442 1855 1480 1917 R.
1505 1863 1536 1932 et
1559 1853 1594 1918 S.
1620 1851 1657 1918 0.

301 1945 384 2006 Tuae
409 1943 624 2006 dedicandam:
649 1953 719 2006 tunc
745 1945 792 2008 vel
815 1946 882 2008 sola
905 1944 959 2007 illa
976 1943 1006 2008 in
1030 1963 1144 2024 genere„
1164 1944 1325 2018 sufficeret,
1349 1945 1428 2024 quod
1452 1943 1657 2005 mathematici

302 2032 411 2108 libelli,
436 2040 469 2094 ut
497 2033 604 2094 remoti
626 2054 645 2094 a
668 2034 750 2112 vulgi
783 2040 874 2112 captu
897 2051 991 2114 eoque
1015 2033 1173 2108 contemti,
1206 2032 1316 2098 nemini
1349 2031 1461 2094 rectius
1485 2032 1657 2106 offeruntur,

303 2139 391 2200 quarn
415 2120 466 2202 qui
490 2121 526 2182 de
550 2120 610 2181 illis
634 2121 772 2200 judicare
800 2128 929 2202 possunt
938 2140 948 2196 ;
982 2140 1055 2201 quoe
1080 2121 1144 2182 aeri
1171 2119 1291 2200 ingenio
1315 2143 1334 2182 a
1356 2129 1466 2182 natura
1494 2120 1659 2182 instructos

302 2226 386 2270 amor
416 2207 626 2287 philosophiae
655 2217 688 2270 et
717 2209 874 2272 meditatio
905 2210 943 2270 ad
979 2209 1146 2289 perlectam
1182 2209 1287 2270 barum
1320 2227 1417 2270 rernm
1457 2209 1658 2284 cognitionem

301 2296 449 2375 provexit.
498 2293 567 2366 Qua
590 2297 622 2358 in
645 2298 817 2376 cognitione
841 2317 910 2359 num
934 2315 1021 2377 quem
1043 2297 1121 2359 inter
1145 2297 1301 2377 Principes
1326 2297 1418 2360 Viros
1441 2298 1498 2359 hoc
1521 2307 1657 2378 tempore

301 2403 405 2464 parem
428 2384 552 2460 habeas,
575 2384 789 2467 incompertum
813 2385 885 2448 mihi
908 2393 973 2448 est:
1003 2385 1084 2448 inter
1105 2387 1294 2466 professores
1317 2396 1399 2448 certe
1423 2385 1655 2460 academiarum,

302 2473 351 2553 qui
374 2471 443 2534 huic
461 2472 575 2552 judicio
598 2493 688 2554 pares
711 2474 782 2548 sint,
806 2473 964 2555 pauciores
987 2473 1185 2554 reperiuntur,
1211 2493 1299 2554 quarn
1322 2492 1360 2536 ex
1383 2493 1438 2536 usu
1461 2473 1513 2536 sit.

390 2559 508 2632 Quodsi
539 2563 622 2625 nulla
652 2563 681 2625 in
713 2562 900 2627 creberrimis
931 2562 1073 2625 librorum
1106 2561 1345 2624 dedicationibus
1374 2562 1524 2625 focatiora
1552 2572 1657 2624 essent

300 2657 494 2730 patronorum
518 2650 667 2728 encomia,
700 2671 788 2732 quam
812 2659 881 2714 sunt
904 2651 982 2728 ista,
1013 2651 1102 2712 credo
1125 2651 1224 2726 fidem,
1249 2669 1336 2731 quam
1360 2651 1440 2714 circa
1462 2659 1655 2732 patronorum

300 2740 428 2802 virtutes
460 2739 523 2800 fere
554 2741 738 2803 decoxerunt
768 2738 988 2815 dedicationes,
1023 2739 1106 2801 brevi
1138 2747 1354 2802 restaurarent.
1401 2739 1503 2820 Atque
1537 2758 1591 2818 ego
1626 2739 1656 2800 in

299 2828 377 2889 hunc
401 2827 498 2908 ipsum
528 2827 616 2891 linem
647 2830 829 2910 supersedeo
861 2829 990 2908 reliquas
1014 2827 1064 2904 (ut
1085 2829 1150 2890 lieri
1177 2827 1256 2890 solet
1278 2827 1309 2890 in
1338 2827 1593 2902 dedicationibus)
1615 2827 1655 2891 R.

300 2924 332 2977 et
361 2913 395 2979 S.
432 2913 468 2978 0.
509 2917 591 2979 Tuae
624 2937 857 2981 commemorare
891 2917 1035 2991 virtutes,
1068 2937 1105 2978 ue
1137 2925 1221 2978 sutor
1253 2917 1334 2978 ultra
1362 2917 1516 2997 crepidam
1548 2932 1656 2996 sapere

299 3003 377 3066 velle
402 3004 513 3068 videar.

388 3092 435 3153 De
459 3101 559 3156 cetero
583 3112 640 3155 non
666 3092 756 3154 aliam
786 3093 892 3156 lectori
924 3092 1075 3173 suspendo
1105 3091 1266 3168 hederam,
1298 3110 1386 3170 quam
1410 3100 1444 3154 ut
1468 3089 1495 3154 el
1519 3091 1656 3165 indicem,
1770 3165 1771 3170 γ

299 3179 432 3243 libellum
456 3201 474 3241 a
498 3181 553 3242 tali
577 3181 710 3262 principe
734 3183 959 3262 comprobatum
989 3181 1141 3261 lucemque
1166 3180 1266 3242 videre
1291 3180 1420 3258 jussum.
1465 3179 1508 3242 Et
1527 3179 1592 3260 jam
1616 3179 1656 3242 R.

301 3274 333 3329 et
365 3267 399 3329 S.
434 3265 468 3331 O.
502 3269 562 3329 Tu·
596 3288 642 3330 me
675 3269 897 3348 subjectissime
929 3270 1115 3331 commendo.
1170 3269 1259 3332 Vale.
1300 3265 1366 3331 Cal.
1397 3268 1552 3331 Januariis
1585 3269 1657 3330 anni

302 3355 450 3419 undecimi
473 3357 511 3417 de
536 3357 637 3418 seculo
662 3358 790 3436 septimo
815 3358 948 3421 decimo:
973 3376 1060 3438 quem
1082 3357 1121 3420 R.
1145 3365 1178 3422 et
1200 3358 1234 3420 S.
1256 3355 1292 3420 G.
1311 3357 1371 3418 Tu
1396 3358 1603 3421 felicissimum
1627 3359 1657 3420 in

301 3443 528 3525 gubernatione,
554 3445 771 3525 insapientiae
791 3447 901 3522 studio,
922 3446 1010 3528 inque
1028 3447 1162 3526 corporis
1182 3447 1294 3508 tuenda
1315 3448 1447 3510 sanitate
1471 3437 1656 3527 comprecor.

615 3585 897 3650 Reverendissimae
921 3595 953 3649 et
976 3585 1194 3650 Serenisslmae
1220 3585 1255 3649 C.
1279 3587 1339 3648 T···

853 3728 1076 3792 Devotissimne

1096 3865 1129 3930 S.
1156 3865 1189 3930 C.
1214 3867 1306 3931 ΜΨ·
1328 3867 1568 3932 Mathematicus

1166 3993 1309 4060 Jocaaea
1330 3991 1500 4078 Kepleraa
