3648 5530
667 313 783 366 area
802 315 1042 368 aurorane·
1075 332 1097 363 .·
1459 315 1526 389 2109

166 487 500 573 pumtuebtuueact.
547 491 642 565 Puto,
676 499 708 552 te
734 491 851 570 jacenti
878 491 1037 572 ignoscere
1060 491 1157 562 velle,
1193 493 1294 572 itaqua
1318 501 1350 554 te
1373 495 1526 557 oonadtao

165 579 349 639 exactorem.
373 575 513 657 'JSurlrtus
529 579 658 642 fabrices
682 575 747 664 lpse
771 579 920 653 refundat,
947 587 978 642 tu
1001 580 1112 642 vitrum
1136 599 1173 641 ex
1198 588 1251 641 tua
1275 590 1375 642 mente
1398 583 1524 646 fabrica.

253 663 339 738 Quae
374 667 437 736 etia
471 669 613 732 monuisti
646 669 867 750 deprecationis
892 669 1028 750 specioso
1054 675 1158 758 gestu,
1193 669 1372 738 civilitatem
1401 671 1525 734 demon-¹

166 761 279 828 straus,
304 775 340 816 ea
363 775 455 835 supra
478 777 575 819 meum
600 756 890 837 Germanioaptunr
915 767 1003 831 sunt,
1027 777 1121 837 eoque
1145 759 1304 837 ignosces,
1329 759 1407 839 quod
1431 762 1524 834 rideo,

167 843 240 906 Uuo⁵
260 844 370 912 verbo,
395 845 420 905 'si
442 846 518 908 nilril
542 847 690 908 munisti
704 855 822 909 'eastra
845 847 1008 921 Horlrium,
1034 847 1171 925 gratulor
1193 848 1326 927 utrique,
1351 848 1425 910 mihi
1448 868 1525 928 gau-

165 931 244 1006 deo;
278 933 323 994 sin
349 939 396 996 est
421 933 533 1016 aliquid
559 933 719 1012 excusum,
741 951 809 1016 Jure
832 941 885 995 tuo
909 953 980 996 usus
1006 955 1058 1008 es,
1082 952 1139 995 non
1161 936 1279 1006 ‘habea
1305 937 1383 1015 quod
1408 952 1525 1017 querar,

164 1019 224 1084 nisi
249 1022 327 1102 quod
352 1041 414 1094 oro,
439 1025 607 1103 exemplum
631 1024 747 1088 mittas.
795 1023 886 1085 Vale.
920 1023 1038 1106 Pragae
1064 1019 1094 1088 9.
1118 1023 1190 1086 Jau.
1211 1021 1302 1088 tort.
1331 1030 1364 1096 (v.
1378 1049 1398 1084 a.
1411 1049 1436 1101 p.
1450 1031 1525 1098 460.)

251 1127 348 1178 Mem
366 1129 441 1179 editio
459 1129 603 1180 Florentino
620 1129 720 1180 exhibet
738 1127 807 1190 (Vel.
820 1129 865 1179 vl.
885 1145 910 1192 p.
928 1127 990 1190 tot)
1009 1129 1094 1180 litem
1111 1129 1215 1192 Kepteri
1235 1127 1267 1192 (r.
1281 1126 1319 1192 d.)
1339 1131 1524 1188 adcurassis

161 1198 247 1258 duae,
266 1199 293 1248 in
310 1199 397 1262 quibua
414 1200 538 1264 Keplerns
556 1203 706 1251 matiam
724 1215 796 1252 nana
816 1202 899 1252 nddtc
917 1201 947 1252 de
967 1200 1042 1252 sieri
1062 1200 1189 1259 ,Dianela
1213 1203 1398 1260 wacena.
1422 1203 1449 1255 iu
1473 1217 1524 1268 qua

161 1269 255 1320 Nuntii
272 1269 378 1333 Siderei
395 1286 478 1322 mmor
494 1273 527 1322 de
546 1269 563 1319 l
581 1273 689 1336 planetis
713 1287 792 1322 vanua
819 1272 954 1324 redditur-⁸⁸
991 1272 1096 1328 revoat.
1123 1273 1220 1336 inquit.
1238 1272 1329 1330 stem
1350 1275 1376 1324 in
1394 1273 1524 1336 Hostium,

159 1355 188 1390 ra
207 1342 263 1406 ipra
280 1357 337 1391 vero
364 1343 441 1392 rideri
460 1344 486 1392 iu
503 1343 591 1392 Her-kil
618 1340 769 1396 senientiam
796 1344 872 1394 abire.
911 1344 1026 1408 Allegare
1053 1343 1128 1407 ipatus
1153 1342 1280 1409 (Kaplerl)
1307 1345 1401 1411 souipta
1422 1345 1522 1396 honori·

160 1419 331 1472 licentiantes.
370 1419 575 1474 Contumeliosus
594 1439 621 1475 se
639 1425 699 1474 nihil
723 1423 926 1489 deprehendisse,
954 1437 1029 1488 quarn
1051 1424 1128 1472 verba
1148 1424 1224 1474 tituli.
1265 1417 1364 1490 Talia,
1396 1425 1524 1478 concludit

159 1509 292 1574 Kupterne,
317 1501 436 1564 libellus
461 1503 588 1582 videtur,
614 1505 663 1590 qul
687 1513 718 1568 et
741 1505 804 1566 eine
829 1504 966 1564 veritatis
986 1502 1110 1584 jactura
1133 1505 1255 1585 negligi,
1280 1512 1311 1566 et
1335 1505 1423 1567 salva
1445 1523 1520 1586 gra-

159 1589 259 1651 vitate
283 1591 337 1652 viri
361 1592 476 1654 cordati
501 1592 598 1654 refelli
621 1594 739 1673 publice
764 1591 876 1673 possit,
900 1592 926 1654 si
950 1593 1022 1654 talis
1053 1593 1195 1654 refutatio
1224 1593 1406 1673 suscipiatur
1428 1593 1519 1662 iusti-

159 1679 265 1742 tuendi
288 1699 381 1742 eausa
399 1680 540 1760 juvenem
564 1701 621 1744 non
646 1703 718 1756 sanc
742 1683 861 1750 malum,
886 1701 941 1744 nec
965 1681 1117 1748 indoctum
1140 1680 1355 1761 impertrare.

249 1776 290 1826 De
308 1775 414 1828 Veneris
432 1777 550 1842 phasltm
568 1778 632 1829 haee
651 1780 732 1830 adult:
774 1772 939 1850 Inopinata
960 1769 1031 1840 mihi
1056 1771 1273 1850 quodammodo
1303 1772 1361 1834 fuit
1383 1782 1438 1835 tna
1461 1771 1519 1835 et·

159 1859 304 1921 servatio.
351 1859 431 1922 Nam
455 1867 579 1940 propter
601 1859 753 1942 ingentem
777 1860 949 1923 claritatem
973 1857 1102 1920 Veneria
1127 1859 1286 1942 opinabar,
1310 1862 1464 1942 proprium
1488 1861 1517 1922 in

159 1947 216 2022 illa
238 1948 335 2010 lumen
359 1947 468 2010 inesse.
516 1949 623 2030 Itaque
647 1951 771 2013 multum
795 1968 910 2013 mecum
933 1949 1078 2024 meditor,
1108 1947 1187 2030 quali
1212 1949 1368 2030 superficie
1397 1951 1518 2036 globum

158 2037 238 2098 hunc
262 2044 400 2119 oporteat
423 2056 491 2103 esso
520 2037 699 2116 praeditum.
746 2039 873 2114 Mirum,
903 2037 960 2100 nial
985 2036 1118 2120 Cynthia
1147 2045 1215 2104 tota
1237 2057 1331 2107 aurea
1350 2047 1420 2116 ast,
1454 2047 1519 2116 aut,

161 2126 242 2206 quod
264 2125 295 2185 in
319 2126 534 2187 Fundamentis
557 2125 760 2207 Astrologicia
784 2127 854 2199 diri,
880 2127 1035 2188 electrina.
1087 2135 1158 2196 (vul.
1176 2135 1198 2186 1.
1214 2151 1242 2199 p.
1261 2132 1334 2197 426.)

251 2213 353 2294 Atque
376 2214 431 2276 illa
452 2222 492 2290 te,
519 2215 576 2277 nisi
600 2215 709 2278 tetrico
732 2215 816 2281 vultu
841 2216 1002 2290 aversaris,
1025 2215 1134 2281 blande
1159 2217 1311 2299 respiciat,
1337 2215 1426 2279 Vale.

248 2301 294 2350 His
312 2303 461 2370 interpositis
480 2303 587 2354 redimus
606 2304 639 2354 ad
651 2303 810 2368 praelationis
824 2303 968 2368 Dioptricae
985 2311 1091 2370 partem,
1109 2317 1183 2370 quum
1201 2319 1225 2368 p.
1240 2299 1291 2355 465
1304 2319 1337 2354 sa.
1357 2303 1517 2355 axlrlbuimua

158 2369 305 2495 §ignotaiitf’r
320 2373 352 2423 ed
365 2375 456 2425 rerba:
477 2374 556 2436 ,latui
574 2375 734 2440 reputentur⁴
756 2375 928 2442 adscripsimus
946 2375 1044 2426 literam
1058 2373 1095 2438 a).
1126 2375 1175 2427 Hie
1187 2375 1312 2441 Keplerua
1332 2375 1365 2427 ad
1381 2379 1520 2444 aeruginem

194 2547 200 2556 ·
251 2517 490 2598 „Argumentum
513 2517 645 2582 auctoris
669 2519 707 2581 de
730 2517 790 2582 situ
805 2519 936 2580 Veneris
956 2527 987 2580 et
1005 2517 1146 2582 Mercurii
1170 2519 1285 2584 orbium
1309 2519 1390 2582 circa
1404 2518 1517 2596 Solem,

158 2605 257 2686 qualia
281 2615 333 2671 est
364 2605 393 2674 in
426 2607 639 2679 constitutione
663 2608 766 2674 mundi
790 2607 1000 2688 Cepernicana
1032 2618 1064 2676 et
1087 2607 1306 2693 Pythagorica,
1341 2607 1518 2688 simpliciter

159 2695 277 2774 accipin
300 2713 355 2758 nee
375 2697 537 2777 umquam
560 2698 651 2770 adda,
674 2697 732 2760 uisi
756 2698 836 2777 quod
857 2699 959 2760 Panae
982 2699 1137 2777 gratulor,
1166 2697 1216 2778 qui
1240 2699 1319 2760 idem
1342 2717 1434 2778 supra
1457 2697 1517 2762 alio

160 2783 351 2846 inbecilliori
376 2794 551 2864 argumento
574 2787 788 2866 probaverat.“

251 2871 358 2937 Spectat
374 2872 412 2922 luis
431 2873 554 2939 Keplerna
576 2875 673 2925 initium
691 2889 752 2925 suae
776 2873 961 2940 praelationla',
980 2875 1023 2925 ubl
1041 2875 1074 2925 de
1091 2875 1196 2925 Jaannts
1214 2875 1299 2927 Penta
1318 2873 1427 2928 adltlone
1443 2873 1517 2940 Opti·

163 2959 245 2996 corum
265 2943 377 2994 Euelldis
394 2947 454 3010 agit
493 2942 577 3008 (Haec
593 2945 660 2999 iutra
677 2943 830 3013 sequentur.)

247 3015 316 3065 Folio
333 3013 393 3064 ⁴67.
413 3017 473 3066 item
493 3019 592 3078 anobis
611 3019 750 3086 adscriptae
768 3024 827 3068 sunt
844 3017 931 3068 literae
943 3017 959 3068 b
973 3043 1007 3053 -
1019 3017 1037 3076 l,
1057 3017 1090 3068 ad
1107 3031 1169 3082 quae
1180 3018 1208 3068 in
1224 3017 1338 3084 margine
1355 3015 1420 3069 haec
1437 3029 1516 3069 mo

160 3092 215 3138 tata
232 3093 292 3138 aunt
311 3099 327 3137 a
345 3085 472 3152 Keplero:

204 3159 239 3234 b)
270 3157 428 3221 Liberavit
444 3158 614 3242 'Kep'leruur
638 3170 730 3232 metu,
755 3161 803 3244 qui
826 3160 916 3224 valde
941 3159 1058 3224 scilicet
1081 3160 1186 3222 honori
1210 3179 1263 3223 suo
1288 3161 1459 3240 metuebat,
1488 3161 1517 3224 ai
1594 3183 1605 3210 ⁶·

267 3247 384 3312 Marius
408 3249 502 3315 motui
526 3251 638 3316 Terrae
662 3251 887 3316 intercessisset
911 3269 978 3312 cum
1000 3249 1046 3312 sui
1070 3247 1198 3312 nominis
1221 3249 1382 3312 mentione.

205 3341 238 3412 e)
273 3337 405 3402 Primum
429 3338 574 3402 victoriae
598 3358 685 3401 omen
709 3349 780 3402 aute
803 3359 943 3420 pugnarn,
967 3339 1045 3419 quod
1060 3338 1175 3406 Mariae
1193 3339 1344 3418 imperitia
1366 3339 1517 3410 homiuum

269 3433 373 3487 sectae
411 3426 497 3508 th‘us
531 3428 757 3508 amplitudinem
790 3429 870 3490 intra
901 3429 976 3489 duos
1011 3427 1184 3508 restringit,
1222 3447 1298 3508 quaa
1336 3428 1403 3508 jam
1438 3447 1516 3510 pene
1552 3487 1553 3493 ,

266 3513 388 3594 publica
420 3523 484 3592 est,
515 3515 572 3578 nisi
605 3517 661 3579 flos
686 3519 781 3580 omnis
812 3518 967 3580 doctorum
997 3517 1148 3580 hominum
1178 3517 1259 3579 iutra
1291 3515 1514 3590 academiarum

269 3613 356 3683 septa
379 3604 421 3669 sit
442 3606 609 3670 conclusus.

207 3691 240 3764 d)
269 3689 420 3756 Obsiatite
443 3694 586 3775 theologi,
611 3713 674 3758 rem
697 3697 939 3777 impertinentem
962 3697 1156 3778 aggreditur3
1179 3695 1394 3764 auctoritatem
1408 3691 1516 3775 Sttip*

268 3787 353 3842 turas
378 3781 504 3845 abusum
526 3783 561 3846 lt.

206 3869 237 3944 e)
270 3867 436 3934 Ceruamur
458 3873 587 3954 agendo.

204 3957 234 4032 f)
269 3955 337 4034 Quo
370 3959 437 4041 ipso
468 3972 604 4044 tempore
638 3959 795 4028 Galilaeae
823 3961 979 4026 Florentia
1001 3961 1134 4044 Pragaur
1166 3958 1289 4048 scripsit
1322 3961 1359 4023 de
1394 3955 1513 4037 „Matre

269 4050 435 4125 aneorum,“
461 4060 493 4114 et
516 4052 592 4128 liaeo
614 4052 732 4114 Mario
756 4053 800 4114 sic
822 4052 927 4114 adue
951 4053 1126 4132 apparitura
1145 4049 1213 4128 iam
1235 4056 1306 4116 tunc
1328 4047 1491 4130 praedixit.

246 4151 278 4203 ln
307 4153 483 4213 ,unwemffl
512 4155 627 4224 catalogo
655 4155 726 4208 addit
752 4155 874 4221 Keplerna
899 4155 979 4207 vertis
1008 4155 1142 4221 ,oanan
1175 4153 1340 4220 cujufflarfflr
1370 4154 1515 4218 ,nulladum

162 4216 267 4274 honis
284 4223 359 4276 Marii
376 4227 467 4278 hauet
494 4229 628 4279 annuerat
656 4227 783 4286 celebria*
812 4227 952 4294 quodnam
971 4229 1123 4278 obeausam
1139 4227 1181 4278 laio
1207 4233 1341 4284 nonnus,
1369 4227 1429 4292 qula
1451 4225 1518 4277 lnd'a

163 4288 441 4357 reprensentare·
461 4299 494 4350 ad
512 4301 579 4350 hunc
600 4299 737 4354 „errorem“
757 4299 870 4350 redeunt.

248 4365 290 4418 De
307 4366 423 4431 llario,
444 4371 484 4421 eui
495 4373 587 4436 partim
600 4383 616 4421 a
628 4386 655 4422 ae
667 4371 728 4434 ipse,
745 4373 837 4435 partim
849 4371 881 4421 ab
894 4371 949 4420 urs
960 4371 1074 4422 tribuitur
1084 4369 1165 4433 prima
1176 4369 1285 4420 detectio
1296 4367 1365 4420 Jeels
1376 4367 1518 4421 satellitum

163 4448 209 4486 nee
226 4451 276 4488 uon
294 4437 400 4490 Veneris
417 4441 540 4506 phsaiam,
557 4442 623 4492 haec
641 4449 764 4492 notamus.

249 4508 360 4562 Simon
388 4511 511 4564 Mariua
529 4509 642 4576 (Meyer)
669 4519 743 4563 natus
767 4519 806 4563 eat
823 4511 983 4564 (iumenhnei
1007 4525 1072 4562 auno
1092 4507 1170 4569 157²,
1192 4509 1328 4570 „mutas
1346 4509 1519 4564 Herculem

164 4571 437 4648 Bmtutuqmm
461 4585 494 4636 ab
513 4599 579 4636 anno
605 4585 696 4634 utalia
715 4581 757 4633 14.
775 4583 899 4637 Ouddita
916 4589 943 4634 et
960 4583 1141 4634 Hdhbreme
1168 4583 1289 4636 eumitren
1309 4582 1385 4648 att⁸⁴t
1413 4585 1520 4648 primum

166 4643 343 4709 Btlhtmnnaa
360 4655 471 4708 minas
489 4663 517 4706 at
532 4655 743 4714 martae,
769 4655 859 4706 deinde
877 4657 903 4706 in
919 4655 997 4712 ltalia
1013 4652 1134 4717 (Patavii)
1157 4653 1300 4708 medicinae
1316 4669 1361 4718 per
1384 4657 1519 4711 reim

168 4727 264 4778 Μ
280 4721 366 4783 dabat,
385 4733 473 4791 penes
490 4728 597 4794 dmgne
613 4725 784 4777 mathematici
802 4726 974 4778 liarahionm
992 4724 1270 4790 Brandenburgndnrn
1287 4737 1377 4780 muana
1396 4725 1519 4784 owtdu

168 4783 276 4850 Mutii·
293 4796 376 4862 terque
404 4799 587 4851 conscribendis
605 4797 760 4848 Calendarlis
778 4803 805 4848 st
822 4797 991 4862 Prognostinia
1014 4797 1106 4846 rictum
1132 4795 1178 4848 ribi
1202 4795 1308 4860 pusat-
1345 4797 1392 4850 ms
1410 4799 1520 4864 cacapite

168 4855 835 4934 &ieameamer-reuersurum
854 4865 1229 4934 &commonitam
1247 4867 1316 4930 terit,
1334 4875 1520 4938 muternpna·
