3702 5532
676 293 707 346 de
723 291 792 346 iovis
810 291 963 346 satellitibus
981 292 1028 346 dcc.
1463 293 1525 362 461

176 470 309 532 cultates
342 469 458 532 aulicas
492 471 601 533 docent
631 470 793 532 aestimare
821 471 911 532 etiam
940 471 1052 534 tenuia.
1122 471 1415 546 „Dissertationem“
1450 471 1531 536 edidi

175 559 250 620 meis
282 559 429 621 sumtibus
462 559 587 642 misique
620 559 849 622 Franholurtum
881 559 1011 642 aliquem
1040 560 1157 639 justum
1189 580 1351 622 nnmerum.
1398 561 1528 624 Floren-

176 647 258 710 tiuus
281 645 383 727 itaque
416 649 623 730 typographus
647 649 685 710 ad
710 649 849 711 damnum
872 668 919 711 me
943 648 1062 726 redegit
1093 668 1149 710 sua
1173 649 1315 711 editione.
1362 649 1398 710 Id
1420 669 1473 731 per
1496 669 1530 714 ss

175 735 377 810 inhumanum,
403 755 440 798 au
465 738 558 798 etiam
581 737 740 816 injustum,
770 737 881 798 viderit
903 737 1067 799 Florentia.
1114 737 1193 800 Nam
1223 738 1248 798 si
1277 756 1334 798 non
1365 757 1530 818 recognos-

176 825 219 887 cit
234 823 396 888 Gaesarem
421 827 612 904 superiorem,
638 825 709 887 nihil
734 844 857 906 queror;
882 825 928 887 sin
953 833 1064 903 autem,
1088 826 1227 905 equidem
1250 825 1407 906 privilegio
1431 827 1529 888 niuni-

177 923 226 976 tus
250 919 317 975 erat
339 912 468 976 libellus.
516 914 645 994 Propter
667 914 744 976 hauc
768 914 996 993 ambiguitatem
1020 914 1049 974 iu
1069 933 1215 995 suspenso
1240 915 1306 990 erit,
1333 934 1389 994 quo
1413 915 1531 976 numine

175 1002 224 1064 Ill.
250 1000 372 1066 Oraturi
396 1001 452 1064 sim
477 1003 638 1083 obligatus
684 1004 729 1064 At
751 1002 808 1064 nisi
833 1003 941 1076 fallor,
966 1021 1023 1063 uon
1048 1004 1135 1064 sedet
1158 1003 1184 1064 is
1206 1005 1325 1083 Pragae
1350 1002 1530 1084 typographi

175 1110 275 1166 causa,
301 1091 355 1152 sed
378 1091 484 1170 Magni
498 1091 602 1164 Ducis,
628 1109 771 1169 suamque
795 1091 1025 1166 munificentiam
1049 1091 1106 1152 sibi
1129 1091 1272 1153 vindicat.
1319 1090 1436 1162 Quodsi
1460 1091 1532 1154 mihi

170 1179 247 1258 juris
271 1179 383 1259 aliquid
414 1187 496 1241 esset
519 1180 548 1240 in
573 1180 802 1260 typographum,
827 1180 1053 1240 condemnarem
1077 1179 1159 1240 illum
1184 1181 1222 1241 ad
1237 1179 1361 1241 multam
1385 1179 1473 1254 hanc,
1497 1187 1531 1241 ut

176 1267 237 1330 tuis
261 1269 360 1348 operis
385 1266 518 1329 solveret
541 1287 594 1346 pro
620 1287 675 1329 nno
700 1268 777 1328 bouo
802 1276 834 1328 et
856 1268 919 1329 lato
943 1267 1020 1330 vitro
1044 1287 1192 1345 convexo,
1223 1268 1302 1349 quod
1329 1276 1413 1329 esset
1442 1269 1528 1348 frag-

177 1363 307 1418 mentum
340 1356 489 1436 sphaerae
525 1354 564 1418 12
589 1357 698 1436 pedum
722 1356 937 1418 semidiametri
965 1363 1019 1418 aut
1047 1357 1074 1418 ei
1105 1356 1332 1436 aequipolleret.
1379 1357 1458 1422 Nam
1482 1357 1531 1419 hic
1600 1382 1604 1398 ·

174 1445 292 1524 Pragae
317 1443 405 1506 facile
430 1444 608 1519 invenirem,
633 1445 682 1524 qui
706 1463 811 1506 cavum
835 1444 908 1506 mihi
932 1445 1193 1519 accommodarem
1227 1445 1256 1506 iu
1289 1445 1432 1506 convexis
1457 1444 1532 1506 selis

175 1533 337 1594 difficultas
362 1540 419 1594 est.
464 1531 536 1594 Suis
560 1534 637 1596 euim
659 1533 771 1611 phialis
793 1551 898 1614 parum
922 1533 1057 1595 efficiunt
1088 1539 1120 1594 et
1151 1551 1219 1594 mea
1249 1533 1366 1617 dictata
1390 1533 1532 1595 simulant

174 1641 207 1682 se
231 1640 391 1702 spernere,
425 1639 462 1680 ex
486 1640 542 1701 quo
573 1622 718 1702 intelligo,
744 1641 811 1683 esse
834 1621 910 1701 ipsis
934 1621 1110 1702 expiseaudi
1134 1621 1300 1684 consilium.
1321 1631 1323 1635 “
1348 1621 1450 1704 Atque
1475 1641 1530 1701 ego

174 1719 289 1772 sumtus
313 1729 370 1771 uon
395 1709 490 1771 habeo
516 1709 679 1772 instruendi
704 1710 783 1772 domi
806 1710 990 1784 machinam;
1019 1709 1096 1772 aliis
1119 1729 1210 1774 mauu
1224 1710 1330 1772 infelix
1355 1731 1429 1785 sum,
1455 1712 1529 1772 solis

175 1797 431 1878 speculationibus
465 1798 594 1861 deditus.
654 1799 834 1878 Hujusmodi
866 1799 945 1860 vitro
977 1798 1036 1862 nisi
1067 1799 1188 1860 aliunde
1220 1799 1371 1873 instruar,
1411 1800 1533 1873 adeprta

174 1887 247 1948 mihi
271 1894 320 1948 est
341 1887 784 1966 commoditascontemplundi
807 1896 891 1950 tuum
921 1887 1004 1950 illum
1032 1887 1166 1949 vetulum
1188 1885 1358 1970 Geryonem
1382 1887 1532 1968 tricorpo-

177 1995 251 2050 rem,
274 1975 303 2036 in
328 1994 385 2055 quo
410 1974 439 2036 in
455 1975 565 2036 Terras
590 1975 690 2036 vincto
715 1977 887 2039 deducendo
910 1984 943 2038 tn
967 1977 1096 2038 alterum
1115 1984 1146 2038 te
1167 1975 1348 2056 praestitisti
1363 1977 1531 2042 Herculem.

260 2081 320 2143 Est
361 2092 392 2144 et
432 2078 530 2142 alte'ra
562 2082 683 2162 querela
715 2081 934 2161 negligentiae,
974 2101 1033 2161 qua
1069 2080 1224 2143 mutilavit
1263 2099 1360 2142 meum
1401 2081 1534 2143 libellum

177 2168 399 2244 „Phaenomeui
423 2168 625 2249 Singularis,“
652 2178 704 2231 aut
728 2170 755 2231 si
778 2170 895 2231 omniuo
919 2171 1009 2232 breve
1034 2168 1145 2250 aliquid
1170 2187 1330 2248 excerpere
1350 2169 1453 2246 voluit,
1479 2189 1532 2231 cur

175 2277 234 2320 non
258 2257 354 2338 ipsum
379 2260 515 2320 nucleum
540 2257 719 2338 exscripsit,
742 2259 840 2339 ipsam
864 2257 981 2320 scilicet
1003 2277 1101 2320 meam
1125 2257 1389 2332 observationem
1426 2276 1479 2319 cur
1501 2257 1531 2318 iu

174 2347 354 2408 refutatione
379 2348 464 2426 ejus,
496 2347 545 2426 qui
569 2347 810 2409 observationem
834 2347 955 2408 Adelmi
979 2347 1168 2409 Benedictini
1192 2347 1334 2425 negavit,
1369 2347 1450 2408 filum
1474 2347 1532 2408 ab·

175 2434 307 2514 rumpit?
353 2433 520 2515 Opestem
538 2429 694 2510 librorum,
720 2437 746 2497 si
771 2435 801 2496 id
825 2453 863 2496 ex
886 2455 966 2498 more
991 2435 1083 2497 facit!
1120 2436 1229 2516 ltaque
1254 2442 1339 2496 teoto
1363 2435 1461 2515 major
1484 2443 1533 2497 est

174 2524 240 2604 ejus
263 2523 360 2603 eulpa,
386 2519 435 2603 qui
459 2543 517 2586 nou
540 2525 839 2604 tantumprivilegia
853 2523 1027 2599 contemnit,
1052 2523 1108 2584 sed
1130 2523 1223 2585 etiam
1245 2524 1358 2584 vitiosa
1382 2532 1413 2585 et
1426 2523 1533 2584 mutila
1590 2581 1597 2594 ,

174 2612 299 2675 recudit.
347 2610 410 2673 Sed
436 2612 510 2673 haec
534 2613 721 2693 typographo
745 2632 812 2674 meo
828 2613 964 2686 remitto,
991 2613 1039 2693 qui
1064 2619 1180 2673 sumtus
1204 2612 1233 2674 in
1259 2611 1531 2686 „Phaenomcucn‘⁴

174 2700 337 2780 impendit3
361 2719 429 2761 uam
453 2701 510 2762 nisi
535 2701 632 2776 fallor,
659 2702 758 2762 solent
780 2701 823 2762 illi
839 2710 971 2762 mutuum
995 2699 1122 2762 invicem
1145 2700 1321 2780 rependere.

266 2804 433 2868 Certiorem
467 2814 497 2868 to
531 2807 628 2880 facio,
665 2807 825 2886 scripsisse
857 2825 904 2868 me
942 2807 1088 2887 superiori
1119 2805 1259 2884 Augusto
1295 2813 1327 2867 et
1359 2803 1532 2886 Septembri

182 2895 468 2973 „Dioptricen“,
507 2913 582 2974 quae
620 2903 742 2957 constat
772 2896 1029 2974 propositionibus
1062 2903 1095 2955 et
1127 2893 1327 2955 axiomatibus
1364 2892 1532 2973 promiscue

176 2982 342 3046 numeratis
380 2981 460 3057 150,
497 3002 557 3044 una
592 2983 699 3046 minus.
754 2983 830 3044 Eam
868 2983 980 3047 tradidi
1011 2983 1146 3046 Electori
1179 2980 1364 3044 Coloniensi.
1420 2983 1533 3062 Ingens

177 3071 295 3151 quidem
320 3071 406 3133 labor
428 3070 458 3132 in
483 3071 583 3134 causis
607 3072 765 3148 eruendis,
799 3092 857 3134 uon
887 3073 983 3134 minor
1015 3080 1114 3134 tannen
1145 3071 1283 3150 voluptas
1307 3070 1335 3130 in
1360 3069 1533 3133 inventione

176 3179 289 3231 earum,
312 3179 401 3239 quam
416 3156 482 3222 tibi
504 3179 542 3220 ex
564 3160 769 3222 Mediceorum
792 3167 845 3222 aut
867 3161 980 3240 figurae
999 3159 1161 3224 Saturniae
1185 3159 1367 3222 inventione.
1413 3159 1451 3222 Id
1475 3177 1532 3238 ago

176 3257 211 3311 ut
241 3248 448 3328 imprimantur
479 3265 578 3328 pauca
611 3249 816 3328 exemplaria3
852 3249 883 3310 id
913 3250 940 3311 si
972 3250 1109 3329 impetro,
1134 3249 1174 3310 ad
1196 3249 1239 3310 Te
1272 3247 1392 3310 mittam
1425 3265 1535 3321 unum;

172 3336 408 3415 jucundissimas
433 3335 548 3397 videbis
573 3355 681 3398 causas
705 3337 941 3417 contingentium
964 3339 1045 3400 circa
1067 3337 1143 3400 haec
1167 3337 1322 3418 duplicata
1346 3336 1483 3418 specula,
1508 3335 1534 3396 si

176 3425 267 3488 modo
291 3443 350 3486 nou
374 3432 467 3486 autea
489 3425 616 3488 rimatus
641 3445 673 3486 es
698 3426 811 3490 eadem.

264 3529 321 3580 Huc
340 3543 417 3594 usque
430 3529 572 3594 Keplsruar
592 3531 687 3595 reliqna
703 3531 801 3582 derunt.
828 3531 956 3582 Galilaeae
967 3531 1071 3595 Kepleri
1090 3529 1300 3582 exhortationibus
1318 3535 1399 3578 motus
1416 3527 1536 3580 Horhium

178 3599 274 3651 silentio
301 3601 430 3665 praeteriit
448 3607 474 3650 et
492 3601 577 3651 tubum
604 3616 675 3652 mum
695 3603 727 3652 ad
753 3602 849 3653 coelum
878 3603 908 3652 de
935 3617 998 3652 noro
1026 3609 1171 3654 convertens
1199 3615 1264 3652 nova
1291 3601 1485 3663 admirandaque
1504 3601 1537 3650 ibi

179 3671 272 3721 detexit
295 3671 453 3736 spectatula,
481 3669 618 3722 Saturni
647 3673 801 3724 annulum
830 3681 861 3724 et
889 3671 1026 3724 Venerio
1053 3673 1190 3738 phasee,
1218 3685 1280 3736 quas
1299 3671 1453 3722 detectioues
1472 3671 1537 3720 sicut

177 3744 269 3805 priores
287 3743 312 3791 iu
330 3743 391 3792 Jove
410 3757 454 3807 per
470 3742 598 3794 Juliuuum
617 3743 729 3794 Medicas
758 3760 813 3795 cum
831 3744 939 3808 Keplsro
965 3745 1161 3794 communicavit.
1199 3743 1270 3793 llaec
1295 3748 1394 3805 spectat
1411 3740 1536 3804 Keplenrr

179 3813 281 3877 laquens
300 3813 331 3864 da
351 3813 482 3878 ,Geryoue
501 3815 649 3879 tricorpore“
670 3823 696 3865 et
716 3816 813 3880 „figura
832 3815 1020 3873 Saturniana“;
1047 3831 1103 3864 enm
1122 3820 1206 3863 autem
1229 3813 1338 3862 noudum
1357 3825 1437 3862 sermo
1455 3811 1488 3860 rit
1506 3811 1537 3861 de

182 3883 289 3940 Venere,
308 3884 566 3942 concludendorum,
585 3885 669 3936 literas
687 3888 837 3950 praemissas
849 3887 952 3950 scriptas
966 3901 1021 3936 esse
1033 3887 1098 3935 iuter
1112 3882 1136 3935 9.
1149 3883 1211 3933 Nor.
1228 3879 1296 3934 1610
1310 3890 1335 3932 11
1350 3881 1372 3931 i.
1386 3881 1444 3932 Jan.
1460 3877 1506 3929 161
1515 3880 1535 3930 i.

265 3964 338 4016 Haec
356 3969 422 4020 suut.
442 3977 507 4029 quae
524 3965 647 4029 Keplerus
666 3981 723 4016 cum
741 3965 855 4016 Galilaea
874 3966 905 4016 de
920 3965 1014 4017 Horkic
1032 3979 1076 4028 per
1093 3964 1178 4014 literas
1197 3964 1258 4028 agit.
1295 3961 1413 4026 Superest
1431 3962 1538 4026 denique

179 4035 284 4100 epistola
302 4034 478 4086 Maestliui
507 4036 538 4086 de
556 4037 643 4087 eodem
662 4037 694 4086 sd
713 4037 848 4101 Ksplerum
873 4036 949 4095 data,
978 4051 1051 4101 quam
1069 4035 1110 4085 hic
1138 4033 1311 4098 apponendam
1338 4047 1485 4090 censemus.
1510 4039 1539 4084 ut

180 4107 320 4156 testimonio
338 4106 446 4156 ulteriori
464 4107 497 4155 eit
509 4093 607 4165 'eorum
626 4121 690 4172 qnae
709 4108 813 4156 diximus
832 4109 863 4157 de
875 4109 913 4166 iis,
933 4109 974 4171 qui
992 4108 1084 4171 passim
1097 4107 1128 4155 ds
1141 4105 1247 4154 Galilaei
1264 4104 1446 4154 inventionibus
1467 4104 1536 4155 dubl·

180 4177 270 4228 tabant
287 4177 326 4226 rei
344 4191 388 4226 eas
405 4177 479 4240 plane
498 4179 634 4243 negabant.
660 4179 752 4228 Attulit
769 4179 834 4228 hanc
853 4179 982 4242 epistolem
1000 4179 1054 4242 ipse
1071 4176 1180 4226 Horisius
1196 4175 1313 4240 Pragam,
1332 4176 1373 4240 qui
1391 4173 1489 4224 rediens
1508 4189 1539 4224 ex

179 4248 256 4298 ltalia
273 4247 413 4312 Tubingem
432 4249 537 4297 transiit.
575 4247 645 4298 Data
663 4256 701 4298 est
720 4249 849 4314 tubingae
868 4250 891 4298 d.
912 4247 981 4308 mr.
1003 4248 1071 4312 Sept.
1093 4244 1176 4304 tutu,
1205 4251 1231 4295 et
1249 4260 1281 4295 ea
1299 4247 1361 4295 iorte
1380 4245 1435 4294 aliis
1455 4247 1538 4295 causis

180 4320 366 4383 superveniente
379 4326 459 4367 ructus
469 4318 591 4382 Keplerus
604 4319 809 4378 „Narrationern“
823 4332 903 4377 mam,
917 4321 1090 4384 quamvisjam
1103 4323 1180 4368 autea
1189 4315 1327 4366 absolutam
1340 4313 1375 4377 (d.
1390 4315 1429 4365 11.
1444 4313 1537 4379 Sept),

180 4392 206 4438 in
225 4389 348 4452 publicum
366 4390 473 4453 prolerre
492 4405 541 4438 uon
559 4389 625 4440 ultra
648 4389 768 4439 dubitarit
793 4387 894 4453 (prodiit
911 4392 981 4440 initio
1000 4391 1059 4440 anni
1079 4385 1170 4450 11111).
1208 4388 1375 4438 Excusatione
1401 4389 1540 4451 praemissa

181 4461 289 4510 11111111
308 4459 401 4510 silentii
420 4458 490 4522 (iude
509 4461 541 4510 ab
558 4461 628 4510 initio
648 4463 706 4510 anni
729 4457 796 4510 16115
815 4460 981 4522 obmutuerat)
999 4463 1035 4512 ric
1052 4461 1134 4525 pergit
1151 4459 1316 4510 Maesdiuus:

158 4533 161 4538 ’
269 4538 874 4603 1111111111111111111111111111111111111.
902 4541 946 4589 riri
965 4547 994 4590 ut
1016 4541 1232 4591 animadvertito
1260 4540 1333 4590 rebus
1355 4537 1539 4590 mathematicis

184 4616 210 4657 et
227 4609 281 4660 aliis
299 4609 376 4659 literis
394 4625 445 4659 non
464 4611 630 4674 aspernandi,
658 4611 689 4660 de
708 4610 821 4660 Galilaea
839 4626 958 4660 novorum
982 4612 1138 4675 planetarum
1164 4617 1266 4662 auctore
1285 4617 1311 4660 et
1328 4611 1456 4662 inventore
1473 4609 1539 4660 haec

185 4680 297 4730 scribam.
334 4680 383 4730 Hic
400 4680 525 4731 Martinus
543 4681 653 4744 proiecto
677 4694 716 4729 me
738 4695 831 4746 magua
849 4681 1014 4734 sollicitudine
1042 4682 1161 4730 liberavit.
1200 4681 1306 4747 Egregie
1325 4695 1387 4730 saue
1405 4688 1433 4731 tu
1451 4681 1476 4729 iu
1496 4687 1539 4730 tuo

185 4749 274 4812 rcripto
293 4747 543 4812 („Dirrartatr'oue“),
564 4753 634 4813 cuius
652 4752 776 4814 exemplar
795 4759 849 4802 ate
861 4752 921 4801 mibi
939 4753 1039 4801 missum
1058 4751 1123 4800 lectu
1141 4751 1346 4814 jucundissimum
1364 4757 1411 4813 est,
1428 4766 1472 4815 pro
1491 4766 1539 4816 quo

186 4820 262 4870 etism
278 4822 393 4887 ingentes
412 4823 457 4872 tibi
475 4835 525 4888 ago
549 4823 659 4888 guttim¹
679 4823 818 4874 (1111111111
846 4823 1006 4887 deplumuti,
1035 4821 1151 4872 videlieet
1167 4823 1232 4887 qued
1250 4839 1301 4873 nou
1319 4824 1372 4888 ipre
1389 4821 1447 4874 nori
1465 4823 1540 4886 hujus
