<?xml version="1.0" encoding="UTF-8"?>
<!DOCTYPE html PUBLIC "-//W3C//DTD XHTML 1.0 Transitional//EN"
    "http://www.w3.org/TR/xhtml1/DTD/xhtml1-transitional.dtd">
<html xmlns="http://www.w3.org/1999/xhtml" xml:lang="en" lang="en">
 <head>
  <title>
</title>
<meta http-equiv="Content-Type" content="text/html;charset=utf-8" />
  <meta name='ocr-system' content='tesseract 3.04.00' />
  <meta name='ocr-capabilities' content='ocr_page ocr_carea ocr_par ocr_line ocrx_word'/>
</head>
<body>
  <div class='ocr_page' id='page_1' title='image "./joanniskepleria02unkngoog/joanniskepleria02unkngoog_0299.png"; bbox 0 0 3700 5530; ppageno 0'>
   <div class='ocr_carea' id='block_1_1' title="bbox 318 235 1182 346">
    <p class='ocr_par' dir='ltr' id='par_1_1' title="bbox 318 235 1182 346">
     <span class='ocr_line' id='line_1_1' title="bbox 318 235 1182 346; baseline 0.001 -2"><span class='ocrx_word' id='word_1_1' title='bbox 318 277 383 346; x_wconf 83' lang='lat' dir='ltr'><strong>err</strong></span> <span class='ocrx_word' id='word_1_2' title='bbox 810 235 1182 345; x_wconf 64' lang='lat' dir='ltr'><strong>momen-oreo</strong></span> 
     </span>
    </p>
   </div>
   <div class='ocr_carea' id='block_1_2' title="bbox 318 455 1680 2477">
    <p class='ocr_par' dir='ltr' id='par_1_2' title="bbox 319 455 1677 712">
     <span class='ocr_line' id='line_1_2' title="bbox 319 455 1677 538; baseline 0.003 -22"><span class='ocrx_word' id='word_1_3' title='bbox 319 473 378 536; x_wconf 89' lang='lat' dir='ltr'><strong>quu</strong></span> <span class='ocrx_word' id='word_1_4' title='bbox 401 455 557 518; x_wconf 83' lang='lat' dir='ltr'><strong>sublimior</strong></span> <span class='ocrx_word' id='word_1_5' title='bbox 578 463 627 517; x_wconf 82' lang='lat' dir='ltr'><strong>est</strong></span> <span class='ocrx_word' id='word_1_6' title='bbox 648 457 744 518; x_wconf 87' lang='lat' dir='ltr'><strong>neutri</strong></span> <span class='ocrx_word' id='word_1_7' title='bbox 763 475 853 536; x_wconf 83' lang='lat' dir='ltr'><strong>quam</strong></span> <span class='ocrx_word' id='word_1_8' title='bbox 874 457 984 538; x_wconf 85' lang='lat' dir='ltr'><strong>reliqui</strong></span> <span class='ocrx_word' id='word_1_9' title='bbox 1006 457 1142 536; x_wconf 79' lang='lat' dir='ltr'><strong>corperis</strong></span> <span class='ocrx_word' id='word_1_10' title='bbox 1164 456 1358 529; x_wconf 70' lang='lat' dir='ltr'><strong>insurrectio,</strong></span> <span class='ocrx_word' id='word_1_11' title='bbox 1382 455 1439 518; x_wconf 89' lang='lat' dir='ltr'><strong>boe</strong></span> <span class='ocrx_word' id='word_1_12' title='bbox 1457 457 1565 520; x_wconf 76' lang='lat' dir='ltr'><strong>tertius</strong></span> <span class='ocrx_word' id='word_1_13' title='bbox 1582 457 1677 520; x_wconf 80' lang='lat' dir='ltr'><strong>etin</strong></span> 
     </span>
     <span class='ocr_line' id='line_1_3' title="bbox 320 543 1677 625; baseline 0.001 -21"><span class='ocrx_word' id='word_1_14' title='bbox 320 544 417 606; x_wconf 82' lang='lat' dir='ltr'><strong>centri</strong></span> <span class='ocrx_word' id='word_1_15' title='bbox 440 543 480 605; x_wconf 86' lang='lat' dir='ltr'><strong>ad</strong></span> <span class='ocrx_word' id='word_1_16' title='bbox 503 553 618 606; x_wconf 85' lang='lat' dir='ltr'><strong>certum</strong></span> <span class='ocrx_word' id='word_1_17' title='bbox 649 545 816 623; x_wconf 84' lang='lat' dir='ltr'><strong>superficiei</strong></span> <span class='ocrx_word' id='word_1_18' title='bbox 840 554 991 623; x_wconf 84' lang='lat' dir='ltr'><strong>punctum,</strong></span> <span class='ocrx_word' id='word_1_19' title='bbox 1017 563 1105 625; x_wconf 87' lang='lat' dir='ltr'><strong>quarn</strong></span> <span class='ocrx_word' id='word_1_20' title='bbox 1129 546 1335 608; x_wconf 76' lang='lat' dir='ltr'><strong>universorum</strong></span> <span class='ocrx_word' id='word_1_21' title='bbox 1357 544 1583 625; x_wconf 83' lang='lat' dir='ltr'><strong>interjeetoeum</strong></span> <span class='ocrx_word' id='word_1_22' title='bbox 1606 561 1677 606; x_wconf 86' lang='lat' dir='ltr'><strong>eor·</strong></span> 
     </span>
     <span class='ocr_line' id='line_1_4' title="bbox 319 633 837 712; baseline -0.004 -18"><span class='ocrx_word' id='word_1_23' title='bbox 319 633 402 712; x_wconf 85' lang='lat' dir='ltr'><strong>poris</strong></span> <span class='ocrx_word' id='word_1_24' title='bbox 424 641 601 712; x_wconf 86' lang='lat' dir='ltr'><strong>poncterran</strong></span> <span class='ocrx_word' id='word_1_25' title='bbox 624 643 673 694; x_wconf 88' lang='lat' dir='ltr'><strong>est</strong></span> <span class='ocrx_word' id='word_1_26' title='bbox 694 633 837 694; x_wconf 90' lang='lat' dir='ltr'><strong>radiatio.</strong></span> 
     </span>
    </p>

    <p class='ocr_par' dir='ltr' id='par_1_3' title="bbox 318 718 1679 1424">
     <span class='ocr_line' id='line_1_5' title="bbox 407 718 1678 801; baseline -0.002 -18"><span class='ocrx_word' id='word_1_27' title='bbox 407 719 554 800; x_wconf 77' lang='lat' dir='ltr'>Adeoque</span> <span class='ocrx_word' id='word_1_28' title='bbox 578 720 641 782; x_wconf 82' lang='lat' dir='ltr'><strong>fere</strong></span> <span class='ocrx_word' id='word_1_29' title='bbox 664 721 781 783; x_wconf 89' lang='lat' dir='ltr'><strong>unicum</strong></span> <span class='ocrx_word' id='word_1_30' title='bbox 804 727 939 783; x_wconf 69' lang='lat' dir='ltr'><strong>oenbum</strong></span> <span class='ocrx_word' id='word_1_31' title='bbox 963 721 1096 800; x_wconf 85' lang='lat' dir='ltr'><strong>eorporis</strong></span> <span class='ocrx_word' id='word_1_32' title='bbox 1117 718 1235 782; x_wconf 84' lang='lat' dir='ltr'><strong>Solaria</strong></span> <span class='ocrx_word' id='word_1_33' title='bbox 1259 729 1317 794; x_wconf 87' lang='lat' dir='ltr'><strong>eat,</strong></span> <span class='ocrx_word' id='word_1_34' title='bbox 1342 723 1422 801; x_wconf 90' lang='lat' dir='ltr'><strong>quod</strong></span> <span class='ocrx_word' id='word_1_35' title='bbox 1445 728 1549 784; x_wconf 85' lang='lat' dir='ltr'><strong>tantus</strong></span> <span class='ocrx_word' id='word_1_36' title='bbox 1570 729 1678 783; x_wconf 80' lang='lat' dir='ltr'><strong>aestas</strong></span> 
     </span>
     <span class='ocr_line' id='line_1_6' title="bbox 322 807 1679 889; baseline 0 -17"><span class='ocrx_word' id='word_1_37' title='bbox 322 809 455 872; x_wconf 83' lang='lat' dir='ltr'><strong>excitat:</strong></span> <span class='ocrx_word' id='word_1_38' title='bbox 489 819 522 870; x_wconf 91' lang='lat' dir='ltr'><strong>et</strong></span> <span class='ocrx_word' id='word_1_39' title='bbox 552 809 577 868; x_wconf 93' lang='lat' dir='ltr'><strong>si</strong></span> <span class='ocrx_word' id='word_1_40' title='bbox 605 808 714 870; x_wconf 86' lang='lat' dir='ltr'><strong>subeat</strong></span> <span class='ocrx_word' id='word_1_41' title='bbox 741 810 870 871; x_wconf 86' lang='lat' dir='ltr'><strong>animum</strong></span> <span class='ocrx_word' id='word_1_42' title='bbox 902 809 1063 887; x_wconf 70' lang='lat' dir='ltr'><strong>cogitatio,</strong></span> <span class='ocrx_word' id='word_1_43' title='bbox 1100 807 1241 889; x_wconf 87' lang='lat' dir='ltr'><strong>quidnam</strong></span> <span class='ocrx_word' id='word_1_44' title='bbox 1273 809 1419 872; x_wconf 85' lang='lat' dir='ltr'><strong>intuearis</strong></span> <span class='ocrx_word' id='word_1_45' title='bbox 1449 809 1532 873; x_wconf 79' lang='lat' dir='ltr'><strong>Selia</strong></span> <span class='ocrx_word' id='word_1_46' title='bbox 1564 827 1679 888; x_wconf 82' lang='lat' dir='ltr'><strong>corpas</strong></span> 
     </span>
     <span class='ocr_line' id='line_1_7' title="bbox 320 896 1679 978; baseline -0.001 -19"><span class='ocrx_word' id='word_1_47' title='bbox 320 898 482 978; x_wconf 83' lang='lat' dir='ltr'><strong>aspicieus,</strong></span> <span class='ocrx_word' id='word_1_48' title='bbox 506 896 598 958; x_wconf 87' lang='lat' dir='ltr'><strong>nolito</strong></span> <span class='ocrx_word' id='word_1_49' title='bbox 621 898 753 972; x_wconf 87' lang='lat' dir='ltr'><strong>eredere,</strong></span> <span class='ocrx_word' id='word_1_50' title='bbox 777 906 808 958; x_wconf 89' lang='lat' dir='ltr'><strong>te</strong></span> <span class='ocrx_word' id='word_1_51' title='bbox 832 898 929 959; x_wconf 87' lang='lat' dir='ltr'><strong>solam</strong></span> <span class='ocrx_word' id='word_1_52' title='bbox 952 915 1074 958; x_wconf 86' lang='lat' dir='ltr'><strong>eemere</strong></span> <span class='ocrx_word' id='word_1_53' title='bbox 1089 897 1295 976; x_wconf 84' lang='lat' dir='ltr'><strong>superficiem:</strong></span> <span class='ocrx_word' id='word_1_54' title='bbox 1318 915 1377 960; x_wconf 87' lang='lat' dir='ltr'><strong>nou</strong></span> <span class='ocrx_word' id='word_1_55' title='bbox 1401 899 1550 960; x_wconf 74' lang='lat' dir='ltr'><strong>tantoris</strong></span> <span class='ocrx_word' id='word_1_56' title='bbox 1569 898 1679 960; x_wconf 89' lang='lat' dir='ltr'><strong>haeret</strong></span> 
     </span>
     <span class='ocr_line' id='line_1_8' title="bbox 318 986 1676 1068; baseline 0 -20"><span class='ocrx_word' id='word_1_57' title='bbox 318 987 349 1048; x_wconf 89' lang='lat' dir='ltr'><strong>iu</strong></span> <span class='ocrx_word' id='word_1_58' title='bbox 373 986 585 1066; x_wconf 81' lang='lat' dir='ltr'><strong>superficiebus</strong></span> <span class='ocrx_word' id='word_1_59' title='bbox 600 1003 766 1065; x_wconf 86' lang='lat' dir='ltr'><strong>corporum,</strong></span> <span class='ocrx_word' id='word_1_60' title='bbox 791 987 845 1048; x_wconf 89' lang='lat' dir='ltr'><strong>sed</strong></span> <span class='ocrx_word' id='word_1_61' title='bbox 869 987 949 1048; x_wconf 89' lang='lat' dir='ltr'><strong>intus</strong></span> <span class='ocrx_word' id='word_1_62' title='bbox 973 986 1003 1047; x_wconf 88' lang='lat' dir='ltr'><strong>in</strong></span> <span class='ocrx_word' id='word_1_63' title='bbox 1021 986 1169 1064; x_wconf 82' lang='lat' dir='ltr'><strong>profundo</strong></span> <span class='ocrx_word' id='word_1_64' title='bbox 1191 986 1278 1061; x_wconf 77' lang='lat' dir='ltr'><strong>latet,</strong></span> <span class='ocrx_word' id='word_1_65' title='bbox 1302 996 1337 1049; x_wconf 90' lang='lat' dir='ltr'><strong>ut</strong></span> <span class='ocrx_word' id='word_1_66' title='bbox 1357 987 1389 1048; x_wconf 90' lang='lat' dir='ltr'><strong>iu</strong></span> <span class='ocrx_word' id='word_1_67' title='bbox 1403 995 1552 1068; x_wconf 88' lang='lat' dir='ltr'><strong>magnete,</strong></span> <span class='ocrx_word' id='word_1_68' title='bbox 1577 987 1676 1048; x_wconf 84' lang='lat' dir='ltr'><strong>adeo·-</strong></span> 
     </span>
     <span class='ocr_line' id='line_1_9' title="bbox 320 1071 1673 1156; baseline 0.001 -20"><span class='ocrx_word' id='word_1_69' title='bbox 320 1093 377 1155; x_wconf 90' lang='lat' dir='ltr'><strong>que</strong></span> <span class='ocrx_word' id='word_1_70' title='bbox 400 1090 492 1154; x_wconf 91' lang='lat' dir='ltr'><strong>supra</strong></span> <span class='ocrx_word' id='word_1_71' title='bbox 515 1089 581 1152; x_wconf 84' lang='lat' dir='ltr'><strong>cap.</strong></span> <span class='ocrx_word' id='word_1_72' title='bbox 606 1075 632 1135; x_wconf 93' lang='lat' dir='ltr'><strong>I.</strong></span> <span class='ocrx_word' id='word_1_73' title='bbox 657 1091 708 1152; x_wconf 88' lang='lat' dir='ltr'><strong>pr.¹</strong></span> <span class='ocrx_word' id='word_1_74' title='bbox 730 1071 779 1138; x_wconf 84' lang='lat'><strong>15.</strong></span> <span class='ocrx_word' id='word_1_75' title='bbox 805 1093 841 1136; x_wconf 91' lang='lat' dir='ltr'><strong>ne</strong></span> <span class='ocrx_word' id='word_1_76' title='bbox 865 1074 982 1136; x_wconf 85' lang='lat' dir='ltr'><strong>colores</strong></span> <span class='ocrx_word' id='word_1_77' title='bbox 1004 1074 1122 1154; x_wconf 88' lang='lat' dir='ltr'><strong>quidem</strong></span> <span class='ocrx_word' id='word_1_78' title='bbox 1146 1092 1185 1136; x_wconf 84' lang='lat' dir='ltr'><strong>ex</strong></span> <span class='ocrx_word' id='word_1_79' title='bbox 1206 1075 1294 1138; x_wconf 90' lang='lat' dir='ltr'><strong>nudis</strong></span> <span class='ocrx_word' id='word_1_80' title='bbox 1316 1075 1530 1156; x_wconf 78' lang='lat' dir='ltr'><strong>superficiebus</strong></span> <span class='ocrx_word' id='word_1_81' title='bbox 1549 1076 1673 1137; x_wconf 76' lang='lat' dir='ltr'><strong>derina-</strong></span> 
     </span>
     <span class='ocr_line' id='line_1_10' title="bbox 319 1161 1675 1245; baseline 0.001 -21"><span class='ocrx_word' id='word_1_82' title='bbox 319 1165 436 1225; x_wconf 87' lang='lat' dir='ltr'><strong>bemus.</strong></span> <span class='ocrx_word' id='word_1_83' title='bbox 483 1161 546 1225; x_wconf 90' lang='lat' dir='ltr'><strong>Sed</strong></span> <span class='ocrx_word' id='word_1_84' title='bbox 569 1170 602 1224; x_wconf 89' lang='lat' dir='ltr'><strong>to</strong></span> <span class='ocrx_word' id='word_1_85' title='bbox 624 1180 732 1242; x_wconf 85' lang='lat' dir='ltr'><strong>eorpus</strong></span> <span class='ocrx_word' id='word_1_86' title='bbox 756 1161 837 1225; x_wconf 89' lang='lat' dir='ltr'><strong>Solis</strong></span> <span class='ocrx_word' id='word_1_87' title='bbox 860 1161 1028 1242; x_wconf 85' lang='lat' dir='ltr'><strong>aspiciens,</strong></span> <span class='ocrx_word' id='word_1_88' title='bbox 1056 1162 1135 1224; x_wconf 88' lang='lat' dir='ltr'><strong>scitu</strong></span> <span class='ocrx_word' id='word_1_89' title='bbox 1157 1171 1191 1225; x_wconf 88' lang='lat' dir='ltr'><strong>te</strong></span> <span class='ocrx_word' id='word_1_90' title='bbox 1212 1164 1342 1244; x_wconf 89' lang='lat' dir='ltr'><strong>undique</strong></span> <span class='ocrx_word' id='word_1_91' title='bbox 1373 1165 1403 1226; x_wconf 91' lang='lat' dir='ltr'><strong>iu</strong></span> <span class='ocrx_word' id='word_1_92' title='bbox 1427 1174 1495 1226; x_wconf 89' lang='lat' dir='ltr'><strong>tota</strong></span> <span class='ocrx_word' id='word_1_93' title='bbox 1516 1165 1675 1245; x_wconf 77' lang='lat' dir='ltr'><strong>mperoue</strong></span> 
     </span>
     <span class='ocr_line' id='line_1_11' title="bbox 319 1250 1676 1332; baseline -0.001 -18"><span class='ocrx_word' id='word_1_94' title='bbox 319 1250 499 1332; x_wconf 80' lang='lat' dir='ltr'><strong>aspectabili</strong></span> <span class='ocrx_word' id='word_1_95' title='bbox 523 1259 657 1312; x_wconf 76' lang='lat' dir='ltr'><strong>centrum</strong></span> <span class='ocrx_word' id='word_1_96' title='bbox 679 1250 761 1313; x_wconf 86' lang='lat' dir='ltr'><strong>Solis</strong></span> <span class='ocrx_word' id='word_1_97' title='bbox 784 1269 838 1332; x_wconf 89' lang='lat' dir='ltr'><strong>per</strong></span> <span class='ocrx_word' id='word_1_98' title='bbox 859 1252 1071 1314; x_wconf 71' lang='lat' dir='ltr'><strong>redactionem</strong></span> <span class='ocrx_word' id='word_1_99' title='bbox 1094 1250 1221 1314; x_wconf 86' lang='lat' dir='ltr'><strong>intueri:</strong></span> <span class='ocrx_word' id='word_1_100' title='bbox 1250 1260 1284 1315; x_wconf 92' lang='lat' dir='ltr'><strong>ut</strong></span> <span class='ocrx_word' id='word_1_101' title='bbox 1310 1253 1396 1332; x_wconf 84' lang='lat' dir='ltr'><strong>eujus</strong></span> <span class='ocrx_word' id='word_1_102' title='bbox 1427 1253 1594 1316; x_wconf 69' lang='lat' dir='ltr'><strong>fortismma</strong></span> <span class='ocrx_word' id='word_1_103' title='bbox 1626 1260 1676 1314; x_wconf 85' lang='lat' dir='ltr'><strong>set</strong></span> 
     </span>
     <span class='ocr_line' id='line_1_12' title="bbox 319 1338 1675 1424; baseline 0 -22"><span class='ocrx_word' id='word_1_104' title='bbox 319 1339 497 1416; x_wconf 87' lang='lat' dir='ltr'><strong>illustratio;</strong></span> <span class='ocrx_word' id='word_1_105' title='bbox 524 1340 556 1402; x_wconf 95' lang='lat' dir='ltr'><strong>id</strong></span> <span class='ocrx_word' id='word_1_106' title='bbox 579 1341 637 1402; x_wconf 90' lang='lat' dir='ltr'><strong>uisi</strong></span> <span class='ocrx_word' id='word_1_107' title='bbox 661 1349 725 1402; x_wconf 89' lang='lat' dir='ltr'><strong>tam</strong></span> <span class='ocrx_word' id='word_1_108' title='bbox 748 1341 825 1402; x_wconf 78' lang='lat' dir='ltr'><strong>torte</strong></span> <span class='ocrx_word' id='word_1_109' title='bbox 849 1348 947 1417; x_wconf 88' lang='lat' dir='ltr'><strong>esset,</strong></span> <span class='ocrx_word' id='word_1_110' title='bbox 978 1339 1089 1420; x_wconf 88' lang='lat' dir='ltr'><strong>aliquid</strong></span> <span class='ocrx_word' id='word_1_111' title='bbox 1114 1359 1187 1402; x_wconf 87' lang='lat' dir='ltr'><strong>saue</strong></span> <span class='ocrx_word' id='word_1_112' title='bbox 1211 1341 1248 1402; x_wconf 90' lang='lat' dir='ltr'><strong>de</strong></span> <span class='ocrx_word' id='word_1_113' title='bbox 1271 1338 1353 1403; x_wconf 85' lang='lat' dir='ltr'><strong>Solis</strong></span> <span class='ocrx_word' id='word_1_114' title='bbox 1375 1359 1501 1421; x_wconf 87' lang='lat' dir='ltr'><strong>corpere</strong></span> <span class='ocrx_word' id='word_1_115' title='bbox 1524 1359 1675 1424; x_wconf 64' lang='lat' dir='ltr'><strong>meree.</strong></span> 
     </span>
    </p>

    <p class='ocr_par' dir='ltr' id='par_1_4' title="bbox 320 1425 1680 2477">
     <span class='ocr_line' id='line_1_13' title="bbox 410 1425 1675 1510; baseline 0 -18"><span class='ocrx_word' id='word_1_116' title='bbox 410 1425 554 1492; x_wconf 83' lang='lat' dir='ltr'><strong>Centrum</strong></span> <span class='ocrx_word' id='word_1_117' title='bbox 577 1429 750 1507; x_wconf 88' lang='lat' dir='ltr'><strong>igiturest,</strong></span> <span class='ocrx_word' id='word_1_118' title='bbox 774 1427 851 1490; x_wconf 88' lang='lat' dir='ltr'><strong>unde</strong></span> <span class='ocrx_word' id='word_1_119' title='bbox 875 1429 960 1509; x_wconf 91' lang='lat' dir='ltr'><strong>origo</strong></span> <span class='ocrx_word' id='word_1_120' title='bbox 978 1436 1027 1490; x_wconf 85' lang='lat' dir='ltr'><strong>est</strong></span> <span class='ocrx_word' id='word_1_121' title='bbox 1045 1428 1124 1491; x_wconf 86' lang='lat' dir='ltr'><strong>luci:</strong></span> <span class='ocrx_word' id='word_1_122' title='bbox 1148 1429 1321 1509; x_wconf 75' lang='lat' dir='ltr'><strong>superficies</strong></span> <span class='ocrx_word' id='word_1_123' title='bbox 1344 1437 1402 1500; x_wconf 86' lang='lat' dir='ltr'><strong>eet,</strong></span> <span class='ocrx_word' id='word_1_124' title='bbox 1425 1449 1503 1510; x_wconf 81' lang='lat' dir='ltr'><strong>quae</strong></span> <span class='ocrx_word' id='word_1_125' title='bbox 1517 1447 1556 1491; x_wconf 82' lang='lat' dir='ltr'><strong>ex</strong></span> <span class='ocrx_word' id='word_1_126' title='bbox 1569 1439 1675 1492; x_wconf 71' lang='lat' dir='ltr'><strong>mauu</strong></span> 
     </span>
     <span class='ocr_line' id='line_1_14' title="bbox 320 1516 1675 1599; baseline 0 -19"><span class='ocrx_word' id='word_1_127' title='bbox 320 1519 381 1580; x_wconf 82' lang='lat' dir='ltr'><strong>uim</strong></span> <span class='ocrx_word' id='word_1_128' title='bbox 405 1518 483 1580; x_wconf 83' lang='lat' dir='ltr'><strong>hunc</strong></span> <span class='ocrx_word' id='word_1_129' title='bbox 506 1516 633 1596; x_wconf 72' lang='lat' dir='ltr'><strong>suscipit</strong></span> <span class='ocrx_word' id='word_1_130' title='bbox 655 1527 687 1578; x_wconf 89' lang='lat' dir='ltr'><strong>et</strong></span> <span class='ocrx_word' id='word_1_131' title='bbox 710 1517 766 1578; x_wconf 92' lang='lat' dir='ltr'><strong>toti</strong></span> <span class='ocrx_word' id='word_1_132' title='bbox 790 1517 900 1579; x_wconf 77' lang='lat' dir='ltr'><strong>modo</strong></span> <span class='ocrx_word' id='word_1_133' title='bbox 923 1517 1089 1597; x_wconf 81' lang='lat' dir='ltr'><strong>dispensat,</strong></span> <span class='ocrx_word' id='word_1_134' title='bbox 1111 1519 1249 1599; x_wconf 82' lang='lat' dir='ltr'><strong>qnodque</strong></span> <span class='ocrx_word' id='word_1_135' title='bbox 1273 1537 1306 1580; x_wconf 90' lang='lat' dir='ltr'><strong>se</strong></span> <span class='ocrx_word' id='word_1_136' title='bbox 1329 1519 1396 1598; x_wconf 86' lang='lat' dir='ltr'><strong>ipso</strong></span> <span class='ocrx_word' id='word_1_137' title='bbox 1418 1519 1522 1581; x_wconf 83' lang='lat' dir='ltr'><strong>oeulos</strong></span> <span class='ocrx_word' id='word_1_138' title='bbox 1545 1519 1584 1580; x_wconf 94' lang='lat' dir='ltr'><strong>ob</strong></span> <span class='ocrx_word' id='word_1_139' title='bbox 1607 1517 1675 1580; x_wconf 80' lang='lat' dir='ltr'><strong>exi-</strong></span> 
     </span>
     <span class='ocr_line' id='line_1_15' title="bbox 320 1605 1676 1685; baseline -0.001 -15"><span class='ocrx_word' id='word_1_140' title='bbox 320 1607 440 1670; x_wconf 81' lang='lat' dir='ltr'><strong>litatem</strong></span> <span class='ocrx_word' id='word_1_141' title='bbox 464 1614 531 1667; x_wconf 86' lang='lat' dir='ltr'><strong>erat</strong></span> <span class='ocrx_word' id='word_1_142' title='bbox 549 1605 747 1685; x_wconf 79' lang='lat' dir='ltr'><strong>effugiturum,</strong></span> <span class='ocrx_word' id='word_1_143' title='bbox 772 1607 804 1668; x_wconf 89' lang='lat' dir='ltr'><strong>id</strong></span> <span class='ocrx_word' id='word_1_144' title='bbox 825 1605 998 1684; x_wconf 85' lang='lat' dir='ltr'><strong>superficies</strong></span> <span class='ocrx_word' id='word_1_145' title='bbox 1011 1605 1146 1669; x_wconf 70' lang='lat' dir='ltr'><strong>dilame</strong></span> <span class='ocrx_word' id='word_1_146' title='bbox 1169 1607 1206 1670; x_wconf 91' lang='lat' dir='ltr'><strong>ob</strong></span> <span class='ocrx_word' id='word_1_147' title='bbox 1225 1607 1329 1668; x_wconf 91' lang='lat' dir='ltr'><strong>oculos</strong></span> <span class='ocrx_word' id='word_1_148' title='bbox 1343 1607 1443 1669; x_wconf 87' lang='lat' dir='ltr'><strong>sistit:</strong></span> <span class='ocrx_word' id='word_1_149' title='bbox 1467 1605 1676 1669; x_wconf 80' lang='lat' dir='ltr'><strong>intermedium</strong></span> 
     </span>
     <span class='ocr_line' id='line_1_16' title="bbox 320 1694 1676 1776; baseline -0.001 -18"><span class='ocrx_word' id='word_1_150' title='bbox 320 1695 448 1776; x_wconf 80' lang='lat' dir='ltr'><strong>denique</strong></span> <span class='ocrx_word' id='word_1_151' title='bbox 471 1704 528 1769; x_wconf 85' lang='lat' dir='ltr'><strong>est,</strong></span> <span class='ocrx_word' id='word_1_152' title='bbox 553 1694 632 1774; x_wconf 84' lang='lat' dir='ltr'><strong>qnod</strong></span> <span class='ocrx_word' id='word_1_153' title='bbox 655 1703 687 1756; x_wconf 89' lang='lat' dir='ltr'><strong>et</strong></span> <span class='ocrx_word' id='word_1_154' title='bbox 707 1703 812 1756; x_wconf 75' lang='lat' dir='ltr'><strong>cenum</strong></span> <span class='ocrx_word' id='word_1_155' title='bbox 827 1695 989 1756; x_wconf 77' lang='lat' dir='ltr'><strong>transitum</strong></span> <span class='ocrx_word' id='word_1_156' title='bbox 1011 1694 1042 1756; x_wconf 89' lang='lat' dir='ltr'><strong>io</strong></span> <span class='ocrx_word' id='word_1_157' title='bbox 1056 1695 1241 1775; x_wconf 80' lang='lat' dir='ltr'><strong>superficiem</strong></span> <span class='ocrx_word' id='word_1_158' title='bbox 1265 1703 1298 1756; x_wconf 89' lang='lat' dir='ltr'><strong>et</strong></span> <span class='ocrx_word' id='word_1_159' title='bbox 1317 1695 1485 1776; x_wconf 76' lang='lat' dir='ltr'><strong>superficiei</strong></span> <span class='ocrx_word' id='word_1_160' title='bbox 1507 1696 1570 1758; x_wconf 79' lang='lat' dir='ltr'><strong>rim</strong></span> <span class='ocrx_word' id='word_1_161' title='bbox 1583 1713 1676 1775; x_wconf 87' lang='lat' dir='ltr'><strong>epar-</strong></span> 
     </span>
     <span class='ocr_line' id='line_1_17' title="bbox 322 1781 1677 1864; baseline -0.001 -18"><span class='ocrx_word' id='word_1_162' title='bbox 322 1784 412 1864; x_wconf 85' lang='lat' dir='ltr'><strong>gandi</strong></span> <span class='ocrx_word' id='word_1_163' title='bbox 435 1783 532 1845; x_wconf 88' lang='lat' dir='ltr'><strong>lucem</strong></span> <span class='ocrx_word' id='word_1_164' title='bbox 555 1801 609 1862; x_wconf 91' lang='lat' dir='ltr'><strong>per</strong></span> <span class='ocrx_word' id='word_1_165' title='bbox 631 1781 853 1862; x_wconf 75' lang='lat' dir='ltr'><strong>hemisphaeria</strong></span> <span class='ocrx_word' id='word_1_166' title='bbox 883 1783 1033 1846; x_wconf 87' lang='lat' dir='ltr'><strong>conciliat.</strong></span> <span class='ocrx_word' id='word_1_167' title='bbox 1079 1785 1164 1846; x_wconf 84' lang='lat' dir='ltr'><strong>Haec</strong></span> <span class='ocrx_word' id='word_1_168' title='bbox 1195 1793 1269 1846; x_wconf 84' lang='lat' dir='ltr'><strong>uota</strong></span> <span class='ocrx_word' id='word_1_169' title='bbox 1299 1795 1331 1846; x_wconf 91' lang='lat' dir='ltr'><strong>et</strong></span> <span class='ocrx_word' id='word_1_170' title='bbox 1362 1803 1429 1846; x_wconf 87' lang='lat' dir='ltr'><strong>cum</strong></span> <span class='ocrx_word' id='word_1_171' title='bbox 1452 1784 1563 1847; x_wconf 82' lang='lat' dir='ltr'><strong>diuinis</strong></span> <span class='ocrx_word' id='word_1_172' title='bbox 1586 1783 1677 1846; x_wconf 85' lang='lat' dir='ltr'><strong>rehee</strong></span> 
     </span>
     <span class='ocr_line' id='line_1_18' title="bbox 322 1871 1677 1952; baseline -0.001 -17"><span class='ocrx_word' id='word_1_173' title='bbox 322 1890 446 1952; x_wconf 90' lang='lat' dir='ltr'><strong>cumque</strong></span> <span class='ocrx_word' id='word_1_174' title='bbox 469 1873 515 1947; x_wconf 90' lang='lat' dir='ltr'><strong>iis,</strong></span> <span class='ocrx_word' id='word_1_175' title='bbox 539 1871 668 1951; x_wconf 89' lang='lat' dir='ltr'><strong>quaein</strong></span> <span class='ocrx_word' id='word_1_176' title='bbox 692 1871 880 1950; x_wconf 78' lang='lat' dir='ltr'><strong>praefatione</strong></span> <span class='ocrx_word' id='word_1_177' title='bbox 905 1872 1013 1952; x_wconf 89' lang='lat' dir='ltr'><strong>capitis</strong></span> <span class='ocrx_word' id='word_1_178' title='bbox 1037 1873 1124 1952; x_wconf 90' lang='lat' dir='ltr'><strong>primi</strong></span> <span class='ocrx_word' id='word_1_179' title='bbox 1147 1873 1219 1948; x_wconf 81' lang='lat' dir='ltr'><strong>dixi,</strong></span> <span class='ocrx_word' id='word_1_180' title='bbox 1244 1874 1356 1936; x_wconf 83' lang='lat' dir='ltr'><strong>confer.</strong></span> <span class='ocrx_word' id='word_1_181' title='bbox 1400 1872 1526 1935; x_wconf 87' lang='lat' dir='ltr'><strong>Videbis</strong></span> <span class='ocrx_word' id='word_1_182' title='bbox 1549 1873 1580 1935; x_wconf 90' lang='lat' dir='ltr'><strong>in</strong></span> <span class='ocrx_word' id='word_1_183' title='bbox 1604 1871 1677 1934; x_wconf 84' lang='lat' dir='ltr'><strong>Sele</strong></span> 
     </span>
     <span class='ocr_line' id='line_1_19' title="bbox 321 1959 1678 2041; baseline -0.002 -17"><span class='ocrx_word' id='word_1_184' title='bbox 321 1961 433 2032; x_wconf 87' lang='lat' dir='ltr'><strong>mundi,</strong></span> <span class='ocrx_word' id='word_1_185' title='bbox 457 1959 488 2021; x_wconf 88' lang='lat' dir='ltr'><strong>iu</strong></span> <span class='ocrx_word' id='word_1_186' title='bbox 512 1960 620 2021; x_wconf 89' lang='lat' dir='ltr'><strong>mundo</strong></span> <span class='ocrx_word' id='word_1_187' title='bbox 643 1959 700 2022; x_wconf 84' lang='lat' dir='ltr'><strong>Dei</strong></span> <span class='ocrx_word' id='word_1_188' title='bbox 724 1959 886 2022; x_wconf 82' lang='lat' dir='ltr'><strong>conditoris</strong></span> <span class='ocrx_word' id='word_1_189' title='bbox 917 1959 1076 2040; x_wconf 85' lang='lat' dir='ltr'><strong>imaginem</strong></span> <span class='ocrx_word' id='word_1_190' title='bbox 1106 1961 1301 2041; x_wconf 74' lang='lat' dir='ltr'><strong>palpabilem.</strong></span> <span class='ocrx_word' id='word_1_191' title='bbox 1347 1961 1414 2024; x_wconf 81' lang='lat' dir='ltr'><strong>Etsi</strong></span> <span class='ocrx_word' id='word_1_192' title='bbox 1439 1979 1509 2023; x_wconf 86' lang='lat' dir='ltr'><strong>vero</strong></span> <span class='ocrx_word' id='word_1_193' title='bbox 1532 1980 1572 2022; x_wconf 86' lang='lat' dir='ltr'><strong>ex</strong></span> <span class='ocrx_word' id='word_1_194' title='bbox 1595 1960 1678 2023; x_wconf 88' lang='lat' dir='ltr'><strong>omni</strong></span> 
     </span>
     <span class='ocr_line' id='line_1_20' title="bbox 322 2047 1679 2130; baseline -0.001 -18"><span class='ocrx_word' id='word_1_195' title='bbox 322 2047 491 2129; x_wconf 81' lang='lat' dir='ltr'><strong>superficiei</strong></span> <span class='ocrx_word' id='word_1_196' title='bbox 512 2055 600 2127; x_wconf 83' lang='lat' dir='ltr'><strong>parte</strong></span> <span class='ocrx_word' id='word_1_197' title='bbox 623 2047 751 2128; x_wconf 88' lang='lat' dir='ltr'><strong>undique</strong></span> <span class='ocrx_word' id='word_1_198' title='bbox 774 2066 863 2110; x_wconf 90' lang='lat' dir='ltr'><strong>unum</strong></span> <span class='ocrx_word' id='word_1_199' title='bbox 882 2057 1017 2111; x_wconf 86' lang='lat' dir='ltr'><strong>centrum</strong></span> <span class='ocrx_word' id='word_1_200' title='bbox 1032 2050 1161 2113; x_wconf 87' lang='lat' dir='ltr'><strong>emicat:</strong></span> <span class='ocrx_word' id='word_1_201' title='bbox 1185 2069 1243 2112; x_wconf 90' lang='lat' dir='ltr'><strong>nou</strong></span> <span class='ocrx_word' id='word_1_202' title='bbox 1267 2057 1368 2112; x_wconf 89' lang='lat' dir='ltr'><strong>tamen</strong></span> <span class='ocrx_word' id='word_1_203' title='bbox 1382 2049 1521 2126; x_wconf 83' lang='lat' dir='ltr'><strong>efficitur,</strong></span> <span class='ocrx_word' id='word_1_204' title='bbox 1545 2050 1679 2130; x_wconf 82' lang='lat' dir='ltr'><strong>undique</strong></span> 
     </span>
     <span class='ocr_line' id='line_1_21' title="bbox 322 2135 1678 2219; baseline 0 -19"><span class='ocrx_word' id='word_1_205' title='bbox 322 2136 480 2218; x_wconf 82' lang='lat' dir='ltr'><strong>aequalem</strong></span> <span class='ocrx_word' id='word_1_206' title='bbox 503 2155 570 2198; x_wconf 89' lang='lat' dir='ltr'><strong>esae</strong></span> <span class='ocrx_word' id='word_1_207' title='bbox 593 2136 654 2198; x_wconf 85' lang='lat' dir='ltr'><strong>vim</strong></span> <span class='ocrx_word' id='word_1_208' title='bbox 676 2135 896 2200; x_wconf 75' lang='lat' dir='ltr'><strong>illustrationis.</strong></span> <span class='ocrx_word' id='word_1_209' title='bbox 943 2139 1022 2199; x_wconf 81' lang='lat' dir='ltr'><strong>Natu</strong></span> <span class='ocrx_word' id='word_1_210' title='bbox 1045 2157 1064 2199; x_wconf 88' lang='lat' dir='ltr'><strong>e</strong></span> <span class='ocrx_word' id='word_1_211' title='bbox 1086 2147 1196 2219; x_wconf 87' lang='lat' dir='ltr'><strong>puncto</strong></span> <span class='ocrx_word' id='word_1_212' title='bbox 1220 2139 1317 2201; x_wconf 83' lang='lat' dir='ltr'><strong>aredio</strong></span> <span class='ocrx_word' id='word_1_213' title='bbox 1347 2140 1398 2202; x_wconf 85' lang='lat' dir='ltr'><strong>lox</strong></span> <span class='ocrx_word' id='word_1_214' title='bbox 1419 2137 1678 2219; x_wconf 79' lang='lat' dir='ltr'><strong>perpendicularis</strong></span> 
     </span>
     <span class='ocr_line' id='line_1_22' title="bbox 322 2223 1678 2308; baseline 0.001 -20"><span class='ocrx_word' id='word_1_215' title='bbox 322 2226 386 2288; x_wconf 80' lang='lat' dir='ltr'><strong>exit</strong></span> <span class='ocrx_word' id='word_1_216' title='bbox 408 2233 441 2286; x_wconf 90' lang='lat' dir='ltr'><strong>ut</strong></span> <span class='ocrx_word' id='word_1_217' title='bbox 463 2223 571 2286; x_wconf 79' lang='lat' dir='ltr'><strong>lortius</strong></span> <span class='ocrx_word' id='word_1_218' title='bbox 593 2225 672 2300; x_wconf 80' lang='lat' dir='ltr'><strong>ierit,</strong></span> <span class='ocrx_word' id='word_1_219' title='bbox 697 2245 716 2286; x_wconf 90' lang='lat' dir='ltr'><strong>a</strong></span> <span class='ocrx_word' id='word_1_220' title='bbox 739 2225 884 2288; x_wconf 79' lang='lat' dir='ltr'><strong>lateribus</strong></span> <span class='ocrx_word' id='word_1_221' title='bbox 906 2227 1040 2288; x_wconf 80' lang='lat' dir='ltr'><strong>refracta</strong></span> <span class='ocrx_word' id='word_1_222' title='bbox 1063 2227 1246 2290; x_wconf 78' lang='lat' dir='ltr'><strong>debilitetur.</strong></span> <span class='ocrx_word' id='word_1_223' title='bbox 1288 2226 1323 2288; x_wconf 94' lang='lat' dir='ltr'><strong>ld</strong></span> <span class='ocrx_word' id='word_1_224' title='bbox 1345 2227 1425 2289; x_wconf 86' lang='lat' dir='ltr'><strong>enim</strong></span> <span class='ocrx_word' id='word_1_225' title='bbox 1449 2245 1487 2290; x_wconf 81' lang='lat' dir='ltr'><strong>ex</strong></span> <span class='ocrx_word' id='word_1_226' title='bbox 1510 2225 1678 2308; x_wconf 86' lang='lat' dir='ltr'><strong>optinorum</strong></span> 
     </span>
     <span class='ocr_line' id='line_1_23' title="bbox 323 2313 1680 2397; baseline 0.001 -21"><span class='ocrx_word' id='word_1_227' title='bbox 323 2313 461 2376; x_wconf 86' lang='lat' dir='ltr'><strong>deotrina</strong></span> <span class='ocrx_word' id='word_1_228' title='bbox 483 2313 671 2376; x_wconf 77' lang='lat' dir='ltr'><strong>retractionis</strong></span> <span class='ocrx_word' id='word_1_229' title='bbox 694 2313 844 2392; x_wconf 78' lang='lat' dir='ltr'><strong>ingenium</strong></span> <span class='ocrx_word' id='word_1_230' title='bbox 868 2322 925 2377; x_wconf 90' lang='lat' dir='ltr'><strong>ast.</strong></span> <span class='ocrx_word' id='word_1_231' title='bbox 972 2314 1102 2378; x_wconf 84' lang='lat' dir='ltr'><strong>Proinde</strong></span> <span class='ocrx_word' id='word_1_232' title='bbox 1125 2325 1158 2378; x_wconf 91' lang='lat' dir='ltr'><strong>et</strong></span> <span class='ocrx_word' id='word_1_233' title='bbox 1179 2315 1276 2395; x_wconf 84' lang='lat' dir='ltr'><strong>major</strong></span> <span class='ocrx_word' id='word_1_234' title='bbox 1299 2315 1381 2378; x_wconf 86' lang='lat' dir='ltr'><strong>Solis</strong></span> <span class='ocrx_word' id='word_1_235' title='bbox 1404 2315 1503 2397; x_wconf 86' lang='lat' dir='ltr'><strong>portio</strong></span> <span class='ocrx_word' id='word_1_236' title='bbox 1531 2315 1680 2396; x_wconf 71' lang='lat' dir='ltr'><strong>meimem</strong></span> 
     </span>
     <span class='ocr_line' id='line_1_24' title="bbox 324 2402 1024 2477; baseline 0.003 -13"><span class='ocrx_word' id='word_1_237' title='bbox 324 2402 495 2464; x_wconf 86' lang='lat' dir='ltr'><strong>illustrandi</strong></span> <span class='ocrx_word' id='word_1_238' title='bbox 518 2402 577 2462; x_wconf 88' lang='lat' dir='ltr'><strong>vim</strong></span> <span class='ocrx_word' id='word_1_239' title='bbox 602 2402 728 2477; x_wconf 82' lang='lat' dir='ltr'><strong>obtinet,</strong></span> <span class='ocrx_word' id='word_1_240' title='bbox 750 2404 846 2465; x_wconf 85' lang='lat' dir='ltr'><strong>minor</strong></span> <span class='ocrx_word' id='word_1_241' title='bbox 869 2403 1024 2466; x_wconf 88' lang='lat' dir='ltr'><strong>minorem.</strong></span> 
     </span>
    </p>
   </div>
   <div class='ocr_carea' id='block_1_3' title="bbox 719 2596 1285 2661">
    <p class='ocr_par' dir='ltr' id='par_1_5' title="bbox 719 2596 1285 2661">
     <span class='ocr_line' id='line_1_25' title="bbox 719 2596 1285 2661; baseline 0 -2"><span class='ocrx_word' id='word_1_242' title='bbox 719 2596 749 2659; x_wconf 83' lang='lat'><strong>2.</strong></span> <span class='ocrx_word' id='word_1_243' title='bbox 787 2598 837 2660; x_wconf 89' lang='lat' dir='ltr'><strong>De</strong></span> <span class='ocrx_word' id='word_1_244' title='bbox 861 2597 988 2659; x_wconf 88' lang='lat' dir='ltr'><strong>Lunae</strong></span> <span class='ocrx_word' id='word_1_245' title='bbox 1011 2597 1285 2661; x_wconf 78' lang='lat' dir='ltr'><strong>illustratione.</strong></span> 
     </span>
    </p>
   </div>
   <div class='ocr_carea' id='block_1_4' title="bbox 323 2754 1686 4876">
    <p class='ocr_par' dir='ltr' id='par_1_6' title="bbox 324 2754 1683 3014">
     <span class='ocr_line' id='line_1_26' title="bbox 411 2754 1680 2840; baseline 0 -21"><span class='ocrx_word' id='word_1_246' title='bbox 411 2757 497 2820; x_wconf 83' lang='lat' dir='ltr'><strong>Haeo</strong></span> <span class='ocrx_word' id='word_1_247' title='bbox 521 2754 731 2836; x_wconf 84' lang='lat' dir='ltr'><strong>antiquissima</strong></span> <span class='ocrx_word' id='word_1_248' title='bbox 754 2757 954 2820; x_wconf 78' lang='lat' dir='ltr'><strong>astronomiae</strong></span> <span class='ocrx_word' id='word_1_249' title='bbox 976 2777 1048 2840; x_wconf 87' lang='lat' dir='ltr'><strong>pars</strong></span> <span class='ocrx_word' id='word_1_250' title='bbox 1073 2757 1138 2832; x_wconf 85' lang='lat' dir='ltr'><strong>luit,</strong></span> <span class='ocrx_word' id='word_1_251' title='bbox 1163 2767 1197 2818; x_wconf 92' lang='lat' dir='ltr'><strong>ut</strong></span> <span class='ocrx_word' id='word_1_252' title='bbox 1219 2756 1248 2818; x_wconf 92' lang='lat' dir='ltr'><strong>in</strong></span> <span class='ocrx_word' id='word_1_253' title='bbox 1273 2776 1304 2819; x_wconf 90' lang='lat' dir='ltr'><strong>re</strong></span> <span class='ocrx_word' id='word_1_254' title='bbox 1328 2757 1466 2820; x_wconf 89' lang='lat' dir='ltr'><strong>omnibus</strong></span> <span class='ocrx_word' id='word_1_255' title='bbox 1488 2757 1581 2820; x_wconf 80' lang='lat' dir='ltr'><strong>obvia</strong></span> <span class='ocrx_word' id='word_1_256' title='bbox 1605 2777 1680 2820; x_wconf 87' lang='lat' dir='ltr'><strong>oau-</strong></span> 
     </span>
     <span class='ocr_line' id='line_1_27' title="bbox 324 2844 1683 2926; baseline -0.001 -17"><span class='ocrx_word' id='word_1_257' title='bbox 324 2863 375 2910; x_wconf 85' lang='lat' dir='ltr'><strong>eae</strong></span> <span class='ocrx_word' id='word_1_258' title='bbox 399 2846 597 2926; x_wconf 89' lang='lat' dir='ltr'><strong>inquirerent;</strong></span> <span class='ocrx_word' id='word_1_259' title='bbox 631 2846 709 2909; x_wconf 88' lang='lat' dir='ltr'><strong>unde</strong></span> <span class='ocrx_word' id='word_1_260' title='bbox 733 2844 850 2906; x_wconf 87' lang='lat' dir='ltr'><strong>scilieet</strong></span> <span class='ocrx_word' id='word_1_261' title='bbox 872 2845 1020 2919; x_wconf 85' lang='lat' dir='ltr'><strong>eveniret,</strong></span> <span class='ocrx_word' id='word_1_262' title='bbox 1044 2852 1079 2908; x_wconf 92' lang='lat' dir='ltr'><strong>nt</strong></span> <span class='ocrx_word' id='word_1_263' title='bbox 1100 2847 1188 2908; x_wconf 86' lang='lat' dir='ltr'><strong>Luna</strong></span> <span class='ocrx_word' id='word_1_264' title='bbox 1210 2853 1364 2908; x_wconf 75' lang='lat' dir='ltr'><strong>mustene</strong></span> <span class='ocrx_word' id='word_1_265' title='bbox 1386 2846 1512 2908; x_wconf 85' lang='lat' dir='ltr'><strong>circuitu</strong></span> <span class='ocrx_word' id='word_1_266' title='bbox 1535 2856 1683 2910; x_wconf 72' lang='lat' dir='ltr'><strong>oasutm</strong></span> 
     </span>
     <span class='ocr_line' id='line_1_28' title="bbox 324 2933 1330 3014; baseline -0.002 -16"><span class='ocrx_word' id='word_1_267' title='bbox 324 2944 356 2998; x_wconf 87' lang='lat' dir='ltr'><strong>et</strong></span> <span class='ocrx_word' id='word_1_268' title='bbox 377 2943 534 3007; x_wconf 81' lang='lat' dir='ltr'><strong>vanescat,</strong></span> <span class='ocrx_word' id='word_1_269' title='bbox 557 2933 716 3014; x_wconf 86' lang='lat' dir='ltr'><strong>variaeque</strong></span> <span class='ocrx_word' id='word_1_270' title='bbox 740 2933 857 3013; x_wconf 85' lang='lat' dir='ltr'><strong>species</strong></span> <span class='ocrx_word' id='word_1_271' title='bbox 880 2933 993 2996; x_wconf 86' lang='lat' dir='ltr'><strong>induat.</strong></span> <span class='ocrx_word' id='word_1_272' title='bbox 1327 3008 1330 3014; x_wconf 25' lang='grc'>1</span> 
     </span>
    </p>

    <p class='ocr_par' dir='ltr' id='par_1_7' title="bbox 324 3021 1684 3369">
     <span class='ocr_line' id='line_1_29' title="bbox 412 3021 1682 3102; baseline 0.001 -19"><span class='ocrx_word' id='word_1_273' title='bbox 412 3023 544 3085; x_wconf 87' lang='lat' dir='ltr'><strong>Berosus</strong></span> <span class='ocrx_word' id='word_1_274' title='bbox 569 3021 752 3097; x_wconf 84' lang='lat' dir='ltr'><strong>Chaldaeus,</strong></span> <span class='ocrx_word' id='word_1_275' title='bbox 776 3022 927 3084; x_wconf 85' lang='lat' dir='ltr'><strong>referente</strong></span> <span class='ocrx_word' id='word_1_276' title='bbox 951 3021 1087 3102; x_wconf 83' lang='lat' dir='ltr'><strong>Diogene</strong></span> <span class='ocrx_word' id='word_1_277' title='bbox 1100 3023 1237 3098; x_wconf 68' lang='lat' dir='ltr'><strong>Laertio,</strong></span> <span class='ocrx_word' id='word_1_278' title='bbox 1261 3023 1378 3088; x_wconf 84' lang='lat' dir='ltr'><strong>Luuam</strong></span> <span class='ocrx_word' id='word_1_279' title='bbox 1402 3022 1532 3086; x_wconf 83' lang='lat' dir='ltr'><strong>docebat</strong></span> <span class='ocrx_word' id='word_1_280' title='bbox 1553 3041 1626 3084; x_wconf 87' lang='lat' dir='ltr'><strong>esse</strong></span> <span class='ocrx_word' id='word_1_281' title='bbox 1644 3041 1682 3084; x_wconf 82' lang='lat' dir='ltr'><strong>ex</strong></span> 
     </span>
     <span class='ocr_line' id='line_1_30' title="bbox 324 3109 1683 3192; baseline 0 -19"><span class='ocrx_word' id='word_1_282' title='bbox 324 3111 449 3173; x_wconf 79' lang='lat' dir='ltr'><strong>dimidia</strong></span> <span class='ocrx_word' id='word_1_283' title='bbox 476 3120 563 3190; x_wconf 89' lang='lat' dir='ltr'><strong>parte</strong></span> <span class='ocrx_word' id='word_1_284' title='bbox 592 3111 739 3188; x_wconf 89' lang='lat' dir='ltr'><strong>lucidam,</strong></span> <span class='ocrx_word' id='word_1_285' title='bbox 771 3129 826 3174; x_wconf 84' lang='lat' dir='ltr'><strong>seu</strong></span> <span class='ocrx_word' id='word_1_286' title='bbox 858 3119 891 3172; x_wconf 92' lang='lat' dir='ltr'><strong>nt</strong></span> <span class='ocrx_word' id='word_1_287' title='bbox 920 3109 1099 3174; x_wconf 77' lang='lat' dir='ltr'><strong>Cleomedon</strong></span> <span class='ocrx_word' id='word_1_288' title='bbox 1131 3111 1226 3174; x_wconf 81' lang='lat' dir='ltr'><strong>refert</strong></span> <span class='ocrx_word' id='word_1_289' title='bbox 1256 3113 1458 3192; x_wconf 86' lang='lat' dir='ltr'><strong>semigneam,</strong></span> <span class='ocrx_word' id='word_1_290' title='bbox 1491 3131 1530 3173; x_wconf 83' lang='lat' dir='ltr'><strong>ex</strong></span> <span class='ocrx_word' id='word_1_291' title='bbox 1560 3111 1683 3174; x_wconf 83' lang='lat' dir='ltr'><strong>residua</strong></span> 
     </span>
     <span class='ocr_line' id='line_1_31' title="bbox 325 3199 1684 3284; baseline 0.001 -23"><span class='ocrx_word' id='word_1_292' title='bbox 325 3199 434 3261; x_wconf 89' lang='lat' dir='ltr'><strong>lumine</strong></span> <span class='ocrx_word' id='word_1_293' title='bbox 465 3199 544 3260; x_wconf 89' lang='lat' dir='ltr'><strong>omni</strong></span> <span class='ocrx_word' id='word_1_294' title='bbox 576 3200 728 3261; x_wconf 88' lang='lat' dir='ltr'><strong>orbatam:</strong></span> <span class='ocrx_word' id='word_1_295' title='bbox 759 3199 882 3280; x_wconf 79' lang='lat' dir='ltr'><strong>fierique</strong></span> <span class='ocrx_word' id='word_1_296' title='bbox 911 3219 950 3260; x_wconf 84' lang='lat' dir='ltr'><strong>ex</strong></span> <span class='ocrx_word' id='word_1_297' title='bbox 977 3199 1059 3279; x_wconf 84' lang='lat' dir='ltr'><strong>globi</strong></span> <span class='ocrx_word' id='word_1_298' title='bbox 1087 3199 1298 3276; x_wconf 84' lang='lat' dir='ltr'><strong>conversione,</strong></span> <span class='ocrx_word' id='word_1_299' title='bbox 1332 3211 1367 3264; x_wconf 90' lang='lat' dir='ltr'><strong>ut</strong></span> <span class='ocrx_word' id='word_1_300' title='bbox 1394 3201 1495 3266; x_wconf 85' lang='lat' dir='ltr'><strong>lueida</strong></span> <span class='ocrx_word' id='word_1_301' title='bbox 1514 3220 1589 3284; x_wconf 88' lang='lat' dir='ltr'><strong>pars</strong></span> <span class='ocrx_word' id='word_1_302' title='bbox 1613 3207 1684 3280; x_wconf 85' lang='lat' dir='ltr'><strong>pust</strong></span> 
     </span>
     <span class='ocr_line' id='line_1_32' title="bbox 325 3287 1250 3369; baseline 0.003 -21"><span class='ocrx_word' id='word_1_303' title='bbox 325 3303 433 3367; x_wconf 85' lang='lat' dir='ltr'><strong>eorpus</strong></span> <span class='ocrx_word' id='word_1_304' title='bbox 456 3287 555 3348; x_wconf 88' lang='lat' dir='ltr'><strong>latens</strong></span> <span class='ocrx_word' id='word_1_305' title='bbox 578 3289 722 3367; x_wconf 86' lang='lat' dir='ltr'><strong>paulatim</strong></span> <span class='ocrx_word' id='word_1_306' title='bbox 746 3287 843 3366; x_wconf 85' lang='lat' dir='ltr'><strong>magis</strong></span> <span class='ocrx_word' id='word_1_307' title='bbox 868 3295 958 3369; x_wconf 87' lang='lat' dir='ltr'><strong>atque</strong></span> <span class='ocrx_word' id='word_1_308' title='bbox 982 3287 1077 3368; x_wconf 87' lang='lat' dir='ltr'><strong>magis</strong></span> <span class='ocrx_word' id='word_1_309' title='bbox 1101 3299 1250 3369; x_wconf 85' lang='lat' dir='ltr'><strong>emergat</strong></span> 
     </span>
    </p>

    <p class='ocr_par' dir='ltr' id='par_1_8' title="bbox 323 3375 1686 4876">
     <span class='ocr_line' id='line_1_33' title="bbox 414 3375 1683 3459; baseline 0 -21"><span class='ocrx_word' id='word_1_310' title='bbox 414 3376 509 3456; x_wconf 88' lang='lat' dir='ltr'><strong>Hujus</strong></span> <span class='ocrx_word' id='word_1_311' title='bbox 533 3378 715 3438; x_wconf 88' lang='lat' dir='ltr'><strong>sententiam</strong></span> <span class='ocrx_word' id='word_1_312' title='bbox 731 3377 842 3438; x_wconf 84' lang='lat' dir='ltr'><strong>Thales</strong></span> <span class='ocrx_word' id='word_1_313' title='bbox 857 3377 996 3438; x_wconf 86' lang='lat' dir='ltr'><strong>Milesius</strong></span> <span class='ocrx_word' id='word_1_314' title='bbox 1019 3377 1172 3440; x_wconf 88' lang='lat' dir='ltr'><strong>meliorem</strong></span> <span class='ocrx_word' id='word_1_315' title='bbox 1196 3377 1337 3451; x_wconf 88' lang='lat' dir='ltr'><strong>reddidit,</strong></span> <span class='ocrx_word' id='word_1_316' title='bbox 1360 3377 1533 3459; x_wconf 87' lang='lat' dir='ltr'><strong>primusque</strong></span> <span class='ocrx_word' id='word_1_317' title='bbox 1557 3376 1588 3438; x_wconf 95' lang='lat' dir='ltr'><strong>id</strong></span> <span class='ocrx_word' id='word_1_318' title='bbox 1604 3375 1683 3456; x_wconf 88' lang='lat' dir='ltr'><strong>quod</strong></span> 
     </span>
     <span class='ocr_line' id='line_1_34' title="bbox 325 3463 1683 3548; baseline 0 -21"><span class='ocrx_word' id='word_1_319' title='bbox 325 3483 375 3528; x_wconf 88' lang='lat' dir='ltr'><strong>res</strong></span> <span class='ocrx_word' id='word_1_320' title='bbox 408 3473 472 3536; x_wconf 89' lang='lat' dir='ltr'><strong>est,</strong></span> <span class='ocrx_word' id='word_1_321' title='bbox 508 3473 603 3525; x_wconf 89' lang='lat' dir='ltr'><strong>totum</strong></span> <span class='ocrx_word' id='word_1_322' title='bbox 637 3465 693 3526; x_wconf 88' lang='lat' dir='ltr'><strong>hoc</strong></span> <span class='ocrx_word' id='word_1_323' title='bbox 722 3463 971 3544; x_wconf 86' lang='lat' dir='ltr'><strong>hemisphaerium</strong></span> <span class='ocrx_word' id='word_1_324' title='bbox 1003 3487 1023 3527; x_wconf 88' lang='lat' dir='ltr'><strong>a</strong></span> <span class='ocrx_word' id='word_1_325' title='bbox 1043 3464 1117 3529; x_wconf 85' lang='lat' dir='ltr'><strong>Sole</strong></span> <span class='ocrx_word' id='word_1_326' title='bbox 1149 3467 1295 3529; x_wconf 74' lang='lat' dir='ltr'><strong>illushari</strong></span> <span class='ocrx_word' id='word_1_327' title='bbox 1323 3467 1498 3548; x_wconf 86' lang='lat' dir='ltr'><strong>Lunamque</strong></span> <span class='ocrx_word' id='word_1_328' title='bbox 1531 3464 1616 3527; x_wconf 88' lang='lat' dir='ltr'><strong>nulla</strong></span> <span class='ocrx_word' id='word_1_329' title='bbox 1647 3483 1683 3527; x_wconf 76' lang='lat' dir='ltr'><strong>es</strong></span> 
     </span>
     <span class='ocr_line' id='line_1_35' title="bbox 324 3553 1684 3634; baseline 0.001 -20"><span class='ocrx_word' id='word_1_330' title='bbox 324 3562 412 3634; x_wconf 84' lang='lat' dir='ltr'><strong>parte</strong></span> <span class='ocrx_word' id='word_1_331' title='bbox 435 3571 468 3614; x_wconf 88' lang='lat' dir='ltr'><strong>ee</strong></span> <span class='ocrx_word' id='word_1_332' title='bbox 493 3553 561 3632; x_wconf 87' lang='lat' dir='ltr'><strong>ipsa</strong></span> <span class='ocrx_word' id='word_1_333' title='bbox 591 3553 689 3616; x_wconf 83' lang='lat' dir='ltr'><strong>lutere</strong></span> <span class='ocrx_word' id='word_1_334' title='bbox 721 3553 817 3615; x_wconf 71' lang='lat' dir='ltr'><strong>dixit:</strong></span> <span class='ocrx_word' id='word_1_335' title='bbox 852 3555 929 3634; x_wconf 90' lang='lat' dir='ltr'><strong>qood</strong></span> <span class='ocrx_word' id='word_1_336' title='bbox 954 3555 1133 3618; x_wconf 85' lang='lat' dir='ltr'><strong>Plutarchus</strong></span> <span class='ocrx_word' id='word_1_337' title='bbox 1156 3557 1360 3634; x_wconf 84' lang='lat' dir='ltr'><strong>Anaxagorae</strong></span> <span class='ocrx_word' id='word_1_338' title='bbox 1394 3555 1509 3618; x_wconf 80' lang='lat' dir='ltr'><strong>tribuit.</strong></span> <span class='ocrx_word' id='word_1_339' title='bbox 1555 3553 1684 3616; x_wconf 88' lang='lat' dir='ltr'><strong>Poterat</strong></span> 
     </span>
     <span class='ocr_line' id='line_1_36' title="bbox 324 3642 1683 3725; baseline 0 -21"><span class='ocrx_word' id='word_1_340' title='bbox 324 3642 356 3704; x_wconf 90' lang='lat' dir='ltr'><strong>id</strong></span> <span class='ocrx_word' id='word_1_341' title='bbox 380 3643 511 3702; x_wconf 82' lang='lat' dir='ltr'><strong>Berosus</strong></span> <span class='ocrx_word' id='word_1_342' title='bbox 534 3643 582 3704; x_wconf 88' lang='lat' dir='ltr'><strong>vel</strong></span> <span class='ocrx_word' id='word_1_343' title='bbox 605 3661 644 3704; x_wconf 89' lang='lat' dir='ltr'><strong>ex</strong></span> <span class='ocrx_word' id='word_1_344' title='bbox 668 3661 703 3704; x_wconf 92' lang='lat' dir='ltr'><strong>eo</strong></span> <span class='ocrx_word' id='word_1_345' title='bbox 726 3643 878 3722; x_wconf 88' lang='lat' dir='ltr'><strong>colligere,</strong></span> <span class='ocrx_word' id='word_1_346' title='bbox 903 3643 981 3723; x_wconf 91' lang='lat' dir='ltr'><strong>quod</strong></span> <span class='ocrx_word' id='word_1_347' title='bbox 1005 3643 1043 3704; x_wconf 89' lang='lat' dir='ltr'><strong>ad</strong></span> <span class='ocrx_word' id='word_1_348' title='bbox 1066 3643 1184 3706; x_wconf 85' lang='lat' dir='ltr'><strong>oculum</strong></span> <span class='ocrx_word' id='word_1_349' title='bbox 1206 3652 1312 3724; x_wconf 88' lang='lat' dir='ltr'><strong>patet,</strong></span> <span class='ocrx_word' id='word_1_350' title='bbox 1336 3663 1394 3706; x_wconf 90' lang='lat' dir='ltr'><strong>uon</strong></span> <span class='ocrx_word' id='word_1_351' title='bbox 1417 3661 1537 3725; x_wconf 81' lang='lat' dir='ltr'><strong>semper</strong></span> <span class='ocrx_word' id='word_1_352' title='bbox 1560 3642 1683 3704; x_wconf 62' lang='lat' dir='ltr'><strong>medem</strong></span> 
     </span>
     <span class='ocr_line' id='line_1_37' title="bbox 325 3729 1684 3810; baseline 0.001 -17"><span class='ocrx_word' id='word_1_353' title='bbox 325 3731 430 3793; x_wconf 80' lang='lat' dir='ltr'><strong>Lunae</strong></span> <span class='ocrx_word' id='word_1_354' title='bbox 454 3737 558 3810; x_wconf 88' lang='lat' dir='ltr'><strong>partes</strong></span> <span class='ocrx_word' id='word_1_355' title='bbox 589 3731 698 3793; x_wconf 83' lang='lat' dir='ltr'><strong>locere.</strong></span> <span class='ocrx_word' id='word_1_356' title='bbox 747 3729 846 3802; x_wconf 66' lang='lat' dir='ltr'><strong>Qum</strong></span> <span class='ocrx_word' id='word_1_357' title='bbox 879 3731 957 3794; x_wconf 89' lang='lat' dir='ltr'><strong>enirn</strong></span> <span class='ocrx_word' id='word_1_358' title='bbox 991 3732 1078 3794; x_wconf 89' lang='lat' dir='ltr'><strong>nobis</strong></span> <span class='ocrx_word' id='word_1_359' title='bbox 1107 3733 1136 3793; x_wconf 88' lang='lat' dir='ltr'><strong>in</strong></span> <span class='ocrx_word' id='word_1_360' title='bbox 1169 3733 1258 3795; x_wconf 88' lang='lat' dir='ltr'><strong>Luna</strong></span> <span class='ocrx_word' id='word_1_361' title='bbox 1289 3733 1397 3795; x_wconf 85' lang='lat' dir='ltr'><strong>faeiem</strong></span> <span class='ocrx_word' id='word_1_362' title='bbox 1429 3749 1468 3794; x_wconf 84' lang='lat' dir='ltr'><strong>ea</strong></span> <span class='ocrx_word' id='word_1_363' title='bbox 1497 3732 1684 3794; x_wconf 83' lang='lat' dir='ltr'><strong>macularum</strong></span> 
     </span>
     <span class='ocr_line' id='line_1_38' title="bbox 324 3819 1683 3902; baseline 0.001 -21"><span class='ocrx_word' id='word_1_364' title='bbox 324 3819 521 3899; x_wconf 81' lang='lat' dir='ltr'><strong>dispositione</strong></span> <span class='ocrx_word' id='word_1_365' title='bbox 546 3820 757 3900; x_wconf 83' lang='lat' dir='ltr'><strong>imaginamur,</strong></span> <span class='ocrx_word' id='word_1_366' title='bbox 781 3821 835 3882; x_wconf 90' lang='lat' dir='ltr'><strong>illa</strong></span> <span class='ocrx_word' id='word_1_367' title='bbox 858 3821 1027 3882; x_wconf 82' lang='lat' dir='ltr'><strong>successive</strong></span> <span class='ocrx_word' id='word_1_368' title='bbox 1052 3821 1175 3884; x_wconf 89' lang='lat' dir='ltr'><strong>enititur</strong></span> <span class='ocrx_word' id='word_1_369' title='bbox 1198 3823 1227 3884; x_wconf 92' lang='lat' dir='ltr'><strong>in</strong></span> <span class='ocrx_word' id='word_1_370' title='bbox 1251 3821 1348 3884; x_wconf 87' lang='lat' dir='ltr'><strong>lucem</strong></span> <span class='ocrx_word' id='word_1_371' title='bbox 1372 3839 1549 3902; x_wconf 84' lang='lat' dir='ltr'><strong>semperque</strong></span> <span class='ocrx_word' id='word_1_372' title='bbox 1573 3819 1683 3882; x_wconf 71' lang='lat' dir='ltr'><strong>mnne-</strong></span> 
     </span>
     <span class='ocr_line' id='line_1_39' title="bbox 324 3907 1685 3990; baseline 0 -20"><span class='ocrx_word' id='word_1_373' title='bbox 324 3907 394 3970; x_wconf 88' lang='lat' dir='ltr'><strong>bilis</strong></span> <span class='ocrx_word' id='word_1_374' title='bbox 414 3907 452 3970; x_wconf 90' lang='lat' dir='ltr'><strong>ad</strong></span> <span class='ocrx_word' id='word_1_375' title='bbox 476 3927 530 3972; x_wconf 90' lang='lat' dir='ltr'><strong>uos</strong></span> <span class='ocrx_word' id='word_1_376' title='bbox 553 3909 692 3970; x_wconf 88' lang='lat' dir='ltr'><strong>deorsum</strong></span> <span class='ocrx_word' id='word_1_377' title='bbox 717 3907 911 3983; x_wconf 85' lang='lat' dir='ltr'><strong>convertitur,</strong></span> <span class='ocrx_word' id='word_1_378' title='bbox 936 3910 993 3971; x_wconf 89' lang='lat' dir='ltr'><strong>loci</strong></span> <span class='ocrx_word' id='word_1_379' title='bbox 1017 3910 1180 3972; x_wconf 86' lang='lat' dir='ltr'><strong>transitum</strong></span> <span class='ocrx_word' id='word_1_380' title='bbox 1203 3929 1293 3990; x_wconf 84' lang='lat' dir='ltr'><strong>super</strong></span> <span class='ocrx_word' id='word_1_381' title='bbox 1315 3928 1384 3972; x_wconf 87' lang='lat' dir='ltr'><strong>sesa</strong></span> <span class='ocrx_word' id='word_1_382' title='bbox 1408 3909 1588 3972; x_wconf 84' lang='lat' dir='ltr'><strong>concodeus.</strong></span> <span class='ocrx_word' id='word_1_383' title='bbox 1624 3908 1685 3970; x_wconf 85' lang='lat' dir='ltr'><strong>Est</strong></span> 
     </span>
     <span class='ocr_line' id='line_1_40' title="bbox 325 3996 1685 4078; baseline 0.001 -20"><span class='ocrx_word' id='word_1_384' title='bbox 325 3997 355 4058; x_wconf 94' lang='lat' dir='ltr'><strong>in</strong></span> <span class='ocrx_word' id='word_1_385' title='bbox 380 3996 559 4059; x_wconf 86' lang='lat' dir='ltr'><strong>occidentali</strong></span> <span class='ocrx_word' id='word_1_386' title='bbox 584 3997 687 4059; x_wconf 87' lang='lat' dir='ltr'><strong>Lunae</strong></span> <span class='ocrx_word' id='word_1_387' title='bbox 711 3997 845 4078; x_wconf 89' lang='lat' dir='ltr'><strong>margine</strong></span> <span class='ocrx_word' id='word_1_388' title='bbox 868 3998 959 4077; x_wconf 90' lang='lat' dir='ltr'><strong>paulo</strong></span> <span class='ocrx_word' id='word_1_389' title='bbox 983 4015 1075 4078; x_wconf 88' lang='lat' dir='ltr'><strong>supra</strong></span> <span class='ocrx_word' id='word_1_390' title='bbox 1098 3999 1224 4074; x_wconf 89' lang='lat' dir='ltr'><strong>oculum,</strong></span> <span class='ocrx_word' id='word_1_391' title='bbox 1248 4017 1354 4060; x_wconf 88' lang='lat' dir='ltr'><strong>versus</strong></span> <span class='ocrx_word' id='word_1_392' title='bbox 1382 3999 1540 4073; x_wconf 82' lang='lat' dir='ltr'><strong>verticem,</strong></span> <span class='ocrx_word' id='word_1_393' title='bbox 1565 3997 1685 4060; x_wconf 89' lang='lat' dir='ltr'><strong>macula</strong></span> 
     </span>
     <span class='ocr_line' id='line_1_41' title="bbox 327 4085 1685 4168; baseline 0.001 -22"><span class='ocrx_word' id='word_1_394' title='bbox 327 4085 505 4165; x_wconf 89' lang='lat' dir='ltr'><strong>nigerrima,</strong></span> <span class='ocrx_word' id='word_1_395' title='bbox 539 4087 641 4166; x_wconf 88' lang='lat' dir='ltr'><strong>puncti</strong></span> <span class='ocrx_word' id='word_1_396' title='bbox 672 4086 787 4160; x_wconf 89' lang='lat' dir='ltr'><strong>instar,</strong></span> <span class='ocrx_word' id='word_1_397' title='bbox 819 4086 848 4146; x_wconf 91' lang='lat' dir='ltr'><strong>in</strong></span> <span class='ocrx_word' id='word_1_398' title='bbox 872 4086 970 4148; x_wconf 90' lang='lat' dir='ltr'><strong>media</strong></span> <span class='ocrx_word' id='word_1_399' title='bbox 993 4096 1025 4148; x_wconf 90' lang='lat' dir='ltr'><strong>et</strong></span> <span class='ocrx_word' id='word_1_400' title='bbox 1048 4086 1217 4150; x_wconf 88' lang='lat' dir='ltr'><strong>clarissima</strong></span> <span class='ocrx_word' id='word_1_401' title='bbox 1240 4087 1326 4161; x_wconf 88' lang='lat' dir='ltr'><strong>inea,</strong></span> <span class='ocrx_word' id='word_1_402' title='bbox 1349 4095 1492 4168; x_wconf 83' lang='lat' dir='ltr'><strong>separata</strong></span> <span class='ocrx_word' id='word_1_403' title='bbox 1516 4108 1535 4149; x_wconf 91' lang='lat' dir='ltr'><strong>a</strong></span> <span class='ocrx_word' id='word_1_404' title='bbox 1557 4085 1685 4148; x_wconf 86' lang='lat' dir='ltr'><strong>maculis</strong></span> 
     </span>
     <span class='ocr_line' id='line_1_42' title="bbox 326 4173 1683 4255; baseline 0 -21"><span class='ocrx_word' id='word_1_405' title='bbox 326 4190 381 4234; x_wconf 90' lang='lat' dir='ltr'><strong>ceu</strong></span> <span class='ocrx_word' id='word_1_406' title='bbox 405 4173 504 4235; x_wconf 90' lang='lat' dir='ltr'><strong>insula</strong></span> <span class='ocrx_word' id='word_1_407' title='bbox 527 4195 546 4234; x_wconf 90' lang='lat' dir='ltr'><strong>a</strong></span> <span class='ocrx_word' id='word_1_408' title='bbox 568 4175 809 4248; x_wconf 88' lang='lat' dir='ltr'><strong>contineutibus,</strong></span> <span class='ocrx_word' id='word_1_409' title='bbox 832 4174 882 4234; x_wconf 83' lang='lat' dir='ltr'><strong>vix</strong></span> <span class='ocrx_word' id='word_1_410' title='bbox 906 4175 992 4255; x_wconf 90' lang='lat' dir='ltr'><strong>digiti</strong></span> <span class='ocrx_word' id='word_1_411' title='bbox 1017 4176 1178 4237; x_wconf 86' lang='lat' dir='ltr'><strong>latitudine</strong></span> <span class='ocrx_word' id='word_1_412' title='bbox 1201 4175 1239 4238; x_wconf 87' lang='lat' dir='ltr'><strong>ab</strong></span> <span class='ocrx_word' id='word_1_413' title='bbox 1263 4185 1397 4238; x_wconf 84' lang='lat' dir='ltr'><strong>extremo</strong></span> <span class='ocrx_word' id='word_1_414' title='bbox 1429 4176 1521 4238; x_wconf 85' lang='lat' dir='ltr'><strong>limbo</strong></span> <span class='ocrx_word' id='word_1_415' title='bbox 1554 4175 1683 4237; x_wconf 87' lang='lat' dir='ltr'><strong>distans.</strong></span> 
     </span>
     <span class='ocr_line' id='line_1_43' title="bbox 324 4261 1682 4344; baseline 0.002 -22"><span class='ocrx_word' id='word_1_416' title='bbox 324 4261 414 4322; x_wconf 69' lang='lat' dir='ltr'><strong>lieno</strong></span> <span class='ocrx_word' id='word_1_417' title='bbox 438 4262 494 4336; x_wconf 91' lang='lat' dir='ltr'><strong>ibi,</strong></span> <span class='ocrx_word' id='word_1_418' title='bbox 528 4281 634 4342; x_wconf 86' lang='lat' dir='ltr'><strong>nempe</strong></span> <span class='ocrx_word' id='word_1_419' title='bbox 657 4262 686 4323; x_wconf 90' lang='lat' dir='ltr'><strong>in</strong></span> <span class='ocrx_word' id='word_1_420' title='bbox 711 4263 891 4324; x_wconf 85' lang='lat' dir='ltr'><strong>occidentali</strong></span> <span class='ocrx_word' id='word_1_421' title='bbox 914 4263 1050 4343; x_wconf 31' lang='lat' dir='ltr'><strong>margine,</strong></span> <span class='ocrx_word' id='word_1_422' title='bbox 1078 4271 1111 4325; x_wconf 91' lang='lat' dir='ltr'><strong>et</strong></span> <span class='ocrx_word' id='word_1_423' title='bbox 1141 4266 1232 4344; x_wconf 91' lang='lat' dir='ltr'><strong>paulo</strong></span> <span class='ocrx_word' id='word_1_424' title='bbox 1259 4283 1366 4326; x_wconf 88' lang='lat' dir='ltr'><strong>uersus</strong></span> <span class='ocrx_word' id='word_1_425' title='bbox 1399 4264 1542 4327; x_wconf 84' lang='lat' dir='ltr'><strong>verticem</strong></span> <span class='ocrx_word' id='word_1_426' title='bbox 1566 4281 1682 4338; x_wconf 87' lang='lat' dir='ltr'><strong>ceruos,</strong></span> 
     </span>
     <span class='ocr_line' id='line_1_44' title="bbox 328 4349 1683 4432; baseline 0.003 -22"><span class='ocrx_word' id='word_1_427' title='bbox 328 4369 381 4411; x_wconf 83' lang='lat' dir='ltr'><strong>seu</strong></span> <span class='ocrx_word' id='word_1_428' title='bbox 406 4349 528 4411; x_wconf 86' lang='lat' dir='ltr'><strong>dividua</strong></span> <span class='ocrx_word' id='word_1_429' title='bbox 551 4351 638 4412; x_wconf 90' lang='lat' dir='ltr'><strong>Luna</strong></span> <span class='ocrx_word' id='word_1_430' title='bbox 658 4353 697 4412; x_wconf 90' lang='lat' dir='ltr'><strong>sit</strong></span> <span class='ocrx_word' id='word_1_431' title='bbox 730 4369 783 4411; x_wconf 90' lang='lat' dir='ltr'><strong>seu</strong></span> <span class='ocrx_word' id='word_1_432' title='bbox 811 4349 939 4430; x_wconf 87' lang='lat' dir='ltr'><strong>gibbosa</strong></span> <span class='ocrx_word' id='word_1_433' title='bbox 970 4371 1023 4413; x_wconf 86' lang='lat' dir='ltr'><strong>eeu</strong></span> <span class='ocrx_word' id='word_1_434' title='bbox 1046 4353 1164 4414; x_wconf 91' lang='lat' dir='ltr'><strong>omnino</strong></span> <span class='ocrx_word' id='word_1_435' title='bbox 1187 4354 1287 4432; x_wconf 89' lang='lat' dir='ltr'><strong>plena.</strong></span> <span class='ocrx_word' id='word_1_436' title='bbox 1336 4351 1473 4415; x_wconf 83' lang='lat' dir='ltr'><strong>Circulos</strong></span> <span class='ocrx_word' id='word_1_437' title='bbox 1497 4351 1590 4432; x_wconf 92' lang='lat' dir='ltr'><strong>igitur</strong></span> <span class='ocrx_word' id='word_1_438' title='bbox 1612 4351 1683 4414; x_wconf 90' lang='lat' dir='ltr'><strong>illu-</strong></span> 
     </span>
     <span class='ocr_line' id='line_1_45' title="bbox 327 4437 1686 4522; baseline 0.003 -24"><span class='ocrx_word' id='word_1_439' title='bbox 327 4437 501 4500; x_wconf 88' lang='lat' dir='ltr'><strong>minationis</strong></span> <span class='ocrx_word' id='word_1_440' title='bbox 528 4439 655 4518; x_wconf 90' lang='lat' dir='ltr'><strong>primum</strong></span> <span class='ocrx_word' id='word_1_441' title='bbox 687 4439 770 4500; x_wconf 89' lang='lat' dir='ltr'><strong>illam</strong></span> <span class='ocrx_word' id='word_1_442' title='bbox 800 4439 941 4518; x_wconf 89' lang='lat' dir='ltr'><strong>attingit,</strong></span> <span class='ocrx_word' id='word_1_443' title='bbox 974 4451 1046 4521; x_wconf 92' lang='lat' dir='ltr'><strong>post</strong></span> <span class='ocrx_word' id='word_1_444' title='bbox 1076 4440 1189 4504; x_wconf 87' lang='lat' dir='ltr'><strong>transit</strong></span> <span class='ocrx_word' id='word_1_445' title='bbox 1221 4443 1317 4522; x_wconf 86' lang='lat' dir='ltr'><strong>magis</strong></span> <span class='ocrx_word' id='word_1_446' title='bbox 1348 4441 1518 4522; x_wconf 87' lang='lat' dir='ltr'><strong>magisque,</strong></span> <span class='ocrx_word' id='word_1_447' title='bbox 1550 4450 1582 4502; x_wconf 89' lang='lat' dir='ltr'><strong>et</strong></span> <span class='ocrx_word' id='word_1_448' title='bbox 1614 4448 1686 4522; x_wconf 89' lang='lat' dir='ltr'><strong>post</strong></span> 
     </span>
     <span class='ocr_line' id='line_1_46' title="bbox 323 4524 1684 4610; baseline 0.003 -24"><span class='ocrx_word' id='word_1_449' title='bbox 323 4525 521 4606; x_wconf 87' lang='lat' dir='ltr'><strong>plenilunium</strong></span> <span class='ocrx_word' id='word_1_450' title='bbox 554 4529 643 4606; x_wconf 88' lang='lat' dir='ltr'><strong>plane</strong></span> <span class='ocrx_word' id='word_1_451' title='bbox 674 4527 795 4592; x_wconf 86' lang='lat' dir='ltr'><strong>deserit.</strong></span> <span class='ocrx_word' id='word_1_452' title='bbox 842 4524 944 4597; x_wconf 85' lang='lat' dir='ltr'><strong>Quare</strong></span> <span class='ocrx_word' id='word_1_453' title='bbox 978 4549 1035 4592; x_wconf 90' lang='lat' dir='ltr'><strong>ooo</strong></span> <span class='ocrx_word' id='word_1_454' title='bbox 1073 4530 1330 4605; x_wconf 29' lang='lat' dir='ltr'><strong>eaedemeunae</strong></span> <span class='ocrx_word' id='word_1_455' title='bbox 1362 4539 1466 4610; x_wconf 89' lang='lat' dir='ltr'><strong>partes</strong></span> <span class='ocrx_word' id='word_1_456' title='bbox 1503 4548 1624 4609; x_wconf 88' lang='lat' dir='ltr'><strong>semper</strong></span> <span class='ocrx_word' id='word_1_457' title='bbox 1655 4529 1684 4590; x_wconf 91' lang='lat' dir='ltr'><strong>iu</strong></span> 
     </span>
     <span class='ocr_line' id='line_1_47' title="bbox 330 4615 1685 4700; baseline 0.001 -22"><span class='ocrx_word' id='word_1_458' title='bbox 330 4615 437 4678; x_wconf 86' lang='lat' dir='ltr'><strong>lumine</strong></span> <span class='ocrx_word' id='word_1_459' title='bbox 461 4623 541 4688; x_wconf 84' lang='lat' dir='ltr'><strong>sunt,</strong></span> <span class='ocrx_word' id='word_1_460' title='bbox 567 4617 644 4696; x_wconf 88' lang='lat' dir='ltr'><strong>quod</strong></span> <span class='ocrx_word' id='word_1_461' title='bbox 661 4617 793 4678; x_wconf 88' lang='lat' dir='ltr'><strong>Berosus</strong></span> <span class='ocrx_word' id='word_1_462' title='bbox 817 4615 1023 4692; x_wconf 81' lang='lat' dir='ltr'><strong>existimabat,</strong></span> <span class='ocrx_word' id='word_1_463' title='bbox 1048 4621 1101 4680; x_wconf 88' lang='lat' dir='ltr'><strong>aad</strong></span> <span class='ocrx_word' id='word_1_464' title='bbox 1126 4619 1251 4682; x_wconf 86' lang='lat' dir='ltr'><strong>eaedem</strong></span> <span class='ocrx_word' id='word_1_465' title='bbox 1274 4619 1339 4699; x_wconf 89' lang='lat' dir='ltr'><strong>ejus</strong></span> <span class='ocrx_word' id='word_1_466' title='bbox 1363 4618 1496 4698; x_wconf 86' lang='lat' dir='ltr'><strong>eorporis</strong></span> <span class='ocrx_word' id='word_1_467' title='bbox 1520 4627 1627 4700; x_wconf 89' lang='lat' dir='ltr'><strong>partes</strong></span> <span class='ocrx_word' id='word_1_468' title='bbox 1646 4615 1685 4680; x_wconf 90' lang='lat' dir='ltr'><strong>ad</strong></span> 
     </span>
     <span class='ocr_line' id='line_1_48' title="bbox 328 4701 1684 4788; baseline 0.006 -26"><span class='ocrx_word' id='word_1_469' title='bbox 328 4701 478 4764; x_wconf 86' lang='lat' dir='ltr'><strong>Tellurem</strong></span> <span class='ocrx_word' id='word_1_470' title='bbox 502 4704 668 4783; x_wconf 85' lang='lat' dir='ltr'><strong>gyratioois</strong></span> <span class='ocrx_word' id='word_1_471' title='bbox 693 4724 765 4768; x_wconf 83' lang='lat' dir='ltr'><strong>suae</strong></span> <span class='ocrx_word' id='word_1_472' title='bbox 790 4711 924 4766; x_wconf 82' lang='lat' dir='ltr'><strong>centrum</strong></span> <span class='ocrx_word' id='word_1_473' title='bbox 947 4714 1093 4784; x_wconf 89' lang='lat' dir='ltr'><strong>perpetuo</strong></span> <span class='ocrx_word' id='word_1_474' title='bbox 1116 4715 1348 4771; x_wconf 85' lang='lat' dir='ltr'><strong>convertuntur:</strong></span> <span class='ocrx_word' id='word_1_475' title='bbox 1372 4707 1441 4788; x_wconf 87' lang='lat' dir='ltr'><strong>ipsa</strong></span> <span class='ocrx_word' id='word_1_476' title='bbox 1464 4725 1535 4770; x_wconf 90' lang='lat' dir='ltr'><strong>vero</strong></span> <span class='ocrx_word' id='word_1_477' title='bbox 1560 4708 1684 4772; x_wconf 83' lang='lat' dir='ltr'><strong>Terram</strong></span> 
     </span>
     <span class='ocr_line' id='line_1_49' title="bbox 328 4789 1685 4876; baseline 0.004 -26"><span class='ocrx_word' id='word_1_478' title='bbox 328 4789 536 4852; x_wconf 85' lang='lat' dir='ltr'><strong>circumeundo</strong></span> <span class='ocrx_word' id='word_1_479' title='bbox 565 4793 641 4852; x_wconf 87' lang='lat' dir='ltr'><strong>alias</strong></span> <span class='ocrx_word' id='word_1_480' title='bbox 679 4803 769 4873; x_wconf 90' lang='lat' dir='ltr'><strong>atque</strong></span> <span class='ocrx_word' id='word_1_481' title='bbox 809 4792 886 4852; x_wconf 88' lang='lat' dir='ltr'><strong>alias</strong></span> <span class='ocrx_word' id='word_1_482' title='bbox 925 4791 990 4854; x_wconf 88' lang='lat' dir='ltr'><strong>Soli</strong></span> <span class='ocrx_word' id='word_1_483' title='bbox 1023 4803 1127 4872; x_wconf 80' lang='lat' dir='ltr'><strong>partes</strong></span> <span class='ocrx_word' id='word_1_484' title='bbox 1156 4796 1275 4876; x_wconf 80' lang='lat' dir='ltr'><strong>objicit,</strong></span> <span class='ocrx_word' id='word_1_485' title='bbox 1304 4815 1374 4860; x_wconf 81' lang='lat' dir='ltr'><strong>aeae</strong></span> <span class='ocrx_word' id='word_1_486' title='bbox 1402 4797 1470 4875; x_wconf 85' lang='lat' dir='ltr'><strong>ipsa</strong></span> <span class='ocrx_word' id='word_1_487' title='bbox 1494 4804 1685 4876; x_wconf 72' lang='lat' dir='ltr'><strong>unquam</strong></span> 
     </span>
    </p>
   </div>
   <div class='ocr_carea' id='block_1_5' title="bbox 0 0 1863 5530">
    <p class='ocr_par' dir='ltr' id='par_1_9' title="bbox 0 0 1863 5530">
     <span class='ocr_line' id='line_1_50' title="bbox 0 0 1863 5530; baseline 0 0"><span class='ocrx_word' id='word_1_488' title='bbox 0 0 1863 5530; x_wconf 95' lang='lat' dir='ltr'><strong> </strong></span> 
     </span>
    </p>
   </div>
  </div>
 </body>
</html>
