3476 5532
521 325 563 361 seu
582 307 717 362 Mercurius
736 312 761 362 in
780 309 837 366 Scis
854 311 927 364 rhus.
1323 307 1387 376 803
1511 291 1516 306 ’

62 487 106 550 sic
128 488 309 568 deprehenso
328 491 402 568 puto
419 495 515 550 ortam
538 507 605 550 esse
623 488 704 550 illam
727 488 924 561 traditionem,
950 487 1172 568 quodJoaunes
1193 485 1389 550 annunciatus

63 577 152 640 luerit
182 578 230 640 die
260 577 310 642 27.
335 576 529 660 Septembris.
575 576 808 640 Dissimularunt
839 578 916 640 enirn
948 577 1114 640 dissensum
1145 575 1256 638 numeri
1287 572 1329 640 30
1359 575 1389 664 iq

61 665 259 745 Evangelista
281 668 330 748 qui
350 664 406 728 hoc
430 666 692 749 deprehenderunt,
717 673 769 729 aut
791 668 868 730 l'orte
891 668 927 728 de
950 685 986 728 ao
1009 685 1066 728 nou
1089 663 1265 744 cogitarunt.

147 757 231 820 Haec
260 755 349 833 igitur
378 764 464 818 erant
489 755 633 838 Dionysio
662 763 836 834 argumenta
858 777 877 818 s
903 755 1038 836 patribus
1069 760 1195 834 accepta
1225 751 1390 834 inquirendi

60 844 130 907 anni
152 845 353 926 conceptionis
376 843 513 908 Josnnis.
537 843 674 917 ,Quodsi
701 844 801 927 itaque
822 843 956 908 Joannes
983 843 1178 908 annunciatus
1201 848 1249 904 est
1270 840 1389 904 Juliano

59 929 114 998 45.
138 931 316 1014 Septembri,
342 931 481 998 Christus
504 933 700 997 annunciatus
723 941 755 998 et
776 943 937 1015 conceptus
960 933 1049 997 luerit
1070 950 1147 997 anno
1171 937 1313 1012 sequente
1336 925 1389 996 46.

59 1018 111 1086 25.
135 1023 249 1086 Martii.
295 1025 326 1086 Is
348 1041 418 1085 vero
442 1031 490 1086 est
516 1024 643 1104 primus.
659 1042 748 1085 aerae
780 1024 956 1099 hodiemae‚
987 1041 1075 1104 quam
1102 1040 1157 1085 nos
1179 1042 1198 1084 a
1220 1019 1391 1084 Nativitate

59 1111 218 1176 deductam
241 1113 330 1193 vulgo
353 1119 501 1193 putamus.
548 1115 654 1194 ltaque
682 1113 844 1197 scriptores
868 1110 995 1185 Gallici,
1018 1111 1066 1193 qui
1089 1108 1265 1192 Dionysium
1288 1109 1392 1171 dextre

57 1201 279 1277 intellexerunt,
304 1221 370 1265 cnm
388 1209 544 1264 numerant
567 1221 674 1266 anuum
687 1202 906 1266 Incamationia
919 1200 1134 1282 Dionysianum
1150 1194 1224 1264 807.
1249 1197 1393 1276 incipiunt

57 1291 141 1353 illum
169 1290 302 1354 etiams
329 1290 376 1354 die
399 1290 625 1367 lucarnationis,
649 1311 668 1352 a
691 1288 742 1356 25.
767 1289 872 1354 Martii
899 1311 953 1365 se,
983 1290 1046 1351 sive
1069 1295 1191 1368 propter
1213 1286 1352 1348 viciniam
1375 1307 1394 1348 a

56 1380 219 1456 Paschate,
253 1389 285 1442 et
315 1379 476 1444 terminant
508 1382 631 1443 eundem
662 1380 691 1443 in
722 1377 773 1446 24.
797 1373 901 1442 Martii
932 1386 1003 1459 post
1032 1377 1148 1440 initium
1179 1375 1250 1440 anni
1279 1374 1394 1457 politici

56 1469 197 1542 Romani,
221 1488 307 1550 quem
330 1489 384 1532 nos
409 1468 496 1533 hodie
517 1487 613 1550 prava
638 1469 840 1533 intellectione
864 1487 951 1532 aerae
974 1467 1176 1550 Dionysiauae
1204 1483 1394 1528 numeramus

53 1560 122 1639 jam
144 1555 218 1622 808.
243 1566 274 1622 et
296 1579 315 1621 a
337 1559 520 1633 Nativitata,
553 1559 678 1640 ideoque
710 1559 803 1621 etiam
825 1579 844 1620 a
867 1558 915 1620 dic
936 1556 1126 1632 Natiuitatis,
1150 1573 1204 1618 seu
1230 1554 1330 1635 potius
1354 1554 1392 1615 ob

58 1646 196 1710 viciniam
223 1646 300 1710 initii
329 1647 442 1728 politici
464 1647 592 1711 Romani
615 1670 634 1710 a
656 1648 704 1711 die
727 1645 967 1710 chcumcisionis.
1005 1646 1100 1710 Recte
1123 1644 1214 1726 igitur
1235 1643 1297 1706 ista
1320 1661 1393 1705 con-

55 1736 170 1816 junctio
194 1733 275 1800 Solis
298 1744 330 1801 ct
351 1737 500 1812 Mercurii,
526 1757 600 1820 quae
627 1735 675 1801 lt.
695 1735 800 1800 Martii
822 1736 954 1816 contigit,
979 1735 1131 1817 reponitur
1154 1740 1186 1796 ct
1207 1753 1227 1794 a
1248 1732 1393 1812 scriptore

60 1823 149 1888 Gallo
181 1823 210 1888 in
241 1827 328 1890 linem
360 1827 429 1893 anni
452 1824 527 1892 807.
561 1833 592 1890 et
614 1847 633 1889 a
654 1827 741 1890 uobis
773 1827 803 1888 in
834 1826 961 1907 primum
993 1825 1188 1907 quadrantem
1221 1820 1290 1884 anni
1318 1815 1392 1884 808.

60 1934 147 1978 aerae
169 1915 311 1994 vulgaris.

146 2004 308 2067 Provectne
338 2023 403 2068 snm
434 2011 554 2086 praeter
584 2009 713 2066 mentem
744 2004 775 2066 in
804 2002 1031 2083 chronologica,
1065 2007 1189 2064 ostensa
1220 2017 1312 2062 causa
1342 2016 1394 2060 cur

60 2092 146 2156 hodie
170 2112 263 2178 annos
286 2091 401 2157 Christi
423 2095 578 2158 mutilatus
600 2093 764 2156 habeamus
787 2111 879 2172 opera
892 2091 1038 2176 Dionysii,
1063 2108 1128 2153 cum
1150 2095 1269 2151 veteres
1292 2087 1393 2150 eccle-

60 2182 122 2246 siae
145 2181 305 2261 scriptores
329 2183 445 2246 bieunio
469 2184 658 2248 maturiorem
681 2182 842 2246 exhibeant
865 2179 978 2244 Christi
1001 2179 1211 2251 nativitatem,
1235 2194 1324 2257 quam
1346 2183 1394 2238 est

59 2278 150 2352 caput
172 2271 329 2334 hodiernae
353 2292 441 2335 aerae
474 2272 615 2355 vulgaris.
662 2272 696 2335 ld
721 2272 778 2334 leci
800 2277 886 2332 tanto
917 2269 1072 2338 libentius,
1105 2267 1184 2348 quod
1211 2273 1282 2327 ante
1305 2264 1393 2327 bien-

57 2362 138 2424 nium
166 2359 196 2423 in
223 2360 363 2424 Diatriba
395 2359 615 2442 chronologica
646 2360 683 2424 de
710 2379 788 2423 anno
819 2357 968 2422 Natalitio
998 2356 1112 2423 Christi
1144 2373 1284 2428 causam,
1317 2373 1393 2434 quae
1423 2407 1427 2424 ‚

56 2449 233 2533 Dionysium
255 2450 349 2514 nostri
372 2451 485 2513 numeri
508 2451 690 2514 conditorem
713 2447 873 2524 seduxerit,
898 2447 995 2511 dicere
1019 2465 1076 2510 non
1099 2445 1193 2525 potui.
1205 2441 1241 2517 *)

145 2539 235 2602 Addo
259 2539 350 2618 igitur
364 2539 464 2602 athoc
487 2540 591 2613 obiter,
617 2538 759 2601 invidiam
777 2537 874 2601 creari
896 2536 977 2599 dicto
991 2556 1057 2598 meo
1081 2535 1180 2597 libello
1204 2531 1393 2596 auctoribus-

57 2647 114 2709 que
148 2645 221 2709 qnos
253 2645 319 2690 sum
351 2635 471 2690 secutus
501 2648 555 2703 eo,
587 2626 665 2706 quod
695 2644 749 2706 pro
777 2625 993 2705 Evangelistae
1027 2641 1149 2687 nurnero
1177 2618 1219 2686 30
1251 2639 1395 2683 annorum

57 2716 170 2778 aetatis
195 2714 306 2778 Christi
329 2734 384 2778 nos
407 2716 542 2796 ponimus
566 2712 609 2778 32
630 2715 679 2777 vel
703 2711 759 2788 33,
788 2720 966 2778 excusantes
998 2713 1154 2776 rotundum
1178 2709 1393 2788 Evangeliscaa

56 2823 212 2868 numerum
234 2821 288 2884 per
319 2805 517 2885 adjectionem
545 2803 710 2889 particulae
742 2799 829 2866 dua:
860 2802 963 2884 quasi
994 2801 1043 2865 val
1074 2800 1232 2864 circiter.
1277 2798 1396 2879 Atqui

58 2902 131 2957 sunt
163 2893 215 2956 isti
244 2892 336 2973 iniqui
367 2895 530 2958 censores?
560 2892 708 2958 Nimirum
739 2892 779 2969 ii,
815 2891 864 2973 qni
886 2889 1101 2975 Dionysiauam
1133 2887 1222 2952 hodie
1251 2888 1395 2950 usitatam

58 3003 162 3046 aeram
194 2989 374 3064 sequuntur3
406 2983 506 3065 itaque
539 2984 643 3046 eodem
674 2981 794 3044 crimine
825 2981 904 3062 quod
930 2981 959 3042 iu
990 2980 1076 3044 nobis
1106 2985 1249 3042 accusant
1276 2983 1307 3066 et
1335 2975 1395 3056 ipsi

58 3080 209 3136 tenentur.
253 3069 400 3135 Auximum
422 3091 476 3134 nos
499 3071 711 3152 Evangelistae
735 3071 909 3136 numerum?
931 3070 994 3152 Ipsi
1016 3068 1200 3141 mutilarunt,
1223 3074 1255 3130 at
1271 3085 1325 3147 pro
1350 3062 1394 3129 30

58 3163 193 3225 secamut
215 3157 268 3226 28.
315 3158 349 3223 Si
371 3161 450 3224 anim
474 3159 612 3225 Christus
635 3167 683 3222 est
702 3169 793 3224 uatus
816 3179 893 3223 anno
916 3159 1036 3222 Julisno
1058 3155 1112 3226 45.
1137 3153 1189 3220 25.
1206 3155 1393 3228 Decembris,

58 3260 139 3314 certe
162 3268 240 3313 anno
262 3248 382 3312 iuliano
407 3247 458 3326 73,
483 3247 535 3314 25.
550 3249 724 3312 Decembris
747 3249 885 3312 currebat
907 3245 955 3312 15.
989 3247 1107 3320 Tiberii,
1134 3245 1213 3327 quod
1233 3252 1282 3308 ast
1305 3239 1394 3308 extra
1430 3253 1434 3260 “

57 3338 299 3404 controversiam.
345 3340 434 3420 Aupo
467 3340 558 3420 igitur
589 3337 638 3404 15.
666 3338 777 3402 'liberii
806 3337 979 3402 Decembris
1001 3335 1054 3402 25.
1085 3334 1224 3399 Christus
1258 3333 1391 3414 comple-

57 3431 153 3492 visset
175 3442 268 3492 anuos
288 3425 341 3503 28,
365 3447 431 3492 cum
453 3430 490 3492 Β.
509 3429 608 3492 Lucas
633 3447 668 3490 eo
691 3427 801 3491 Tiberii
824 3447 900 3490 anuo
923 3425 1112 3490 tricenarium
1136 3423 1286 3488 exhibeat.
1323 3423 1391 3486 Ita-

58 3537 114 3600 que
138 3517 165 3580 si
186 3518 298 3603 'nullum
330 3517 481 3599 hucusque
511 3518 661 3598 piaculum
692 3516 839 3582 commisit
870 3516 997 3580 ecclesia
1027 3524 1059 3578 et
1090 3513 1279 3578 Christianus
1311 3511 1392 3572 orbis

58 3607 231 3678 universus,
262 3625 419 3670 numerans
448 3629 467 3670 a
493 3607 663 3671 Nativitate
696 3606 809 3672 Christi
840 3607 937 3670 mnus
969 3623 1054 3687 quam
1088 3605 1148 3668 lert
1176 3599 1392 3680 Evangelistae

57 3713 210 3770 numerus,
240 3713 334 3777 neque
357 3715 413 3761 nos
434 3696 516 3779 impii
539 3695 632 3759 videri
664 3697 804 3759 debemus
827 3698 894 3775 plus
916 3701 1114 3758 numerantes.
1161 3688 1292 3754 Constat
1314 3687 1392 3751 enim

55 3785 195 3864 utrinque
226 3801 347 3845 numero
369 3785 553 3868 Evangelico
579 3785 706 3848 rotundo
730 3782 773 3849 30
795 3804 851 3848 sna
873 3783 1046 3858 auctoritas,
1076 3781 1191 3845 munita
1222 3777 1391 3860 adjectione

54 3873 220 3956 particulae
244 3867 324 3936 duas.

144 3961 215 4024 Jam
237 3969 354 4043 tempus
377 3969 425 4024 est
446 3963 620 4027 utreiaram
634 3965 674 4042 id,
698 3963 781 4046 cujas
804 3981 896 4025 cansa
910 3963 985 4024 haec
999 3958 1097 4023 omnia
1118 3959 1262 4021 hactenus
1286 3954 1390 4036 dispu-

53 4060 124 4118 tata
146 4058 226 4122 sunt,
249 4051 403 4120 nimirum:

361 4339 636 4414 Phaenomenon
663 4338 814 4412 coeleste
840 4335 1083 4410 lectissimum.

141 4491 302 4568 Attendite
320 4498 496 4564 Astronomi
519 4505 551 4561 et
573 4506 606 4561 tu
628 4496 803 4582 Coryphaee
826 4495 988 4558 Maestline
1012 4513 1077 4559 cum
1105 4485 1304 4576 respondente
1328 4495 1389 4552 tuo.

50 4594 134 4658 Nam
157 4594 235 4675 qnod
256 4591 328 4656 mihi
355 4589 496 4654 videbitis
529 4587 672 4669 obtigisse
706 4589 810 4659 hodie,
835 4587 899 4666 jam
925 4603 1013 4666 porro
1046 4585 1133 4648 lacile
1165 4581 1337 4646 concedetis
1360 4588 1392 4644 et

143 4788 170 4858 ·)
191 4793 257 4847 Cum
284 4793 388 4848 montes
416 4788 580 4862 paginarum
609 4789 690 4846 titudo
721 4791 860 4850 carerent,
891 4784 1083 4860 typographus
1112 4779 1222 4852 proprio
1252 4780 1390 4836 arbitratu

50 4873 199 4946 sylvam
219 4873 329 4948 scripsit
347 4871 490 4931 occasione
510 4879 602 4930 sumta
621 4872 657 4928 ab
678 4868 799 4926 exordio.
829 4867 914 4938 Atqui
933 4866 983 4922 rix
1002 4865 1083 4944 unica
1103 4863 1185 5008 apqop
1205 4867 1256 4927 est.
