3674 5538
778 301 861 374 Caput
878 301 898 358 l.
969 290 974 302 ⁸
1453 293 1517 367 139
1578 299 1583 310 ’

245 471 363 540 Οθῦῑῐδ
387 478 507 545 ἴΝῑῖΜ
525 479 567 544 lli
585 479 643 544 ΑΕ
666 492 731 558 (rig.
752 489 799 555 ⁴²)
823 486 946 548 iul'erius
971 496 1002 547 ct
1024 503 1141 557 euersa,
1164 479 1281 560 virgula
1305 479 1361 546 CD
1384 488 1520 543 cenbutn

162 565 274 630 babens
293 583 334 628 ex
353 566 491 633 Gardani
510 581 542 634 et
561 569 744 636 Gnidubeldi
765 574 979 656 imaginatione
994 575 1023 636 in
1040 575 1069 636 A
1085 575 1142 636 dne
1163 573 1304 646 trutinae,
1323 582 1357 634 et
1371 570 1438 642 CA,
1461 570 1523 632 AD

162 653 432 732 aequiponderent.
480 661 557 723 Dico
579 681 696 724 rursum
729 663 892 727 redituram
922 665 1069 744 virgulam
1094 662 1132 723 ad
1163 661 1381 742 aequilibrium.
1430 659 1519 730 Quod

163 743 188 804 si
201 741 237 804 de
251 743 308 806 boc
328 745 391 807 situ
417 749 583 812 affirmavit
596 749 791 826 Aristoteles,
815 771 936 816 manere
961 753 1109 831 virginiam
1128 750 1183 813 OD
1207 753 1301 814 semel
1334 749 1518 822 inclinatam,

166 833 317 894 latendum
350 837 472 898 omnino
504 839 562 900 erit
596 839 712 918 lapsum
746 861 814 903 esse
847 842 1048 922 experiundo:
1083 839 1220 922 quamvis
1252 841 1308 902 hoc
1341 839 1451 900 falsum
1482 837 1520 899 de

166 929 290 1000 utroque
308 923 371 985 sito
395 925 453 988 sibi
478 928 742 992 demonstrandum
759 928 970 992 Gnidubaldus
993 929 1143 992 sumserit.
1181 928 1242 992 Sed
1257 928 1382 990 videant
1401 925 1520 998 eruditi,

165 1010 314 1072 nullamne
338 1010 621 1093 interpretationem
647 1019 811 1081 admittant
834 1021 926 1081 verba
949 1019 1139 1099 philosophi:
1165 1017 1300 1099 suspicor
1324 1017 1401 1079 enim
1426 1034 1520 1096 quae-

166 1099 241 1160 sisse
265 1107 452 1166 coaetaneos
475 1106 653 1168 Aristotelis
676 1108 778 1188 aliqua
802 1108 830 1169 in
856 1108 931 1171 libra
955 1109 1147 1188 compendia,
1179 1108 1290 1170 inflexa
1313 1106 1431 1184 virgula
1453 1112 1520 1167 tru-

167 1187 288 1267 tinaque
314 1189 343 1250 in
368 1193 466 1254 medio
490 1214 578 1258 arcus
602 1195 776 1271 inlilrulata;
801 1216 857 1278 quo
882 1206 972 1278 pacto
995 1199 1043 1259 vel
1067 1198 1239 1277 dependens
1263 1218 1283 1256 a
1306 1195 1421 1258 trutina
1444 1193 1522 1255 libra

165 1277 214 1337 vel
238 1276 416 1342 incumbens
445 1281 487 1344 illi
517 1283 582 1360 jaun
614 1283 736 1348 inferior
764 1288 827 1366 jam
858 1287 992 1366 superior
1023 1287 1139 1348 censeri
1170 1286 1285 1366 possit,
1319 1291 1409 1364 prout
1433 1301 1521 1344 arcus

167 1383 285 1428 sursum
310 1369 410 1448 vergit
433 1372 482 1432 rel
505 1373 652 1436 deorsum.
691 1375 733 1436 Et
750 1385 813 1438 tum
838 1375 863 1438 si
887 1383 1022 1438 centrum
1047 1375 1181 1454 virgulae
1200 1375 1255 1436 hoc
1274 1374 1362 1436 modo
1386 1369 1522 1451 superius

167 1454 211 1516 sit
234 1456 361 1526 trutina,
385 1458 447 1522 lieri
472 1463 605 1524 concedo
624 1465 702 1543 quod
727 1466 843 1544 quaerit
858 1465 1051 1528 Aristoteles.
1092 1462 1194 1527 Causa
1217 1463 1296 1525 enirn
1317 1480 1394 1542 pene
1418 1459 1523 1522 eudem

169 1551 216 1604 est
240 1563 308 1606 curn
332 1546 385 1610 illa
408 1567 484 1627 quae
509 1551 619 1625 efficit,
654 1554 831 1632 quominus
865 1573 957 1616 conus
990 1554 1099 1632 angulo
1131 1554 1276 1616 insistens
1299 1559 1439 1624 maneat,
1470 1549 1521 1611 sed

168 1641 345 1696 crematur:
371 1638 419 1717 qui
444 1648 544 1700 tamen
569 1651 672 1702 manet
695 1643 733 1703 ab
758 1643 867 1722 angulo
892 1661 1052 1722 appensus.

256 1723 359 1786 Natus
383 1739 483 1790 autern
506 1737 556 1790 est
578 1741 660 1792 error
675 1728 866 1794 Gnidubaldo
882 1751 918 1792 eu
935 1733 1011 1794 falsu
1035 1730 1198 1811 principio:
1223 1728 1385 1791 deliniebat
1409 1725 1523 1806 aeque-

166 1811 379 1888 pouderantia,
404 1833 481 1895 quae
503 1829 661 1881 manerent
684 1819 948 1902 quomodocunque
972 1821 1206 1894 collocarentur,
1236 1819 1324 1880 modo
1347 1813 1524 1896 aequalibus

167 1919 187 1960 a
210 1909 316 1965 centro
342 1903 437 1966 lineis.

258 1989 322 2053 Sed
346 1995 469 2073 propius
493 1995 531 2055 ad
555 2013 618 2056 rem
643 1998 806 2058 veuiarnus.
853 1998 938 2060 Dicit
961 2017 997 2058 ex
1021 1995 1190 2058 Aristotele
1208 1994 1377 2068 Ourdaous,
1402 1992 1525 2073 gravius

169 2097 237 2138 esse
262 2077 319 2144 CA
342 2090 409 2156 lttg.
428 2089 477 2154 tt)
501 2103 567 2146 curu
600 2095 649 2146 est
680 2086 789 2152 attius.
822 2087 931 2166 angulo
965 2086 1028 2148 scil.
1060 2086 1173 2147 minore
1201 2083 1304 2158 GAB,
1334 2083 1430 2145 leuius
1452 2099 1526 2143 uero

170 2167 229 2228 AD
263 2189 331 2232 cum
366 2181 415 2234 est
449 2172 606 2242 humilius,
641 2176 750 2254 angulo
782 2175 846 2238 scil.
881 2176 994 2254 majore
1017 2174 1122 2246 BAD,
1157 2175 1268 2235 etboc
1291 2171 1528 2235 demonstrando

171 2255 299 2318 titubat.
347 2259 473 2324 Summa
496 2281 531 2323 eo
549 2261 648 2336 redit,
683 2263 810 2342 angulos
834 2265 945 2326 addere
978 2263 1122 2343 gravitati
1154 2263 1372 2331 firmamentum
1395 2279 1433 2322 ex
1460 2278 1526 2321 nte-

170 2345 328 2410 cbanicis:
354 2369 422 2412 nam
439 2349 532 2416 ,CAB
556 2361 662 2414 acutus
686 2361 743 2421 est,
767 2354 850 2432 cujus
874 2371 961 2414 crura
985 2371 1003 2412 a
1026 2351 1158 2432 pondere
1182 2352 1211 2412 iu
1236 2349 1261 2414 G
1286 2349 1404 2413 facilius
1426 2349 1527 2411 divel-

169 2434 281 2510 luntur,
307 2457 397 2520 quam
419 2439 509 2501 BAD
532 2440 632 2502 obtusi
656 2460 743 2503 crura
765 2460 785 2501 a
806 2442 937 2521 pondere
961 2442 989 2503 in
1009 2441 1047 2516 D,
1071 2440 1165 2502 vincit
1187 2440 1280 2520 igitur
1301 2439 1374 2500 illan
1397 2437 1526 2518 pondus.

168 2523 286 2587 Verum
310 2527 337 2588 si
361 2529 492 2608 genuina
515 2549 609 2590 eausa
633 2537 725 2602 esset,
749 2530 874 2593 effectus
898 2530 1068 2610 analogiam
1092 2549 1203 2592 causae
1227 2536 1402 2609 sequeretur
1425 2534 1528 2588 esset·

169 2631 227 2690 que
252 2616 361 2680 endem
386 2618 550 2700 ponderum
575 2619 604 2678 in
628 2619 775 2680 inclinata
792 2619 870 2682 libra
891 2620 1054 2700 proportio,
1080 2637 1155 2700 quae
1179 2619 1365 2695 annulorum.
1404 2617 1450 2678 At
1472 2616 1528 2675 hoc

169 2699 282 2766 laisum
314 2715 372 2768 est.
420 2707 523 2770 Aliam
556 2708 658 2787 itaque
690 2727 811 2770 causam
844 2709 959 2771 eminus
988 2709 1074 2770 nobis
1101 2707 1236 2769 ostendit
1260 2705 1438 2778 Dardanus,
1468 2705 1527 2765 ‘sed

168 2790 461 2858 demonstrationem
490 2815 547 2856 nou
581 2797 722 2876 expedit:
740 2785 921 2869 'Quamvis,
955 2797 1068 2876 inquit,
1102 2795 1127 2859 O
1155 2815 1247 2876 grave
1279 2803 1328 2857 est
1361 2801 1528 2872 naturaque

168 2889 274 2958 aptum
301 2883 370 2946 ferri
396 2887 435 2947 ad
451 2885 562 2944 Terrae
586 2896 720 2947 centrum
745 2905 831 2966 quam
855 2887 990 2966 proxime
1009 2905 1063 2966 per
1078 2884 1133 2948 Ac
1158 2884 1383 2964 amplitudinem
1406 2889 1526 2962 potest:

169 2977 273 3032 umen
301 2990 359 3032 non
385 2973 542 3036 descendit
566 2973 645 3036 ultra
668 2974 893 3055 aequilibrium,
922 2975 992 3055 qnia
1017 2976 1074 3038 AD
1107 2974 1338 3054 aequipondium
1371 2977 1531 3051 coqeretur

169 3067 281 3120 contra
306 3069 445 3124 naturum
470 3063 641 3124 ascendere.
681 3065 729 3124 lta
751 3063 929 3143 principium
953 3065 1073 3144 petitur.
1116 3065 1190 3136 lmo,
1215 3062 1363 3134 Cerdone,
1390 3079 1448 3122 non
1471 3059 1530 3120 boc

170 3156 291 3212 tanturn
315 3169 445 3230 quaero,
479 3152 533 3212 sed
562 3151 674 3232 aliquid
709 3153 857 3232 amplius:
891 3153 915 3214 si
941 3153 1059 3214 omuino
1083 3153 1161 3231 quod
1195 3151 1317 3231 gravius
1347 3158 1396 3211 cst
1423 3156 1528 3210 centro

170 3237 310 3316 proxime
341 3241 486 3302 accedere
519 3241 642 3314 nititur;
673 3261 745 3320 ergo
769 3261 834 3304 curn
864 3249 935 3303 surrt
965 3241 1135 3320 inaequalia
1158 3241 1187 3302 in
1216 3240 1352 3303 lancibus
1383 3237 1528 3317 pondera,

170 3344 225 3386 cur
249 3327 330 3406 qnod
354 3335 402 3389 est
433 3329 554 3408 grauius
579 3349 637 3390 nou
670 3332 758 3409 plane
792 3331 887 3394 loetum
919 3331 1008 3392 imum
1041 3329 1134 3409 petit,
1169 3330 1263 3392 levius
1291 3345 1363 3390 vero
1386 3329 1474 3408 plane
1498 3328 1528 3388 in

173 3413 291 3494 apicem
324 3417 498 3480 attollitur?
531 3417 612 3498 Ergo
636 3439 730 3480 carisa
761 3421 836 3480 haec
867 3427 933 3490 est,
964 3420 1070 3482 eadent
1103 3437 1208 3499 nempe
1232 3438 1308 3500 quae
1333 3417 1361 3478 in
1390 3423 1528 3478 statera:

171 3511 279 3566 centro
294 3505 324 3566 A
352 3505 534 3568 diastemate
553 3506 621 3580 AC,
645 3508 709 3570 AD.
728 3508 878 3570 scribatur
901 3509 1038 3582 circulus,
1063 3509 1091 3568 in
1116 3527 1151 3570 eo
1176 3507 1416 3588 perpendiculum
1437 3505 1529 3568 BAF.

172 3591 373 3655 Manifestum
404 3605 470 3669 est,
504 3605 640 3658 neutrum
672 3597 836 3675 ponderum
861 3598 889 3658 in
914 3595 939 3660 C
963 3605 996 3658 et
1017 3598 1046 3658 D
1071 3599 1117 3660 rel
1147 3596 1325 3676 profundius
1349 3594 1531 3656 descendere

173 3699 265 3760 posse
299 3683 449 3762 quernis
473 3685 498 3746 F
526 3685 573 3745 vel
606 3685 698 3746 altius
731 3685 831 3748 attolli
864 3705 951 3764 quarn
980 3687 1010 3748 in
1032 3687 1070 3748 B.
1118 3685 1166 3746 Ac
1194 3705 1259 3748 cnm
1287 3693 1444 3762 utmmque
1474 3682 1537 3742 buc·

173 3778 284 3832 natura
309 3771 368 3846 sit,
402 3781 436 3833 nt
459 3774 497 3834 ad
522 3771 611 3836 imum
635 3774 757 3848 tendat,
791 3775 1032 3855 contendantque
1056 3793 1155 3836 secoro
1179 3774 1328 3848 invicem:
1362 3770 1532 3850 partientur

174 3878 274 3920 secum
299 3861 481 3922 descensum
503 3861 556 3924 BF
583 3863 612 3923 in
645 3863 852 3942 proportione,
883 3883 942 3944 qua
969 3865 1037 3944 ipsa
1064 3872 1144 3925 sunt·
1190 3863 1348 3924 Ducentur
1371 3878 1410 3920 ex
1432 3859 1481 3932 D,
1503 3855 1537 3919 C.

173 3948 438 4028 perpendiculares
457 3947 527 4024 DG,
553 3949 618 4014 011.
656 3952 715 4013 Per
739 3952 891 4032 usigitur
914 3971 991 4031 quae
1014 3952 1097 4014 dicta
1120 3959 1191 4012 sunt
1214 3950 1272 4012 erit
1285 3949 1342 4011 BH
1367 3949 1531 4009 descensus

173 4036 317 4115 ponderis
341 4036 367 4101 G
393 4038 432 4100 ad
456 4037 524 4112 BG,
548 4040 727 4102 descensum
754 4041 895 4120 ponderis
918 4042 963 4116 D,
987 4051 1023 4102 ιιι
1045 4049 1092 4102 est
1116 4038 1142 4101 G
1165 4039 1282 4120 pondus
1306 4039 1344 4099 ad
1368 4036 1407 4098 D.
1452 4034 1531 4096 Dico

173 4125 246 4190 tanc
270 4145 341 4190 esee
366 4125 518 4189 rationem
542 4137 685 4190 staterae.
733 4130 812 4191 Nam
835 4137 867 4192 et
891 4130 961 4208 quia
983 4128 1087 4203 HAG,
1113 4127 1203 4189 GAD
1227 4127 1385 4208 aequales,
1410 4134 1441 4186 et
1464 4122 1531 4194 CA,

172 4215 227 4278 AD
250 4217 413 4298 aequales,
449 4216 486 4288 H,
513 4214 543 4277 G
566 4217 656 4292 recti,
692 4227 779 4280 eruut
802 4226 834 4279 et
856 4218 934 4291 All,
959 4216 1019 4280 AG
1044 4216 1206 4298 aequales:
1240 4234 1332 4296 quare
1356 4221 1388 4276 et
1411 4211 1532 4275 residua

173 4305 206 4366 de
229 4305 413 4386 aequalibus
438 4305 508 4374 ΗΒ,
539 4303 603 4368 GF.
651 4307 693 4369 Ut
717 4323 788 4386 ergo
814 4304 839 4369 O
870 4309 909 4368 ad
931 4307 976 4378 D,
1009 4307 1052 4368 sic
1076 4303 1131 4368 FG
1156 4307 1195 4367 ad
1220 4303 1288 4367 GB.
1333 4303 1472 4365 Ducatur
1494 4319 1531 4362 ex

170 4393 479 4475 Fperpendicularis
503 4392 531 4456 iu
557 4392 626 4468 cl),
652 4413 728 4474 quae
753 4395 795 4456 sit
817 4395 882 4457 FK.
930 4395 1012 4474 Ergo
1042 4395 1113 4474 quia
1138 4391 1240 4468 CAH,
1264 4391 1351 4456 FAK
1375 4390 1529 4470 aequales,

167 4491 196 4546 ct
217 4484 286 4560 uA,
314 4483 377 4548 AF
400 4483 559 4562 aequales,
595 4492 625 4545 et
649 4483 694 4558 H,
719 4485 747 4546 K
771 4485 866 4566 rectis
901 4484 1043 4565 aequales
1073 4490 1163 4544 eruut
1185 4490 1221 4544 et.
1240 4479 1312 4555 011,
1338 4479 1407 4552 FK,
1432 4479 1477 4540 sic
1500 4490 1531 4540 et

164 4575 234 4647 AB,
260 4575 336 4639 ΑΚ.
390 4570 498 4642 Quare
529 4579 561 4633 et
592 4573 762 4654 aequalium
786 4573 858 4648 AB,
884 4573 957 4648 AD,
991 4572 1049 4636 AF
1080 4571 1202 4634 residua
1232 4571 1302 4642 ΗΒ,
1339 4543 1397 4632 GF
1419 4575 1450 4630 et
1472 4568 1532 4633 ltu

162 4666 309 4750 aequalia.
360 4661 409 4726 Ec
443 4679 559 4724 rursum
592 4663 761 4740 aequalium
784 4661 850 4736 FB,
885 4660 941 4724 DC
974 4661 1094 4723 residua
1118 4658 1185 4731 ΘΒ,
1211 4657 1267 4722 ΚΟ
1292 4657 1442 4739 aequalia.
1489 4658 1534 4720 Ut

158 4777 224 4841 argo
248 4755 276 4822 C
302 4755 345 4819 ad
372 4752 417 4822 D,
444 4749 489 4811 sic
512 4748 707 4815 DKadKO.
746 4753 790 4814 At
813 4751 839 4813 si
856 4750 912 4813 CD
934 4750 1054 4829 virgula
1077 4749 1122 4810 sic
1145 4756 1273 4810 onerata
1296 4747 1325 4808 in
1348 4747 1375 4810 K
1400 4765 1534 4826 suspen-

154 4849 239 4914 datur
261 4869 283 4910 a
313 4840 465 4908 trutina:
498 4837 557 4900 erit
588 4840 666 4902 ratio
698 4848 847 4914 staterae,
878 4847 911 4902 et
934 4837 975 4912 O,
999 4839 1029 4900 D
1053 4855 1147 4918 aeque
1180 4836 1405 4916 ponderabant,
1441 4845 1475 4898 ιιι
1502 4834 1533 4896 iu
