3700 5530
801 245 884 314 caput
900 245 945 300 ΙΙΙ.
1485 249 1550 318 625

195 409 324 486 zodiaci
340 423 381 486 ad
409 423 545 503 integras
578 423 644 503 ejus
675 429 780 506 partes
815 422 921 486 eodem
950 423 1111 500 intervallo
1140 423 1310 488 distinctas.
1364 424 1441 492 (lum
1470 427 1551 492 enim

195 511 344 590 uuologi
367 512 522 575 zodiacum
544 511 682 574 dividant
702 511 734 576 in
756 509 912 575 duodecim
934 519 1038 592 partes
1062 513 1214 595 aequales,
1238 513 1323 576 initio
1346 515 1427 578 facto
1447 535 1550 578 asec-

195 599 278 662 tione
299 601 417 662 mediae
439 599 538 662 lineae
560 619 616 681 per
636 601 792 663 zodiacum
808 601 907 663 euntis
930 620 997 663 cunr
1019 601 1099 663 linea
1121 600 1300 682 interpolas
1314 602 1417 665 mundi
1438 604 1548 681 media,

195 705 287 770 quam
309 687 475 753 sectionem
495 687 552 752 Sol
574 707 667 752 verno
690 696 824 770 tempore
848 689 972 765 transit,
996 709 1122 772 quarum
1140 688 1259 772 quidem
1279 690 1410 770 partium
1428 691 1549 759 nomina

356 809 440 874 Suet
461 811 566 886 Aries,
591 812 731 886 Taurus,
757 810 895 888 Harmiai,
921 810 1053 888 cama,
1076 814 1154 889 Leo,
1185 811 1291 896 Virgo,

242 901 244 907 '
355 898 528 982 Libraque,
553 898 718 984 Scorpius,
740 900 937 976 maanes,
964 900 1078 984 caper,
1100 902 1275 986 Amphora,
1300 901 1422 966 Pisces.

285 1039 453 1104 Duodecim
484 1039 574 1120 igitur
604 1040 635 1104 in
657 1040 717 1104 tria
739 1037 845 1102 divisis
877 1040 971 1123 (quod
1000 1040 1061 1103 tria
1088 1041 1128 1104 ad
1157 1041 1339 1123 triangulum
1362 1043 1549 1106 formandum

195 1126 421 1203 adsciscantur)
443 1129 586 1192 zodiacus
608 1129 720 1192 habere
732 1129 851 1193 dicitur
872 1137 1001 1210 quatuor
1023 1130 1173 1210 trigonus,
1203 1151 1277 1214 quos
1302 1139 1334 1192 et
1355 1129 1548 1211 triplicitates

195 1216 359 1296 appellant

283 1305 403 1366 Primus
430 1311 492 1366 est:
523 1303 656 1380 Arietis,
685 1303 815 1382 Leonis,
843 1302 1017 1385 Sagittarii;
1059 1306 1222 1369 secundus:
1260 1307 1368 1381 Tauri,
1401 1305 1548 1386 Virginis,

197 1389 388 1472 Capricorui3
412 1391 535 1455 tertius:
561 1351 765 1468 Gemihcrum,
788 1391 911 1468 Librae,
934 1393 1078 1476 Aquarii,
1113 1401 1252 1476 quartus:
1278 1393 1397 1470 Cancri,
1420 1394 1547 1476 Scorpii,

194 1480 339 1546 Piscium.

283 1567 344 1634 Ubi
370 1569 473 1644 vides,
501 1568 581 1630 inter
602 1567 739 1630 Arietem
769 1572 801 1629 et
821 1566 955 1630 Leonem
984 1567 1130 1632 interesse
1160 1577 1266 1651 partes
1296 1577 1375 1645 tres,
1405 1571 1547 1644 Taurum,

196 1656 359 1732 Geminos,
391 1657 555 1731 Cancrum3
585 1655 663 1718 inter
684 1657 819 1720 Manem
849 1661 897 1718 et
909 1656 1108 1736 Sagittarium
1137 1658 1241 1720 itidem
1270 1665 1351 1734 tres,
1381 1657 1549 1736 Virginem,

194 1745 335 1820 Libram,
366 1745 539 1825 Scorpium;
571 1744 697 1827 denique
727 1744 855 1807 totidem
885 1745 978 1827 etiam
1005 1745 1084 1808 iuter
1112 1745 1313 1827 Sagittarium
1342 1753 1374 1807 et
1400 1745 1548 1819 Arietem,

196 1833 315 1896 scilicet
338 1831 563 1914 Capricornum,
586 1832 763 1916 Aquarium,
786 1833 902 1910 Pisces,
926 1841 958 1895 et
980 1834 1024 1895 sic
1046 1835 1084 1895 de
1107 1835 1253 1898 omnibus.
1295 1837 1402 1916 Itaque
1426 1833 1453 1896 si
1474 1851 1549 1914 par-

195 1927 243 1984 tes
265 1922 355 1984 hae'
347 1941 378 1984 rn
401 1921 511 1984 circulo
535 1923 733 2004 disponantur
760 1922 929 2004 rectisque
941 1929 1172 1999 connectantur,
1203 1924 1370 2006 perlectum
1399 1920 1549 1984 creabitur

195 2009 385 2090 triangulum
1074 2052 1085 2064 ,

283 2099 332 2160 Ex
360 2097 529 2161 nominibus
543 2171 545 2174 ¹
558 2097 689 2178 partium
719 2097 904 2176 siugulamm
933 2105 1031 2161 crtum
1061 2106 1109 2161 est
1138 2117 1246 2161 nomen
1269 2099 1363 2180 signi,
1376 2127 1379 2132 ·
1394 2115 1548 2161 commune

196 2187 333 2249 omnibus
368 2187 525 2250 duodecim
553 2187 700 2265 partibus.
753 2187 859 2267 Itaque
895 2185 1023 2249 circulus
1058 2184 1110 2248 ille
1147 2187 1334 2267 signorum
1370 2185 1548 2261 circulus,

194 2275 313 2338 Graece
336 2278 488 2346 Ζωθιακος
511 2275 628 2338 dicitur.
675 2273 882 2356 Triplicltates
910 2293 982 2336 vero
1006 2282 1132 2358 quatuor
1155 2275 1343 2356 distinguunt
1372 2274 1548 2336 denomina-

192 2363 325 2426 tionibus
350 2364 565 2426 elemeutorum
586 2370 722 2447 quatuor.
769 2362 902 2426 Primam
925 2363 1028 2426 dicunt
1049 2363 1184 2444 igneam3
1216 2364 1379 2426 secundam
1399 2371 1547 2438 terream;

167 2487 169 2492 ,
191 2451 315 2514 tertiam
337 2459 472 2527 aeream3
497 2460 636 2534 quartam
659 2471 794 2534 aqueam.

281 2541 361 2603 Tota
383 2539 458 2602 haec
482 2539 639 2603 divisionis
662 2547 694 2602 et
714 2537 957 2603 nomenclaturae
981 2539 1060 2600 ratic
1083 2559 1142 2602 non
1165 2538 1234 2601 ideo
1257 2545 1375 2601 tantum
1392 2535 1550 2602 retinenda

192 2636 242 2692 est
262 2627 293 2690 iu
315 2627 456 2703 mathesi,
480 2627 551 2710 quia
573 2629 791 2710 antiquissima,
816 2627 976 2690 sedetiam
998 2625 1075 2704 ideo,
1100 2626 1358 2712 quiauecessaria
1375 2625 1547 2700 memoriae,

190 2735 249 2779 usu
271 2736 343 2778 vero
367 2717 619 2782 commodissima.
651 2717 731 2780 Nam
754 2715 813 2778 etsi
836 2734 903 2778 cum
926 2715 1111 2778 astronomia
1133 2717 1202 2796 ipsa
1223 2715 1344 2796 penitus
1360 2712 1547 2794 exstirpare-

191 2809 241 2867 tur
264 2823 303 2865 ex
324 2804 476 2868 homiuum
498 2805 616 2880 animis,
639 2813 741 2868 tamen
763 2803 814 2886 qui
838 2803 1006 2866 successuri
1030 2812 1142 2879 essent,
1167 2802 1315 2886 siquidem
1332 2801 1548 2865 astronomiam

191 2892 271 2955 inter
293 2892 429 2957 homines
451 2912 596 2956 revocare
619 2892 747 2968 vellent,
772 2891 943 2971 hujusmodi
966 2892 1082 2955 ratione
1105 2892 1207 2975 aliqua
1224 2899 1329 2972 partes
1349 2889 1426 2978 coeli
1448 2890 1547 2952 nomi-

191 2980 279 3043 nibus
309 2981 512 3062 distinguendi
534 2981 579 3044 uti
606 2988 793 3062 cogerentur.
832 2983 938 3064 Itaque
961 2987 1102 3060 proterve
1125 2979 1274 3061 ineptiunt
1296 2987 1328 3041 et
1350 2967 1450 3059 inep'te
1473 2997 1548 3059 pro-

190 3069 325 3132 terviunt
347 3069 485 3172 quidam,
516 3069 565 3152 qui
589 3071 740 3152 eloquent
733 3092 762 3132 ra
718 3067 870 3132 tabusi
892 3069 1035 3151 populum
1058 3069 1113 3132 sub
1137 3069 1218 3131 dium
1241 3075 1385 3143 evocant,
1409 3073 1546 3129 contem-

189 3158 328 3238 platuros
359 3177 398 3219 an
420 3159 451 3220 in
474 3157 559 3220 coelo
590 3158 733 3223 animalia
755 3178 794 3220 an
824 3158 924 3237 ignem
953 3177 1099 3240 aquamve
1130 3157 1261 3220 oculis
1252 3157 1387 3219 invenire
1416 3154 1547 3236 possint,

190 3265 229 3307 an
252 3265 325 3309 vero
348 3253 539 3309 astronomos
562 3266 656 3328 aeque
680 3255 769 3328 atque
793 3247 965 3326 astrologos
989 3246 1088 3322 (nulla
1110 3248 1193 3310 facta
1216 3245 1409 3309 distinctione
1433 3262 1547 3306 ncceu·
1636 3240 1641 3251 ’

189 3341 254 3396 tum
278 3334 316 3396 ab
339 3333 557 3410 innocentibus,
580 3335 665 3398 nulle
687 3355 760 3399 usus
783 3335 949 3398 necessarii
971 3355 991 3397 a
1013 3335 1244 3416 superstitione)
1268 3353 1372 3397 omnes
1395 3333 1435 3396 ad
1457 3352 1548 3396 unum

189 3421 323 3484 insanire
346 3423 448 3484 dicere
471 3423 574 3486 velint.

280 3509 407 3581 Quando
431 3529 503 3573 vero
526 3511 563 3574 de
586 3513 644 3576 hcc
665 3512 828 3594 quaeritur,
852 3531 891 3572 an
914 3518 948 3572 ut
962 3511 1082 3574 nomina
1097 3511 1140 3574 sic
1156 3509 1303 3576 naturalis
1318 3529 1436 3593 quoque
1450 3511 1547 3574 virtus

190 3595 360 3662 nominibus
383 3616 516 3678 congrua
538 3601 616 3664 inter
638 3601 696 3663 has
718 3599 835 3664 zodiaci
852 3607 960 3680 partes
984 3599 1210 3664 distributat
1170 3610 1226 3677 srt,
1257 3608 1311 3662 aut
1337 3607 1483 3662 naturane
1508 3619 1548 3660 an

190 3684 343 3748 huminum
365 3686 522 3750 arbitrium
536 3688 592 3751 has
608 3688 818 3752 distinctiones
841 3688 1004 3752 invenerit:
1028 3688 1109 3750 hic
1096 3707 1163 3770 Jam
1185 3691 1271 3770 ajunt
1287 3687 1444 3774 Chaldaei,
1468 3685 1545 3762 Indi,

187 3774 350 3854 Aegyptii,
379 3775 519 3850 Arabes,
553 3775 664 3842 Graeci
686 3777 847 3860 Latinique
877 3776 1041 3857 astrologi,
1072 3786 1186 3858 negant
1214 3767 1410 3858 philosophi
1415 3775 1546 3838 omnium

89 3919 92 3926 .
189 3869 325 3924 aetatum
355 3871 386 3925 et
408 3872 576 3944 temporum
605 3886 729 3948 cumque
760 3866 797 3929 iis
826 3887 886 3928 una
918 3884 984 3945 ego.
1032 3865 1135 3928 Causa
1162 3867 1242 3928 inter
1271 3861 1462 3968 potissimas,
1492 3881 1545 3924 cur

85 4007 90 4018 ,
187 3967 313 4029 negem,
338 3960 395 4026 est,
419 3953 507 4034 quod,
532 3955 582 4035 qui
605 3955 769 4030 affirmant,
794 3955 862 4018 sola
887 3953 1085 4035 persuasione
1108 3952 1298 4036 antiquitatis
1320 3951 1470 4027 nituntur;
1501 3957 1544 4026 ut,

188 4055 255 4100 cum
277 4039 411 4103 rationes
434 4042 535 4104 nullas
558 4042 724 4118 inveniant,
747 4045 805 4106 huc
827 4062 860 4106 se
874 4043 1032 4123 recipiant,
1056 4042 1136 4123 quod
1158 4041 1334 4104 incredibile
1359 4040 1544 4115 existimant,

187 4129 445 4192 nomenclaturam
474 4131 552 4193 hanc
581 4131 712 4194 naturali
741 4131 935 4194 fundamento
965 4149 1085 4204 carere,
1116 4149 1183 4192 curn
1212 4127 1422 4212 antiquissima
1450 4129 1491 4191 sit
1512 4134 1545 4188 et

187 4213 323 4279 omnibns
347 4217 458 4280 seculis
480 4237 536 4298 pro
551 4219 682 4283 naturali
705 4220 869 4282 celebrata.
907 4221 1013 4300 Itaque
1032 4224 1172 4282 utcausa
1186 4236 1240 4281 cur
1253 4236 1371 4298 negem,
1395 4224 1428 4280 et
1444 4215 1543 4278 cautio
1716 4300 1719 4312 Ι

187 4311 334 4383 quatenus
357 4324 475 4386 negem,
500 4306 530 4369 in
553 4315 715 4389 conspectu
738 4308 789 4383 sit,
812 4309 891 4390 quod
913 4307 1073 4388 plurimum
1095 4305 1215 4388 quidem
1236 4303 1377 4368 conducit
1392 4307 1431 4368 ad
1445 4302 1542 4367 aesti-

186 4392 350 4456 mationem
371 4393 509 4458 miraculi
532 4397 638 4470 nostri,
662 4413 711 4458 res
735 4396 831 4462 omnis
855 4419 874 4459 a
896 4397 999 4490 prima
1015 4394 1129 4476 origine
1151 4394 1318 4458 retexenda
1340 4398 1399 4456 est.
