3566 5536
214 313 218 330 ·
337 297 403 368 694
818 297 858 348 ns
876 297 956 348 suu·
974 297 1046 350 uon
1063 295 1215 362 emarus

334 477 502 541 rationibus
525 477 615 540 facile
639 476 832 539 revelluntur.
879 471 981 545 Quare
1010 475 1054 538 sic
1078 475 1175 538 sensit
1195 473 1381 536 Aristoteles
1403 475 1522 537 coelum
1546 474 1703 536 inaltera-

334 569 419 630 bile?
464 565 544 638 Quia
566 565 693 646 (inquit)
723 585 745 625 a
772 571 819 625 tot
848 564 958 626 seculis
986 564 1060 626 nibil
1089 573 1137 626 est
1160 563 1409 628 animadversum.
1454 563 1539 644 liirgo
1571 563 1601 626 si
1635 565 1704 644 quis

243 729 249 740 ‚
335 657 534 720 Aristotelem
558 655 676 730 doceat,
701 653 930 716 succedentibus
953 653 1064 714 seculis
1087 654 1292 733 compluscula
1311 673 1390 715 nora
1403 654 1434 714 in
1453 655 1540 714 coelo
1555 653 1703 715 animad-

336 765 434 820 versa,
459 744 658 806 libentissime
682 743 809 804 decedet
831 742 868 802 de
892 743 1055 805 sententia.
1099 743 1144 804 At
1167 743 1255 804 hodie
1278 742 1416 822 discipuli
1432 741 1617 805 Aristotelia
1642 761 1702 804 non

334 837 372 898 ad
396 834 552 907 rationem,
575 833 629 896 sed
654 833 693 895 ad
716 833 826 893 nudam
850 832 1032 894 seutentiam
1055 832 1262 913 respicientes,
1287 851 1325 892 ex
1348 833 1490 912 dogmate
1508 831 1702 911 philosophi,

333 923 459 1006 quodie
483 923 522 986 ab
546 921 731 1004 experientia
758 920 899 1000 petebat,
931 921 1043 982 audent
1070 921 1191 1004 obloqui
1215 921 1417 1002 experientiae
1439 929 1609 1002 contraque
1633 939 1702 982 earn

333 1013 471 1093 excipere
485 1011 579 1074 variis
593 1010 779 1074 diverticulis
795 1009 951 1092 quaesitis.
990 1007 1052 1073 Sed
1077 1031 1109 1073 re
1130 1027 1280 1092 perpensa
1293 1009 1479 1091 diligentius,
1503 1009 1702 1072 Aristoteles

331 1101 503 1164 inductione
522 1121 595 1164 usus
616 1121 683 1163 esse
705 1100 834 1161 videtur.
872 1099 918 1160 De
942 1100 1072 1162 motibus
1098 1099 1254 1162 stellarum
1274 1109 1405 1175 constat,
1429 1099 1515 1181 leges
1530 1100 1571 1162 ab
1587 1099 1698 1161 ultima

331 1192 475 1254 memoria
506 1191 657 1252 hominum
690 1189 836 1250 mansisse
861 1189 998 1252 easdem:
1032 1197 1064 1252 et
1095 1189 1185 1252 iidem
1218 1188 1306 1250 hodie
1330 1189 1514 1252 circumeunt
1536 1187 1700 1269 planetae,

331 1281 381 1362 qui
404 1281 476 1343 olim
500 1282 629 1354 inerunt,
654 1280 833 1360 eaedemque
856 1280 982 1340 fixarum
1005 1279 1265 1341 constellationes:
1288 1297 1342 1340 nec
1366 1280 1403 1342 de
1422 1279 1489 1360 ipso
1507 1277 1696 1342 intermedio

331 1369 426 1450 (quod
450 1371 545 1433 oculis
569 1389 625 1431 non
650 1378 699 1431 est
722 1368 851 1441 obvium,
875 1369 944 1448 quia
966 1368 1162 1449 pellucidum)
1186 1368 1337 1430 diuersum
1355 1367 1557 1430 demonstrari
1577 1377 1697 1447 potest.

329 1459 412 1540 Ergo
437 1460 537 1522 omnia
559 1459 587 1520 in
613 1459 696 1521 coelo
721 1465 792 1520 sunt
813 1468 974 1537 perpetua,
1003 1457 1069 1538 ipsa
1092 1458 1184 1520 etiam
1208 1455 1323 1519 orbium
1346 1456 1484 1520 materia.
1531 1457 1621 1518 Haec
1647 1457 1695 1518 in-

330 1549 432 1611 ductio
456 1549 546 1611 fallit.
592 1547 691 1628 Leges
715 1555 847 1609 motuum
870 1547 994 1608 easdem
1016 1546 1162 1628 hodieque
1186 1546 1447 1626 deprehendimus,
1471 1555 1618 1628 quaeest
1637 1565 1698 1608 una

330 1639 397 1700 sola
425 1647 457 1700 et
487 1639 653 1700 decumana
681 1645 919 1698 astronomorum
947 1635 1132 1718 hypothesis.
1178 1635 1224 1698 At
1255 1636 1293 1696 de
1320 1637 1418 1698 medio
1449 1653 1502 1697 seu
1531 1635 1570 1696 de
1595 1635 1696 1697 Musis

330 1727 451 1808 raquia,
485 1729 522 1789 de
555 1726 694 1788 tentoriis
724 1725 800 1788 coeli
829 1725 978 1787 diversum
1008 1743 1067 1788 non
1095 1725 1221 1788 obscure
1249 1733 1355 1788 nostra
1385 1745 1441 1788 nos
1473 1725 1567 1787 docet
1593 1735 1695 1786 aetas.

328 1815 372 1878 Et
396 1816 550 1878 docuisset
575 1815 679 1878 eadem
703 1817 784 1895 prior
808 1817 904 1886 eeta's',
929 1813 963 1880 st
979 1814 1141 1895 majoribus
1165 1815 1275 1876 nostris
1299 1814 1328 1877 in
1348 1823 1477 1877 mentem
1497 1813 1641 1875 venisset
1657 1816 1696 1875 ad

329 1906 405 1968 haec
429 1906 597 1990 attendere.
648 1904 819 1986 Proponam
841 1921 913 1965 vero
937 1903 1051 1984 aliquot
1074 1903 1121 1966 hio
1144 1904 1338 1976 documenta,
1361 1923 1400 1966 ex
1423 1903 1530 1985 quibus
1552 1903 1588 1966 id
1612 1904 1694 1984 quod

328 1997 477 2057 contendo
501 1993 719 2075 quodammodo
743 1993 873 2074 perspici
896 1992 1011 2072 possit:
1036 2001 1071 2055 ut
1093 2011 1189 2055 novae
1213 1992 1300 2069 lixae,
1325 2013 1400 2076 quas
1417 2012 1455 2056 ex
1470 1992 1605 2054 materia
1619 2011 1694 2054 coe-

329 2085 399 2146 lesti
422 2085 574 2147 alterabili
597 2083 697 2164 gigno,
723 2082 868 2161 exemplis
893 2083 961 2144 aliis
976 2083 1126 2144 alteratae
1142 2081 1288 2144 materiae
1303 2081 1446 2146 coelestis
1464 2083 1693 2144 confirmentur.

416 2173 439 2237 1.
478 2173 610 2234 Primum
634 2171 751 2254 periero
776 2171 831 2234 tibi
854 2191 892 2232 ex
915 2169 1035 2252 Opticis
1059 2170 1132 2234 meis
1157 2173 1208 2233 101.
1229 2167 1294 2234 292
1318 2172 1487 2252 exemplum
1511 2171 1588 2234 illud
1614 2173 1692 2234 cali-

327 2261 405 2342 ginis
428 2262 619 2342 prodigiosae
643 2261 712 2322 anni
736 2256 837 2335 1547,
863 2260 900 2322 de
918 2281 978 2343 qua
996 2261 1130 2324 referunt
1154 2259 1282 2322 Gemma
1305 2269 1392 2342 pater
1415 2261 1560 2330 siblios,
1588 2259 1693 2323 Solem

325 2369 380 2431 per
403 2359 466 2414 tres
489 2351 554 2412 dies
579 2349 802 2430 consanguine
830 2351 982 2432 perfusum
1006 2350 1224 2432 comparuisse,
1255 2359 1289 2411 ut
1318 2351 1409 2412 etiam
1432 2349 1543 2412 stellae
1566 2351 1693 2430 plerae-

327 2459 384 2523 que
408 2439 436 2501 in
461 2439 585 2502 meridie
608 2439 862 2520 conspicerentur.
909 2439 943 2502 ld
969 2441 1081 2503 sactum
1104 2457 1162 2501 non
1182 2441 1343 2502 tantumin
1360 2439 1476 2520 Belgio,
1500 2439 1557 2501 sed
1571 2441 1693 2520 passim

325 2547 379 2609 per
403 2538 500 2592 totam
524 2527 668 2604 Galliam,
695 2527 903 2603 Germaniam,
927 2529 1132 2605 Britanniam,
1156 2529 1304 2590 referente
1328 2528 1484 2610 Scaligero
1508 2527 1547 2590 de
1571 2527 1691 2590 Emen-
1746 2557 1750 2567 ·

326 2619 448 2681 datione
470 2619 650 2701 Temporum
679 2617 731 2681 lib.
756 2617 796 2680 V.
820 2626 852 2679 et
883 2626 955 2680 ante
977 2617 1061 2681 illum
1093 2617 1255 2698 Boutingo.
1301 2617 1456 2681 Historiae
1484 2637 1558 2682 vero
1589 2619 1691 2680 multa

326 2709 469 2771 exhibent
492 2704 634 2789 exempla'
655 2707 790 2789 interque
809 2715 912 2770 cetera
932 2707 1200 2770 celebratissimum
1220 2707 1303 2784 illud,
1327 2726 1405 2770 anno
1424 2705 1528 2770 caedis
1544 2704 1693 2770 Caesaris

324 2817 402 2880 pene
426 2806 507 2876 toto,
538 2799 670 2878 itemque
699 2807 730 2860 et
761 2816 837 2858 auno
861 2815 919 2878 quo
942 2798 1099 2878 Angustus
1123 2795 1264 2859 decessit.
1311 2795 1374 2860 Sed
1398 2797 1692 2859 demonstrationem

325 2895 516 2951 exstruamus
539 2905 630 2966 snper
643 2895 778 2950 nostrum
798 2887 976 2967 exemplum.
1023 2885 1058 2948 Si
1080 2906 1173 2948 causa
1195 2886 1348 2949 obscurati
1363 2883 1445 2948 Solis
1469 2887 1499 2946 in
1523 2879 1598 2948 aere
1624 2887 1691 2954 fuit.

325 2995 397 3058 ergo
423 2996 490 3039 cum
514 2974 568 3038 Sol
592 2975 630 3038 ab
654 2983 721 3038 ortu
744 2975 773 3037 in
798 2993 937 3038 occasum
969 2983 1073 3056 utpote
1106 2983 1171 3037 toto
1196 2975 1293 3038 triduo
1317 2983 1371 3038 aut
1398 2985 1433 3039 ut
1455 2973 1600 3055 Scaliger
1624 2977 1692 3038 rnlt
1760 3021 1761 3032 ,

324 3065 483 3147 quatriduo
507 3065 654 3145 pallorem
676 3065 755 3128 huuc
779 3065 952 3127 retinuerit:
982 3073 1103 3146 oportet
1131 3065 1223 3144 igitur
1253 3073 1349 3128 totum
1373 3071 1474 3128 aerem
1497 3065 1537 3126 ab
1561 3073 1634 3128 ortu
1660 3065 1689 3126 iu

324 3174 466 3216 occasum
491 3155 584 3217 luisse
608 3155 776 3218 obscurum.
824 3153 858 3216 Si
881 3155 946 3229 hoc,
972 3154 1120 3234 quomodo
1143 3153 1235 3233 igitur
1259 3154 1367 3216 stellae
1389 3172 1444 3234 per
1466 3159 1568 3216 adrem
1591 3155 1689 3224 visae,

324 3262 380 3324 per
402 3263 489 3324 quem
504 3244 558 3306 Sol
581 3243 677 3306 videri
701 3244 752 3305 vix
774 3243 895 3324 potnit?
931 3243 1009 3306 Nam
1034 3262 1092 3304 non
1114 3253 1163 3305 est
1185 3253 1219 3305 ut
1242 3243 1336 3318 dicas,
1362 3249 1432 3305 abre
1447 3243 1575 3305 dilutum
1594 3243 1689 3306 fuisse

329 3333 411 3394 Solis
443 3333 556 3406 lumen,
580 3333 625 3395 sic
658 3341 692 3396 ut
714 3332 834 3394 ademto
858 3333 1018 3414 splendore
1052 3333 1164 3395 lumina
1194 3333 1351 3395 stellarum
1383 3334 1474 3394 etiem
1498 3351 1568 3396 sese
1594 3333 1690 3395 oculis

330 3421 482 3484 insinuare
505 3421 666 3501 potuerint.
714 3419 843 3492 Quando
867 3423 945 3486 enim
969 3429 1021 3484 air
1044 3431 1148 3485 noster
1171 3422 1246 3484 adeo
1276 3421 1486 3496 incrassescit,
1520 3430 1556 3484 ut
1589 3422 1688 3484 lumen

329 3510 410 3574 Solis
433 3529 488 3592 per
510 3529 576 3572 eum
599 3511 692 3572 hebes
714 3520 746 3572 et
767 3511 911 3591 pallidum
934 3521 1080 3587 transeat,
1104 3519 1176 3574 tunc
1195 3511 1312 3592 quidem
1330 3511 1435 3573 eadem
1449 3529 1542 3593 opera
1555 3510 1688 3574 immen-

328 3621 394 3664 sum
418 3600 498 3663 solet
520 3600 687 3663 clarescere
710 3598 804 3661 radiis
823 3599 904 3663 Solis
928 3600 957 3662 iu
981 3619 1048 3663 sese
1072 3600 1211 3681 receptis,
1235 3600 1331 3663 instar
1345 3599 1475 3677 nubium,
1500 3608 1531 3662 et
1546 3620 1688 3684 quaqua·

327 3709 448 3752 versum
480 3689 675 3770 repercussis.
728 3687 836 3770 Itaque
866 3697 920 3752 aer
947 3689 1076 3770 undique
1110 3709 1194 3752 suem
1222 3689 1391 3752 claritatem
1422 3689 1516 3752 oculis
1544 3689 1688 3771 ingerens

329 3799 439 3862 eosque
462 3787 544 3840 totos
569 3796 718 3859 occupans
742 3797 800 3840 non
824 3779 965 3860 relinquit
988 3779 1084 3841 locum
1106 3781 1195 3859 longe
1210 3778 1403 3842 debilioribus
1423 3779 1580 3841 stellarum
1595 3780 1687 3842 lumi·

325 3869 423 3933 nibus.
470 3867 663 3949 Quapropter
686 3867 885 3929 certissimum
910 3876 971 3944 est,
1004 3889 1063 3951 qua
1094 3877 1180 3950 parte
1208 3869 1366 3930 stellarum
1394 3868 1506 3932 lumina
1534 3867 1686 3944 videntur,

324 3959 389 4040 ejus
412 3957 470 4022 loci
493 3965 595 4020 adrem
617 3957 715 4020 minus
738 3957 882 4019 illustrari
906 3977 926 4020 a
949 3955 1031 4034 Sole,
1055 3959 1179 4040 proinde
1203 3965 1322 4020 tenuem
1345 3977 1414 4021 esse
1437 3977 1492 4020 neo
1516 3967 1623 4039 aptum
1647 3959 1687 4020 ad

325 4047 528 4111 hebetendum
551 4046 632 4110 Solis
657 4049 756 4110 lumen
780 4046 884 4110 diurno
908 4055 992 4109 motu
1015 4044 1056 4109 ad
1075 4067 1141 4109 eum
1156 4048 1252 4110 locum
1267 4046 1419 4110 devoluti:
1443 4047 1545 4126 itaque
1560 4067 1686 4110 causam

326 4137 456 4219 aliquam
476 4135 566 4198 aliam
585 4144 706 4215 praeter
725 4142 825 4198 aerem
844 4155 911 4198 esse
931 4135 1049 4210 debere,
1074 4155 1149 4218 quae
1164 4135 1246 4200 Solis
1265 4137 1362 4200 lumen
1377 4143 1535 4218 tantopere
1551 4137 1686 4210 hebetet,

325 4227 497 4306 prinsquam
520 4225 595 4287 illud
618 4226 658 4287 ad
681 4231 781 4287 adrem
805 4234 938 4288 nostrum
961 4226 1132 4306 perveniat,
1156 4244 1290 4307 quaeque
1314 4224 1415 4290 Solem
1438 4226 1469 4288 in
1493 4226 1600 4289 diurno
1624 4227 1685 4289 oir-

326 4315 548 4378 oumvolutions
581 4315 749 4376 comitetur.
804 4314 867 4377 Sed
900 4314 1002 4377 dicent
1032 4315 1176 4391 fortasse,
1209 4333 1332 4378 causam
1363 4315 1494 4398 aliquam
1527 4315 1684 4379 sublimem

327 4403 461 4486 quidem,
495 4411 528 4466 at
555 4403 690 4483 proxime
714 4403 769 4466 sub
793 4403 881 4466 Luna
904 4403 1014 4466 fuisse:
1046 4424 1102 4468 nec
1134 4405 1203 4468 hino
1226 4403 1339 4484 aliquid
1362 4405 1448 4485 sequi
1471 4405 1502 4466 in
1525 4405 1685 4470 materiam

327 4493 425 4555 coeli?
468 4491 600 4556 Primum
624 4491 652 4553 in
677 4491 796 4572 Opticis
820 4502 869 4554 est
891 4493 1143 4568 demonstratum,
1168 4499 1267 4556 adrem
1292 4500 1427 4556 nostmm
1450 4493 1593 4558 humilem
1615 4513 1685 4557 esse

328 4581 489 4643 mmodum
512 4581 606 4662 (quod
628 4583 739 4662 partim
763 4591 794 4642 et
816 4581 1000 4644 Aristoteles
1025 4581 1166 4656 fatetur),
1191 4583 1269 4664 qnod
1293 4582 1320 4644 ei
1343 4582 1495 4659 succedit,
1523 4583 1591 4664 jam
1615 4603 1685 4646 esse

330 4669 491 4734 aetherem.
538 4669 603 4732 Hoc
621 4679 707 4732 tanto
730 4670 826 4732 minus
849 4670 1020 4750 repudiabit
1041 4671 1084 4747 ie,
1110 4673 1158 4753 qui
1183 4671 1325 4736 memoria
1347 4671 1494 4748 tennerit,
1520 4695 1539 4735 a
1562 4673 1683 4736 Braheo

331 4755 564 4821 demonstratum
587 4777 665 4834 esse,
690 4760 767 4839 qnod
792 4759 907 4822 coelum
929 4759 1019 4823 nullis
1043 4769 1162 4823 constet
1184 4759 1290 4824 solidis
1313 4760 1443 4824 orbibus.
1489 4762 1609 4826 Aether
1622 4761 1683 4843 igi-

331 4847 380 4904 tur
402 4851 450 4905 est
471 4847 563 4907 stiam
586 4847 641 4910 sub
654 4848 742 4910 Luna
754 4849 903 4927 proxime:
927 4867 985 4930 quo
1001 4849 1066 4931 loce
1090 4850 1117 4912 si
1139 4850 1240 4914 haesit
1260 4849 1388 4914 numeria
1405 4851 1557 4932 caliginis,
1580 4852 1683 4916 haesit
