<?xml version="1.0" encoding="UTF-8"?>
<!DOCTYPE html PUBLIC "-//W3C//DTD XHTML 1.0 Transitional//EN"
    "http://www.w3.org/TR/xhtml1/DTD/xhtml1-transitional.dtd">
<html xmlns="http://www.w3.org/1999/xhtml" xml:lang="en" lang="en">
 <head>
  <title>
</title>
<meta http-equiv="Content-Type" content="text/html;charset=utf-8" />
  <meta name='ocr-system' content='tesseract 3.04.00' />
  <meta name='ocr-capabilities' content='ocr_page ocr_carea ocr_par ocr_line ocrx_word'/>
</head>
<body>
  <div class='ocr_page' id='page_1' title='image "./joanniskepleria02unkngoog/joanniskepleria02unkngoog_0660.png"; bbox 0 0 3676 5540; ppageno 0'>
   <div class='ocr_carea' id='block_1_1' title="bbox 789 257 1540 328">
    <p class='ocr_par' dir='ltr' id='par_1_1' title="bbox 789 257 1540 328">
     <span class='ocr_line' id='line_1_1' title="bbox 789 257 1540 328; baseline -0.004 -18"><span class='ocrx_word' id='word_1_1' title='bbox 789 257 872 324; x_wconf 82' lang='lat' dir='ltr'><strong>(lapat</strong></span> <span class='ocrx_word' id='word_1_2' title='bbox 888 257 936 310; x_wconf 82' lang='lat' dir='ltr'><strong>lv.</strong></span> <span class='ocrx_word' id='word_1_3' title='bbox 1476 259 1540 328; x_wconf 71' lang='lat'><strong>027</strong></span> 
     </span>
    </p>
   </div>
   <div class='ocr_carea' id='block_1_2' title="bbox 143 433 1542 1495">
    <p class='ocr_par' dir='ltr' id='par_1_2' title="bbox 185 433 1542 782">
     <span class='ocr_line' id='line_1_2' title="bbox 276 433 1542 518; baseline 0 -18"><span class='ocrx_word' id='word_1_4' title='bbox 276 434 338 500; x_wconf 82' lang='lat' dir='ltr'><strong>Cur</strong></span> <span class='ocrx_word' id='word_1_5' title='bbox 367 455 438 498; x_wconf 91' lang='lat' dir='ltr'><strong>vero</strong></span> <span class='ocrx_word' id='word_1_6' title='bbox 469 455 507 498; x_wconf 88' lang='lat' dir='ltr'><strong>ex</strong></span> <span class='ocrx_word' id='word_1_7' title='bbox 529 435 578 498; x_wconf 89' lang='lat' dir='ltr'><strong>his</strong></span> <span class='ocrx_word' id='word_1_8' title='bbox 602 443 731 518; x_wconf 88' lang='lat' dir='ltr'><strong>quatuor</strong></span> <span class='ocrx_word' id='word_1_9' title='bbox 754 434 970 516; x_wconf 72' lang='lat' dir='ltr'><strong>quadrantibus</strong></span> <span class='ocrx_word' id='word_1_10' title='bbox 1001 433 1119 498; x_wconf 88' lang='lat' dir='ltr'><strong>zodiaci</strong></span> <span class='ocrx_word' id='word_1_11' title='bbox 1148 433 1275 514; x_wconf 77' lang='lat' dir='ltr'><strong>quilibet</strong></span> <span class='ocrx_word' id='word_1_12' title='bbox 1302 435 1332 498; x_wconf 92' lang='lat' dir='ltr'><strong>in</strong></span> <span class='ocrx_word' id='word_1_13' title='bbox 1363 436 1425 498; x_wconf 90' lang='lat' dir='ltr'><strong>tria</strong></span> <span class='ocrx_word' id='word_1_14' title='bbox 1453 436 1542 517; x_wconf 85' lang='lat' dir='ltr'><strong>signa</strong></span> 
     </span>
     <span class='ocr_line' id='line_1_3' title="bbox 185 521 1541 604; baseline 0.001 -18"><span class='ocrx_word' id='word_1_15' title='bbox 185 543 276 604; x_wconf 93' lang='lat' dir='ltr'><strong>porro</strong></span> <span class='ocrx_word' id='word_1_16' title='bbox 306 523 476 600; x_wconf 81' lang='lat' dir='ltr'><strong>dividatur,</strong></span> <span class='ocrx_word' id='word_1_17' title='bbox 505 531 539 587; x_wconf 93' lang='lat' dir='ltr'><strong>ut</strong></span> <span class='ocrx_word' id='word_1_18' title='bbox 568 525 613 586; x_wconf 91' lang='lat' dir='ltr'><strong>ita</strong></span> <span class='ocrx_word' id='word_1_19' title='bbox 643 524 731 602; x_wconf 87' lang='lat' dir='ltr'><strong>signa</strong></span> <span class='ocrx_word' id='word_1_20' title='bbox 759 525 834 588; x_wconf 81' lang='lat' dir='ltr'><strong>fiant</strong></span> <span class='ocrx_word' id='word_1_21' title='bbox 862 543 985 587; x_wconf 89' lang='lat' dir='ltr'><strong>numero</strong></span> <span class='ocrx_word' id='word_1_22' title='bbox 1013 521 1070 598; x_wconf 91' lang='grc'><strong>12,</strong></span> <span class='ocrx_word' id='word_1_23' title='bbox 1100 543 1223 584; x_wconf 86' lang='grc'>000000</span> <span class='ocrx_word' id='word_1_24' title='bbox 1244 523 1432 603; x_wconf 85' lang='lat' dir='ltr'><strong>Alfraganus</strong></span> <span class='ocrx_word' id='word_1_25' title='bbox 1463 525 1541 588; x_wconf 90' lang='lat' dir='ltr'><strong>hanc</strong></span> 
     </span>
     <span class='ocr_line' id='line_1_4' title="bbox 186 611 1540 695; baseline 0.003 -21"><span class='ocrx_word' id='word_1_26' title='bbox 186 613 269 688; x_wconf 84' lang='lat' dir='ltr'><strong>dicit,</strong></span> <span class='ocrx_word' id='word_1_27' title='bbox 293 613 372 694; x_wconf 92' lang='grc'>0001</span> <span class='ocrx_word' id='word_1_28' title='bbox 395 612 437 674; x_wconf 88' lang='grc'><strong>011</strong></span> <span class='ocrx_word' id='word_1_29' title='bbox 459 621 585 676; x_wconf 88' lang='lat' dir='ltr'><strong>naturae</strong></span> <span class='ocrx_word' id='word_1_30' title='bbox 608 621 841 677; x_wconf 89' lang='lat' dir='ltr'><strong>consentaneum</strong></span> <span class='ocrx_word' id='word_1_31' title='bbox 864 633 978 694; x_wconf 89' lang='lat' dir='ltr'><strong>usuque</strong></span> <span class='ocrx_word' id='word_1_32' title='bbox 1000 619 1162 692; x_wconf 90' lang='lat' dir='ltr'><strong>receptum,</strong></span> <span class='ocrx_word' id='word_1_33' title='bbox 1186 611 1350 691; x_wconf 77' lang='lat' dir='ltr'><strong>quamlibet</strong></span> <span class='ocrx_word' id='word_1_34' title='bbox 1364 632 1427 675; x_wconf 88' lang='lat' dir='ltr'><strong>rem</strong></span> <span class='ocrx_word' id='word_1_35' title='bbox 1443 634 1540 695; x_wconf 92' lang='lat' dir='ltr'><strong>quau·</strong></span> 
     </span>
     <span class='ocr_line' id='line_1_5' title="bbox 185 701 1048 803; baseline -0.002 -37"><span class='ocrx_word' id='word_1_36' title='bbox 185 711 249 766; x_wconf 90' lang='lat' dir='ltr'><strong>tam</strong></span> <span class='ocrx_word' id='word_1_37' title='bbox 273 701 488 780; x_wconf 88' lang='lat' dir='ltr'><strong>distinguere&#39;</strong></span> <span class='ocrx_word' id='word_1_38' title='bbox 480 722 512 764; x_wconf 90' lang='lat' dir='ltr'><strong>m</strong></span> <span class='ocrx_word' id='word_1_39' title='bbox 534 702 722 803; x_wconf 83' lang='lat' dir='ltr'><strong>principium,</strong></span> <span class='ocrx_word' id='word_1_40' title='bbox 745 701 876 764; x_wconf 91' lang='lat' dir='ltr'><strong>medium</strong></span> <span class='ocrx_word' id='word_1_41' title='bbox 898 710 930 763; x_wconf 89' lang='lat' dir='ltr'><strong>et</strong></span> <span class='ocrx_word' id='word_1_42' title='bbox 951 703 1048 764; x_wconf 87' lang='lat' dir='ltr'><strong>finem.</strong></span> 
     </span>
    </p>

    <p class='ocr_par' dir='ltr' id='par_1_3' title="bbox 143 773 1541 1495">
     <span class='ocr_line' id='line_1_6' title="bbox 274 773 1539 868; baseline 0.002 -15"><span class='ocrx_word' id='word_1_43' title='bbox 274 789 380 853; x_wconf 84' lang='lat' dir='ltr'><strong>Tertia</strong></span> <span class='ocrx_word' id='word_1_44' title='bbox 403 810 495 852; x_wconf 89' lang='lat' dir='ltr'><strong>causa</strong></span> <span class='ocrx_word' id='word_1_45' title='bbox 518 810 571 852; x_wconf 91' lang='lat' dir='ltr'><strong>seu</strong></span> <span class='ocrx_word' id='word_1_46' title='bbox 595 790 713 852; x_wconf 82' lang='lat' dir='ltr'><strong>occasio</strong></span> <span class='ocrx_word' id='word_1_47' title='bbox 744 789 903 852; x_wconf 85' lang='lat' dir='ltr'><strong>divisionis</strong></span> <span class='ocrx_word' id='word_1_48' title='bbox 932 791 1068 868; x_wconf 89' lang='lat' dir='ltr'><strong>praecise</strong></span> <span class='ocrx_word' id='word_1_49' title='bbox 1099 787 1302 850; x_wconf 79' lang='lat' dir='ltr'><strong>duodenariae</strong></span> <span class='ocrx_word' id='word_1_50' title='bbox 1332 773 1539 854; x_wconf 88' lang='lat' dir='ltr'><strong>desumitura</strong></span> 
     </span>
     <span class='ocr_line' id='line_1_7' title="bbox 186 877 1540 980; baseline -0.001 -38"><span class='ocrx_word' id='word_1_51' title='bbox 186 879 410 960; x_wconf 90' lang='lat' dir='ltr'><strong>comparatione</strong></span> <span class='ocrx_word' id='word_1_52' title='bbox 440 886 582 958; x_wconf 88' lang='lat' dir='ltr'><strong>aspectus</strong></span> <span class='ocrx_word' id='word_1_53' title='bbox 611 879 684 940; x_wconf 90' lang='lat' dir='ltr'><strong>trini</strong></span> <span class='ocrx_word' id='word_1_54' title='bbox 714 897 781 939; x_wconf 92' lang='lat' dir='ltr'><strong>cum</strong></span> <span class='ocrx_word' id='word_1_55' title='bbox 811 879 968 980; x_wconf 75' lang='lat' dir='ltr'><strong>quadrato.</strong></span> <span class='ocrx_word' id='word_1_56' title='bbox 1017 877 1218 942; x_wconf 81' lang='lat' dir='ltr'><strong>Consentiunt</strong></span> <span class='ocrx_word' id='word_1_57' title='bbox 1245 877 1323 939; x_wconf 89' lang='lat' dir='ltr'><strong>enirn</strong></span> <span class='ocrx_word' id='word_1_58' title='bbox 1351 877 1540 940; x_wconf 73' lang='grc' dir='ltr'>101000οι0-</span> 
     </span>
     <span class='ocr_line' id='line_1_8' title="bbox 186 965 1541 1050; baseline 0.001 -21"><span class='ocrx_word' id='word_1_59' title='bbox 186 969 350 1050; x_wconf 88' lang='lat' dir='ltr'><strong>perientia,</strong></span> <span class='ocrx_word' id='word_1_60' title='bbox 381 985 456 1048; x_wconf 90' lang='lat' dir='ltr'><strong>quae</strong></span> <span class='ocrx_word' id='word_1_61' title='bbox 487 985 567 1042; x_wconf 91' lang='lat' dir='ltr'><strong>rem,</strong></span> <span class='ocrx_word' id='word_1_62' title='bbox 598 976 629 1028; x_wconf 90' lang='lat' dir='ltr'><strong>et</strong></span> <span class='ocrx_word' id='word_1_63' title='bbox 657 967 832 1028; x_wconf 87' lang='lat' dir='ltr'><strong>harmonica</strong></span> <span class='ocrx_word' id='word_1_64' title='bbox 858 965 952 1041; x_wconf 90' lang='lat' dir='ltr'><strong>ratio,</strong></span> <span class='ocrx_word' id='word_1_65' title='bbox 985 986 1061 1048; x_wconf 91' lang='lat' dir='ltr'><strong>quae</strong></span> <span class='ocrx_word' id='word_1_66' title='bbox 1086 985 1209 1028; x_wconf 90' lang='lat' dir='ltr'><strong>causam</strong></span> <span class='ocrx_word' id='word_1_67' title='bbox 1232 965 1275 1027; x_wconf 89' lang='lat' dir='ltr'><strong>rei</strong></span> <span class='ocrx_word' id='word_1_68' title='bbox 1299 965 1429 1040; x_wconf 87' lang='lat' dir='ltr'><strong>indicat,</strong></span> <span class='ocrx_word' id='word_1_69' title='bbox 1462 968 1541 1048; x_wconf 92' lang='lat' dir='ltr'><strong>quod</strong></span> 
     </span>
     <span class='ocr_line' id='line_1_9' title="bbox 185 1053 1540 1136; baseline -0.001 -17"><span class='ocrx_word' id='word_1_70' title='bbox 185 1057 263 1120; x_wconf 90' lang='lat' dir='ltr'><strong>binis</strong></span> <span class='ocrx_word' id='word_1_71' title='bbox 287 1055 418 1136; x_wconf 89' lang='lat' dir='ltr'><strong>planetis</strong></span> <span class='ocrx_word' id='word_1_72' title='bbox 441 1056 480 1116; x_wconf 91' lang='grc'><strong>01</strong></span> <span class='ocrx_word' id='word_1_73' title='bbox 502 1056 601 1118; x_wconf 88' lang='grc'>01000</span> <span class='ocrx_word' id='word_1_74' title='bbox 624 1056 715 1116; x_wconf 85' lang='lat' dir='ltr'><strong>tertia</strong></span> <span class='ocrx_word' id='word_1_75' title='bbox 738 1055 842 1118; x_wconf 89' lang='lat' dir='ltr'><strong>circuli</strong></span> <span class='ocrx_word' id='word_1_76' title='bbox 865 1055 982 1118; x_wconf 84' lang='lat' dir='ltr'><strong>zodiaci</strong></span> <span class='ocrx_word' id='word_1_77' title='bbox 998 1063 1084 1135; x_wconf 90' lang='lat' dir='ltr'><strong>parte</strong></span> <span class='ocrx_word' id='word_1_78' title='bbox 1109 1054 1160 1126; x_wconf 89' lang='grc'><strong>(10</strong></span> <span class='ocrx_word' id='word_1_79' title='bbox 1177 1074 1237 1135; x_wconf 88' lang='grc'><strong>000</strong></span> <span class='ocrx_word' id='word_1_80' title='bbox 1252 1073 1344 1134; x_wconf 91' lang='lat' dir='ltr'><strong>supra</strong></span> <span class='ocrx_word' id='word_1_81' title='bbox 1359 1053 1457 1133; x_wconf 88' lang='grc'>000110</span> <span class='ocrx_word' id='word_1_82' title='bbox 1472 1057 1540 1130; x_wconf 75' lang='lat' dir='ltr'><strong>lu),</strong></span> 
     </span>
     <span class='ocr_line' id='line_1_10' title="bbox 185 1142 1540 1226; baseline -0.002 -20"><span class='ocrx_word' id='word_1_83' title='bbox 185 1146 234 1208; x_wconf 91' lang='lat' dir='ltr'><strong>vel</strong></span> <span class='ocrx_word' id='word_1_84' title='bbox 258 1153 366 1226; x_wconf 86' lang='lat' dir='ltr'><strong>quarta</strong></span> <span class='ocrx_word' id='word_1_85' title='bbox 388 1144 438 1206; x_wconf 93' lang='lat' dir='ltr'><strong>vel</strong></span> <span class='ocrx_word' id='word_1_86' title='bbox 461 1151 549 1206; x_wconf 90' lang='lat' dir='ltr'><strong>sexta</strong></span> <span class='ocrx_word' id='word_1_87' title='bbox 567 1143 760 1218; x_wconf 88' lang='lat' dir='ltr'><strong>distantibus,</strong></span> <span class='ocrx_word' id='word_1_88' title='bbox 784 1162 894 1222; x_wconf 89' lang='lat' dir='ltr'><strong>magna</strong></span> <span class='ocrx_word' id='word_1_89' title='bbox 910 1145 1024 1208; x_wconf 86' lang='lat' dir='ltr'><strong>existat</strong></span> <span class='ocrx_word' id='word_1_90' title='bbox 1040 1143 1200 1206; x_wconf 90' lang='lat' dir='ltr'><strong>commotio</strong></span> <span class='ocrx_word' id='word_1_91' title='bbox 1216 1150 1342 1222; x_wconf 82' lang='lat' dir='ltr'><strong>naturae</strong></span> <span class='ocrx_word' id='word_1_92' title='bbox 1358 1142 1540 1206; x_wconf 89' lang='lat' dir='ltr'><strong>sublunaris.</strong></span> 
     </span>
     <span class='ocr_line' id='line_1_11' title="bbox 184 1230 1540 1314; baseline -0.003 -18"><span class='ocrx_word' id='word_1_93' title='bbox 184 1235 291 1296; x_wconf 89' lang='lat' dir='ltr'><strong>Posito</strong></span> <span class='ocrx_word' id='word_1_94' title='bbox 321 1251 393 1314; x_wconf 82' lang='lat' dir='ltr'><strong>ergo</strong></span> <span class='ocrx_word' id='word_1_95' title='bbox 425 1233 557 1295; x_wconf 88' lang='lat' dir='ltr'><strong>Saturno</strong></span> <span class='ocrx_word' id='word_1_96' title='bbox 587 1233 617 1294; x_wconf 93' lang='lat' dir='ltr'><strong>in</strong></span> <span class='ocrx_word' id='word_1_97' title='bbox 647 1231 794 1312; x_wconf 89' lang='lat' dir='ltr'><strong>principio</strong></span> <span class='ocrx_word' id='word_1_98' title='bbox 825 1231 943 1294; x_wconf 90' lang='lat' dir='ltr'><strong>Arietis</strong></span> <span class='ocrx_word' id='word_1_99' title='bbox 974 1232 1059 1312; x_wconf 88' lang='lat' dir='ltr'><strong>quasi</strong></span> <span class='ocrx_word' id='word_1_100' title='bbox 1089 1231 1249 1304; x_wconf 90' lang='lat' dir='ltr'><strong>immobili,</strong></span> <span class='ocrx_word' id='word_1_101' title='bbox 1280 1230 1330 1292; x_wconf 93' lang='lat' dir='ltr'><strong>ubi</strong></span> <span class='ocrx_word' id='word_1_102' title='bbox 1353 1230 1408 1292; x_wconf 89' lang='lat' dir='ltr'><strong>Sol</strong></span> <span class='ocrx_word' id='word_1_103' title='bbox 1438 1233 1475 1292; x_wconf 92' lang='lat' dir='ltr'><strong>ab</strong></span> <span class='ocrx_word' id='word_1_104' title='bbox 1505 1250 1540 1292; x_wconf 91' lang='lat' dir='ltr'><strong>eo</strong></span> 
     </span>
     <span class='ocr_line' id='line_1_12' title="bbox 143 1317 1541 1402; baseline -0.003 -18"><span class='ocrx_word' id='word_1_105' title='bbox 143 1350 147 1358; x_wconf 92' lang='lat'>·</span> <span class='ocrx_word' id='word_1_106' title='bbox 185 1330 302 1386; x_wconf 84' lang='lat' dir='ltr'><strong>tantum</strong></span> <span class='ocrx_word' id='word_1_107' title='bbox 325 1321 496 1396; x_wconf 86' lang='lat' dir='ltr'><strong>recesserit,</strong></span> <span class='ocrx_word' id='word_1_108' title='bbox 519 1327 554 1382; x_wconf 92' lang='grc' dir='ltr'><strong>ιι1</strong></span> <span class='ocrx_word' id='word_1_109' title='bbox 570 1321 666 1401; x_wconf 88' lang='lat' dir='ltr'><strong>primo</strong></span> <span class='ocrx_word' id='word_1_110' title='bbox 683 1327 786 1394; x_wconf 90' lang='lat' dir='ltr'><strong>sexta,</strong></span> <span class='ocrx_word' id='word_1_111' title='bbox 814 1321 883 1382; x_wconf 89' lang='lat' dir='ltr'><strong>dein</strong></span> <span class='ocrx_word' id='word_1_112' title='bbox 906 1328 1030 1401; x_wconf 86' lang='lat' dir='ltr'><strong>quarta,</strong></span> <span class='ocrx_word' id='word_1_113' title='bbox 1062 1321 1189 1401; x_wconf 89' lang='lat' dir='ltr'><strong>denique</strong></span> <span class='ocrx_word' id='word_1_114' title='bbox 1212 1317 1305 1380; x_wconf 88' lang='lat' dir='ltr'><strong>tertia</strong></span> <span class='ocrx_word' id='word_1_115' title='bbox 1328 1319 1432 1380; x_wconf 88' lang='lat' dir='ltr'><strong>circuli</strong></span> <span class='ocrx_word' id='word_1_116' title='bbox 1455 1327 1541 1402; x_wconf 89' lang='lat' dir='ltr'><strong>parta</strong></span> 
     </span>
     <span class='ocr_line' id='line_1_13' title="bbox 185 1406 1541 1495; baseline -0.001 -23"><span class='ocrx_word' id='word_1_117' title='bbox 185 1410 294 1472; x_wconf 89' lang='lat' dir='ltr'><strong>distet:</strong></span> <span class='ocrx_word' id='word_1_118' title='bbox 319 1410 416 1472; x_wconf 88' lang='lat' dir='ltr'><strong>tribus</strong></span> <span class='ocrx_word' id='word_1_119' title='bbox 441 1410 489 1472; x_wconf 88' lang='lat' dir='ltr'><strong>bis</strong></span> <span class='ocrx_word' id='word_1_120' title='bbox 512 1410 589 1495; x_wconf 88' lang='lat' dir='ltr'><strong>locis</strong></span> <span class='ocrx_word' id='word_1_121' title='bbox 603 1417 707 1489; x_wconf 88' lang='lat' dir='ltr'><strong>partes</strong></span> <span class='ocrx_word' id='word_1_122' title='bbox 723 1409 827 1470; x_wconf 90' lang='lat' dir='ltr'><strong>circuli</strong></span> <span class='ocrx_word' id='word_1_123' title='bbox 842 1409 1035 1471; x_wconf 89' lang='lat' dir='ltr'><strong>duodecimas</strong></span> <span class='ocrx_word' id='word_1_124' title='bbox 1052 1409 1232 1488; x_wconf 85' lang='lat' dir='ltr'><strong>intercipiet.</strong></span> <span class='ocrx_word' id='word_1_125' title='bbox 1272 1407 1352 1468; x_wconf 87' lang='lat' dir='ltr'><strong>Nam</strong></span> <span class='ocrx_word' id='word_1_126' title='bbox 1370 1406 1541 1470; x_wconf 87' lang='lat' dir='ltr'><strong>differentia</strong></span> 
     </span>
    </p>
   </div>
   <div class='ocr_carea' id='block_1_3' title="bbox 70 1493 1541 1578">
    <p class='ocr_par' dir='ltr' id='par_1_4' title="bbox 70 1493 1541 1578">
     <span class='ocr_line' id='line_1_14' title="bbox 70 1493 1541 1578; baseline -0.001 -18"><span class='ocrx_word' id='word_1_127' title='bbox 70 1493 74 1504; x_wconf 89' lang='grc'><strong>’</strong></span> <span class='ocrx_word' id='word_1_128' title='bbox 186 1507 292 1560; x_wconf 87' lang='lat' dir='ltr'><strong>sextae</strong></span> <span class='ocrx_word' id='word_1_129' title='bbox 315 1507 347 1560; x_wconf 90' lang='lat' dir='ltr'><strong>et</strong></span> <span class='ocrx_word' id='word_1_130' title='bbox 369 1507 493 1578; x_wconf 88' lang='lat' dir='ltr'><strong>quartae</strong></span> <span class='ocrx_word' id='word_1_131' title='bbox 516 1499 613 1578; x_wconf 88' lang='lat' dir='ltr'><strong>partis</strong></span> <span class='ocrx_word' id='word_1_132' title='bbox 636 1497 746 1572; x_wconf 89' lang='lat' dir='ltr'><strong>totius,</strong></span> <span class='ocrx_word' id='word_1_133' title='bbox 777 1498 850 1560; x_wconf 88' lang='lat' dir='ltr'><strong>item</strong></span> <span class='ocrx_word' id='word_1_134' title='bbox 879 1505 1005 1577; x_wconf 84' lang='lat' dir='ltr'><strong>quartae</strong></span> <span class='ocrx_word' id='word_1_135' title='bbox 1029 1506 1061 1560; x_wconf 89' lang='grc'><strong>01</strong></span> <span class='ocrx_word' id='word_1_136' title='bbox 1082 1499 1207 1572; x_wconf 88' lang='lat' dir='ltr'><strong>tertiae,</strong></span> <span class='ocrx_word' id='word_1_137' title='bbox 1237 1495 1376 1576; x_wconf 89' lang='lat' dir='ltr'><strong>utrinque</strong></span> <span class='ocrx_word' id='word_1_138' title='bbox 1400 1504 1541 1575; x_wconf 88' lang='lat' dir='ltr'><strong>estpars</strong></span> 
     </span>
    </p>
   </div>
   <div class='ocr_carea' id='block_1_4' title="bbox 154 1583 1543 4928">
    <p class='ocr_par' dir='ltr' id='par_1_5' title="bbox 154 1583 1540 1918">
     <span class='ocr_line' id='line_1_15' title="bbox 154 1583 1540 1670; baseline -0.001 -22"><span class='ocrx_word' id='word_1_139' title='bbox 154 1588 280 1670; x_wconf 49' lang='lat' dir='ltr'><strong>„totius</strong></span> <span class='ocrx_word' id='word_1_140' title='bbox 304 1587 489 1649; x_wconf 88' lang='lat' dir='ltr'><strong>duodecima.</strong></span> <span class='ocrx_word' id='word_1_141' title='bbox 536 1587 571 1648; x_wconf 95' lang='lat' dir='ltr'><strong>In</strong></span> <span class='ocrx_word' id='word_1_142' title='bbox 595 1585 732 1648; x_wconf 85' lang='lat' dir='ltr'><strong>Geminis</strong></span> <span class='ocrx_word' id='word_1_143' title='bbox 763 1586 843 1648; x_wconf 88' lang='lat' dir='ltr'><strong>enim</strong></span> <span class='ocrx_word' id='word_1_144' title='bbox 865 1586 919 1648; x_wconf 88' lang='lat' dir='ltr'><strong>Sol</strong></span> <span class='ocrx_word' id='word_1_145' title='bbox 950 1587 1042 1648; x_wconf 89' lang='lat' dir='ltr'><strong>faciet</strong></span> <span class='ocrx_word' id='word_1_146' title='bbox 1071 1585 1211 1647; x_wconf 84' lang='lat' dir='ltr'><strong>sextilem</strong></span> <span class='ocrx_word' id='word_1_147' title='bbox 1241 1602 1307 1646; x_wconf 87' lang='lat' dir='ltr'><strong>curu</strong></span> <span class='ocrx_word' id='word_1_148' title='bbox 1330 1585 1480 1658; x_wconf 85' lang='lat' dir='ltr'><strong>Saturno,</strong></span> <span class='ocrx_word' id='word_1_149' title='bbox 1511 1583 1540 1646; x_wconf 93' lang='lat' dir='ltr'><strong>in</strong></span> 
     </span>
     <span class='ocr_line' id='line_1_16' title="bbox 185 1674 1540 1757; baseline -0.004 -21"><span class='ocrx_word' id='word_1_150' title='bbox 185 1675 304 1754; x_wconf 69' lang='lat' dir='ltr'><strong>Cancro</strong></span> <span class='ocrx_word' id='word_1_151' title='bbox 327 1675 520 1757; x_wconf 86' lang='lat' dir='ltr'><strong>quadratum,</strong></span> <span class='ocrx_word' id='word_1_152' title='bbox 552 1674 579 1736; x_wconf 92' lang='lat' dir='ltr'><strong>in</strong></span> <span class='ocrx_word' id='word_1_153' title='bbox 602 1675 705 1736; x_wconf 89' lang='lat' dir='ltr'><strong>Leone</strong></span> <span class='ocrx_word' id='word_1_154' title='bbox 727 1674 848 1736; x_wconf 87' lang='lat' dir='ltr'><strong>trinum.</strong></span> <span class='ocrx_word' id='word_1_155' title='bbox 894 1674 964 1736; x_wconf 90' lang='lat' dir='ltr'><strong>Bini</strong></span> <span class='ocrx_word' id='word_1_156' title='bbox 987 1675 1088 1755; x_wconf 88' lang='lat' dir='ltr'><strong>itaque</strong></span> <span class='ocrx_word' id='word_1_157' title='bbox 1111 1693 1148 1736; x_wconf 87' lang='lat' dir='ltr'><strong>ex</strong></span> <span class='ocrx_word' id='word_1_158' title='bbox 1172 1674 1261 1734; x_wconf 89' lang='grc'>110110</span> <span class='ocrx_word' id='word_1_159' title='bbox 1285 1679 1426 1751; x_wconf 87' lang='grc'>00000100</span> <span class='ocrx_word' id='word_1_160' title='bbox 1451 1691 1540 1732; x_wconf 88' lang='grc'>0000-</span> 
     </span>
     <span class='ocr_line' id='line_1_17' title="bbox 187 1760 1540 1844; baseline -0.004 -17"><span class='ocrx_word' id='word_1_161' title='bbox 187 1767 301 1828; x_wconf 87' lang='lat' dir='ltr'><strong>sionem</strong></span> <span class='ocrx_word' id='word_1_162' title='bbox 322 1764 483 1844; x_wconf 89' lang='lat' dir='ltr'><strong>praebent,</strong></span> <span class='ocrx_word' id='word_1_163' title='bbox 507 1762 663 1826; x_wconf 73' lang='lat' dir='ltr'><strong>zodiacum</strong></span> <span class='ocrx_word' id='word_1_164' title='bbox 682 1763 718 1824; x_wconf 40' lang='lat' dir='ltr'><strong>,in</strong></span> <span class='ocrx_word' id='word_1_165' title='bbox 744 1760 784 1825; x_wconf 83' lang='lat'><strong>12</strong></span> <span class='ocrx_word' id='word_1_166' title='bbox 807 1769 912 1844; x_wconf 90' lang='lat' dir='ltr'><strong>partes</strong></span> <span class='ocrx_word' id='word_1_167' title='bbox 935 1761 1088 1824; x_wconf 89' lang='lat' dir='ltr'><strong>dividendi</strong></span> <span class='ocrx_word' id='word_1_168' title='bbox 1095 1783 1103 1838; x_wconf 90' lang='lat'>;</span> <span class='ocrx_word' id='word_1_169' title='bbox 1128 1761 1307 1842; x_wconf 91' lang='lat' dir='ltr'><strong>principium</strong></span> <span class='ocrx_word' id='word_1_170' title='bbox 1330 1780 1402 1823; x_wconf 91' lang='lat' dir='ltr'><strong>vero</strong></span> <span class='ocrx_word' id='word_1_171' title='bbox 1427 1761 1540 1822; x_wconf 93' lang='lat' dir='ltr'><strong>nullum</strong></span> 
     </span>
     <span class='ocr_line' id='line_1_18' title="bbox 186 1858 499 1918; baseline -0.019 -1"><span class='ocrx_word' id='word_1_172' title='bbox 186 1861 300 1918; x_wconf 89' lang='lat' dir='ltr'><strong>certum</strong></span> <span class='ocrx_word' id='word_1_173' title='bbox 321 1858 499 1914; x_wconf 86' lang='lat' dir='ltr'><strong>monstrant</strong></span> 
     </span>
    </p>

    <p class='ocr_par' dir='ltr' id='par_1_6' title="bbox 175 1933 1541 4855">
     <span class='ocr_line' id='line_1_19' title="bbox 274 1933 1539 2018; baseline -0.002 -16"><span class='ocrx_word' id='word_1_174' title='bbox 274 1941 422 2018; x_wconf 84' lang='lat' dir='ltr'><strong>Quartam</strong></span> <span class='ocrx_word' id='word_1_175' title='bbox 453 1940 507 2000; x_wconf 90' lang='lat' dir='ltr'><strong>sed</strong></span> <span class='ocrx_word' id='word_1_176' title='bbox 536 1939 653 2000; x_wconf 84' lang='lat' dir='ltr'><strong>futilem</strong></span> <span class='ocrx_word' id='word_1_177' title='bbox 675 1957 798 2000; x_wconf 90' lang='lat' dir='ltr'><strong>cansam</strong></span> <span class='ocrx_word' id='word_1_178' title='bbox 828 1938 943 2018; x_wconf 87' lang='lat' dir='ltr'><strong>allegat</strong></span> <span class='ocrx_word' id='word_1_179' title='bbox 965 1933 1204 2010; x_wconf 78' lang='grc' dir='ltr'>11110οι00001),</span> <span class='ocrx_word' id='word_1_180' title='bbox 1236 1935 1389 1998; x_wconf 88' lang='lat' dir='ltr'><strong>invenisse</strong></span> <span class='ocrx_word' id='word_1_181' title='bbox 1419 1944 1539 1999; x_wconf 90' lang='lat' dir='ltr'><strong>veteres</strong></span> 
     </span>
     <span class='ocr_line' id='line_1_20' title="bbox 185 2024 1541 2133; baseline -0.003 -41"><span class='ocrx_word' id='word_1_182' title='bbox 185 2031 216 2133; x_wconf 85' lang='grc'><strong>10</strong></span> <span class='ocrx_word' id='word_1_183' title='bbox 239 2029 360 2092; x_wconf 88' lang='grc'>00010</span> <span class='ocrx_word' id='word_1_184' title='bbox 353 2028 499 2107; x_wconf 78' lang='lat' dir='ltr'><strong>imagines</strong></span> <span class='ocrx_word' id='word_1_185' title='bbox 523 2024 581 2102; x_wconf 78' lang='grc'><strong>48,</strong></span> <span class='ocrx_word' id='word_1_186' title='bbox 614 2047 652 2088; x_wconf 91' lang='lat' dir='ltr'><strong>ex</strong></span> <span class='ocrx_word' id='word_1_187' title='bbox 681 2024 788 2109; x_wconf 88' lang='lat' dir='ltr'><strong>quibus</strong></span> <span class='ocrx_word' id='word_1_188' title='bbox 821 2046 888 2088; x_wconf 90' lang='lat' dir='ltr'><strong>eum</strong></span> <span class='ocrx_word' id='word_1_189' title='bbox 922 2025 996 2088; x_wconf 85' lang='grc'><strong>12</strong></span> <span class='ocrx_word' id='word_1_190' title='bbox 989 2046 1019 2088; x_wconf 91' lang='grc' dir='ltr'><strong>ιο</strong></span> <span class='ocrx_word' id='word_1_191' title='bbox 1049 2026 1204 2089; x_wconf 91' lang='lat' dir='ltr'><strong>zodiacum</strong></span> <span class='ocrx_word' id='word_1_192' title='bbox 1232 2025 1383 2100; x_wconf 89' lang='lat' dir='ltr'><strong>incidant,</strong></span> <span class='ocrx_word' id='word_1_193' title='bbox 1413 2025 1541 2088; x_wconf 91' lang='lat' dir='ltr'><strong>totidem</strong></span> 
     </span>
     <span class='ocr_line' id='line_1_21' title="bbox 185 2114 1539 2198; baseline -0.003 -18"><span class='ocrx_word' id='word_1_194' title='bbox 185 2119 250 2198; x_wconf 87' lang='lat' dir='ltr'><strong>ejus</strong></span> <span class='ocrx_word' id='word_1_195' title='bbox 274 2118 372 2178; x_wconf 84' lang='lat' dir='ltr'><strong>factas</strong></span> <span class='ocrx_word' id='word_1_196' title='bbox 394 2123 508 2197; x_wconf 86' lang='lat' dir='ltr'><strong>partes.</strong></span> <span class='ocrx_word' id='word_1_197' title='bbox 547 2117 626 2178; x_wconf 87' lang='lat' dir='ltr'><strong>Nam</strong></span> <span class='ocrx_word' id='word_1_198' title='bbox 649 2125 684 2178; x_wconf 89' lang='lat' dir='ltr'><strong>ut</strong></span> <span class='ocrx_word' id='word_1_199' title='bbox 705 2115 743 2178; x_wconf 88' lang='lat' dir='ltr'><strong>ab</strong></span> <span class='ocrx_word' id='word_1_200' title='bbox 766 2115 873 2178; x_wconf 88' lang='lat' dir='ltr'><strong>ultima</strong></span> <span class='ocrx_word' id='word_1_201' title='bbox 896 2135 989 2178; x_wconf 89' lang='lat' dir='ltr'><strong>causa</strong></span> <span class='ocrx_word' id='word_1_202' title='bbox 1010 2115 1189 2195; x_wconf 90' lang='lat' dir='ltr'><strong>principium</strong></span> <span class='ocrx_word' id='word_1_203' title='bbox 1211 2114 1323 2176; x_wconf 86' lang='lat' dir='ltr'><strong>faciam</strong></span> <span class='ocrx_word' id='word_1_204' title='bbox 1337 2115 1539 2189; x_wconf 87' lang='lat' dir='ltr'><strong>refutationis,</strong></span> 
     </span>
     <span class='ocr_line' id='line_1_22' title="bbox 185 2202 1539 2286; baseline -0.004 -17"><span class='ocrx_word' id='word_1_205' title='bbox 185 2207 355 2286; x_wconf 87' lang='lat' dir='ltr'><strong>imaginum</strong></span> <span class='ocrx_word' id='word_1_206' title='bbox 375 2205 540 2284; x_wconf 88' lang='lat' dir='ltr'><strong>antiquitus</strong></span> <span class='ocrx_word' id='word_1_207' title='bbox 566 2204 601 2266; x_wconf 90' lang='grc'><strong>11</strong></span> <span class='ocrx_word' id='word_1_208' title='bbox 629 2204 764 2267; x_wconf 92' lang='lat' dir='ltr'><strong>solum&#39;</strong></span> <span class='ocrx_word' id='word_1_209' title='bbox 755 2225 786 2266; x_wconf 88' lang='grc' dir='ltr'><strong>ιιι</strong></span> <span class='ocrx_word' id='word_1_210' title='bbox 809 2205 964 2266; x_wconf 84' lang='lat' dir='ltr'><strong>zodiacum</strong></span> <span class='ocrx_word' id='word_1_211' title='bbox 994 2204 1171 2266; x_wconf 88' lang='lat' dir='ltr'><strong>inciderunt.</strong></span> <span class='ocrx_word' id='word_1_212' title='bbox 1219 2202 1305 2274; x_wconf 80' lang='lat' dir='ltr'><strong>Quas</strong></span> <span class='ocrx_word' id='word_1_213' title='bbox 1329 2203 1408 2264; x_wconf 90' lang='lat' dir='ltr'><strong>enim</strong></span> <span class='ocrx_word' id='word_1_214' title='bbox 1432 2203 1539 2264; x_wconf 88' lang='lat' dir='ltr'><strong>stellas</strong></span> 
     </span>
     <span class='ocr_line' id='line_1_23' title="bbox 183 2290 1539 2374; baseline -0.005 -15"><span class='ocrx_word' id='word_1_215' title='bbox 183 2295 295 2359; x_wconf 89' lang='lat' dir='ltr'><strong>Librae</strong></span> <span class='ocrx_word' id='word_1_216' title='bbox 319 2293 493 2368; x_wconf 89' lang='lat' dir='ltr'><strong>tribuimus,</strong></span> <span class='ocrx_word' id='word_1_217' title='bbox 526 2312 579 2354; x_wconf 90' lang='lat' dir='ltr'><strong>eae</strong></span> <span class='ocrx_word' id='word_1_218' title='bbox 593 2293 762 2374; x_wconf 88' lang='lat' dir='ltr'><strong>Scorpioui</strong></span> <span class='ocrx_word' id='word_1_219' title='bbox 791 2312 845 2372; x_wconf 89' lang='lat' dir='ltr'><strong>pro</strong></span> <span class='ocrx_word' id='word_1_220' title='bbox 876 2293 972 2354; x_wconf 90' lang='lat' dir='ltr'><strong>chelis</strong></span> <span class='ocrx_word' id='word_1_221' title='bbox 1001 2293 1203 2356; x_wconf 87' lang='lat' dir='ltr'><strong>accensebant</strong></span> <span class='ocrx_word' id='word_1_222' title='bbox 1204 2310 1247 2352; x_wconf 90' lang='lat' dir='ltr'><strong>ur.</strong></span> <span class='ocrx_word' id='word_1_223' title='bbox 1294 2290 1412 2354; x_wconf 85' lang='lat' dir='ltr'><strong>Audiat</strong></span> <span class='ocrx_word' id='word_1_224' title='bbox 1437 2292 1539 2372; x_wconf 89' lang='lat' dir='ltr'><strong>itaque</strong></span> 
     </span>
     <span class='ocr_line' id='line_1_24' title="bbox 183 2340 1540 2461; baseline -0.004 -16"><span class='ocrx_word' id='word_1_225' title='bbox 183 2340 543 2456; x_wconf 85' lang='grc' dir='ltr'>Α110000οι,0001100</span> <span class='ocrx_word' id='word_1_226' title='bbox 563 2379 602 2443; x_wconf 90' lang='grc'><strong>12</strong></span> <span class='ocrx_word' id='word_1_227' title='bbox 618 2383 801 2446; x_wconf 89' lang='grc'>00001110100</span> <span class='ocrx_word' id='word_1_228' title='bbox 817 2399 885 2442; x_wconf 86' lang='grc'>0000</span> <span class='ocrx_word' id='word_1_229' title='bbox 901 2380 1017 2443; x_wconf 87' lang='lat' dir='ltr'><strong>zodiaci</strong></span> <span class='ocrx_word' id='word_1_230' title='bbox 1040 2389 1154 2459; x_wconf 90' lang='lat' dir='ltr'><strong>partes,</strong></span> <span class='ocrx_word' id='word_1_231' title='bbox 1177 2381 1378 2461; x_wconf 88' lang='grc'>0001000001</span> <span class='ocrx_word' id='word_1_232' title='bbox 1399 2380 1540 2442; x_wconf 89' lang='grc'>10000100</span> 
     </span>
     <span class='ocr_line' id='line_1_25' title="bbox 189 2468 1543 2572; baseline -0.004 -38"><span class='ocrx_word' id='word_1_233' title='bbox 189 2469 257 2534; x_wconf 91' lang='grc'><strong>12</strong></span> <span class='ocrx_word' id='word_1_234' title='bbox 249 2471 396 2572; x_wconf 84' lang='lat' dir='ltr'><strong>rmagines</strong></span> <span class='ocrx_word' id='word_1_235' title='bbox 411 2469 686 2546; x_wconf 88' lang='lat' dir='ltr'><strong>constellationum,</strong></span> <span class='ocrx_word' id='word_1_236' title='bbox 710 2471 764 2532; x_wconf 89' lang='grc'><strong>001</strong></span> <span class='ocrx_word' id='word_1_237' title='bbox 780 2477 885 2532; x_wconf 85' lang='grc' dir='ltr'>0001ιο</span> <span class='ocrx_word' id='word_1_238' title='bbox 900 2470 968 2552; x_wconf 85' lang='lat' dir='ltr'><strong>ideo</strong></span> <span class='ocrx_word' id='word_1_239' title='bbox 985 2468 1137 2531; x_wconf 88' lang='grc' dir='ltr'>010110οἰ0</span> <span class='ocrx_word' id='word_1_240' title='bbox 1153 2468 1269 2530; x_wconf 90' lang='lat' dir='ltr'><strong>zodiaci</strong></span> <span class='ocrx_word' id='word_1_241' title='bbox 1288 2469 1398 2530; x_wconf 87' lang='lat' dir='ltr'><strong>vicinia</strong></span> <span class='ocrx_word' id='word_1_242' title='bbox 1415 2486 1543 2542; x_wconf 90' lang='lat' dir='ltr'><strong>numero</strong></span> 
     </span>
     <span class='ocr_line' id='line_1_26' title="bbox 185 2543 1539 2661; baseline -0.003 -39"><span class='ocrx_word' id='word_1_243' title='bbox 185 2562 324 2661; x_wconf 77' lang='lat' dir='ltr'><strong>praecise</strong></span> <span class='ocrx_word' id='word_1_244' title='bbox 347 2559 531 2621; x_wconf 88' lang='lat' dir='ltr'><strong>duodenario</strong></span> <span class='ocrx_word' id='word_1_245' title='bbox 555 2558 745 2633; x_wconf 80' lang='lat' dir='ltr'><strong>distributas,</strong></span> <span class='ocrx_word' id='word_1_246' title='bbox 769 2558 840 2639; x_wconf 89' lang='lat' dir='ltr'><strong>quia</strong></span> <span class='ocrx_word' id='word_1_247' title='bbox 862 2543 932 2620; x_wconf 92' lang='lat' dir='ltr'><strong>aliis</strong></span> <span class='ocrx_word' id='word_1_248' title='bbox 955 2558 993 2618; x_wconf 92' lang='lat' dir='ltr'><strong>de</strong></span> <span class='ocrx_word' id='word_1_249' title='bbox 1017 2557 1118 2618; x_wconf 87' lang='lat' dir='ltr'><strong>causis</strong></span> <span class='ocrx_word' id='word_1_250' title='bbox 1134 2565 1258 2636; x_wconf 88' lang='lat' dir='ltr'><strong>recepta</strong></span> <span class='ocrx_word' id='word_1_251' title='bbox 1272 2565 1339 2618; x_wconf 90' lang='lat' dir='ltr'><strong>erat</strong></span> <span class='ocrx_word' id='word_1_252' title='bbox 1353 2557 1539 2618; x_wconf 90' lang='lat' dir='ltr'><strong>duodenaria</strong></span> 
     </span>
     <span class='ocr_line' id='line_1_27' title="bbox 184 2644 1537 2727; baseline -0.005 -16"><span class='ocrx_word' id='word_1_253' title='bbox 184 2647 324 2711; x_wconf 90' lang='lat' dir='ltr'><strong>divisio</strong></span> <span class='ocrx_word' id='word_1_254' title='bbox 316 2667 346 2708; x_wconf 91' lang='lat' dir='ltr'><strong>m</strong></span> <span class='ocrx_word' id='word_1_255' title='bbox 369 2646 533 2708; x_wconf 88' lang='lat' dir='ltr'><strong>zodiacum.</strong></span> <span class='ocrx_word' id='word_1_256' title='bbox 578 2647 667 2708; x_wconf 86' lang='lat' dir='ltr'><strong>Adde</strong></span> <span class='ocrx_word' id='word_1_257' title='bbox 691 2647 770 2727; x_wconf 92' lang='lat' dir='ltr'><strong>quod</strong></span> <span class='ocrx_word' id='word_1_258' title='bbox 793 2644 1065 2710; x_wconf 84' lang='lat' dir='ltr'><strong>constellationis&#39;</strong></span> <span class='ocrx_word' id='word_1_259' title='bbox 1058 2663 1157 2724; x_wconf 79' lang='lat' dir='ltr'><strong>imago</strong></span> <span class='ocrx_word' id='word_1_260' title='bbox 1180 2663 1240 2706; x_wconf 92' lang='lat' dir='ltr'><strong>non</strong></span> <span class='ocrx_word' id='word_1_261' title='bbox 1263 2644 1383 2706; x_wconf 87' lang='lat' dir='ltr'><strong>coniicit</strong></span> <span class='ocrx_word' id='word_1_262' title='bbox 1411 2645 1537 2722; x_wconf 89' lang='lat' dir='ltr'><strong>signum.</strong></span> 
     </span>
     <span class='ocr_line' id='line_1_28' title="bbox 184 2731 1538 2815; baseline -0.004 -15"><span class='ocrx_word' id='word_1_263' title='bbox 184 2737 262 2800; x_wconf 84' lang='lat' dir='ltr'><strong>Sunt</strong></span> <span class='ocrx_word' id='word_1_264' title='bbox 285 2734 364 2798; x_wconf 89' lang='lat' dir='ltr'><strong>enim</strong></span> <span class='ocrx_word' id='word_1_265' title='bbox 386 2734 505 2813; x_wconf 87' lang='lat' dir='ltr'><strong>aliquae</strong></span> <span class='ocrx_word' id='word_1_266' title='bbox 528 2741 673 2796; x_wconf 86' lang='lat' dir='ltr'><strong>extensae</strong></span> <span class='ocrx_word' id='word_1_267' title='bbox 695 2737 775 2798; x_wconf 87' lang='lat' dir='ltr'><strong>ultra</strong></span> <span class='ocrx_word' id='word_1_268' title='bbox 796 2741 914 2815; x_wconf 87' lang='lat' dir='ltr'><strong>partem</strong></span> <span class='ocrx_word' id='word_1_269' title='bbox 937 2733 1067 2796; x_wconf 91' lang='lat' dir='ltr'><strong>ambitus</strong></span> <span class='ocrx_word' id='word_1_270' title='bbox 1083 2732 1300 2808; x_wconf 85' lang='grc'>1001001000,</span> <span class='ocrx_word' id='word_1_271' title='bbox 1325 2731 1444 2814; x_wconf 89' lang='lat' dir='ltr'><strong>aliquae</strong></span> <span class='ocrx_word' id='word_1_272' title='bbox 1463 2751 1538 2794; x_wconf 82' lang='lat' dir='ltr'><strong>con-</strong></span> 
     </span>
     <span class='ocr_line' id='line_1_29' title="bbox 182 2819 1539 2904; baseline 0 -20"><span class='ocrx_word' id='word_1_273' title='bbox 182 2831 316 2886; x_wconf 87' lang='lat' dir='ltr'><strong>tractae:</strong></span> <span class='ocrx_word' id='word_1_274' title='bbox 342 2823 431 2902; x_wconf 89' lang='lat' dir='ltr'><strong>signa</strong></span> <span class='ocrx_word' id='word_1_275' title='bbox 453 2841 526 2884; x_wconf 88' lang='lat' dir='ltr'><strong>vero</strong></span> <span class='ocrx_word' id='word_1_276' title='bbox 549 2824 770 2904; x_wconf 85' lang='lat' dir='ltr'><strong>astrologorum</strong></span> <span class='ocrx_word' id='word_1_277' title='bbox 793 2819 869 2886; x_wconf 81' lang='lat' dir='ltr'><strong>adeo</strong></span> <span class='ocrx_word' id='word_1_278' title='bbox 893 2831 963 2886; x_wconf 92' lang='lat' dir='ltr'><strong>sunt</strong></span> <span class='ocrx_word' id='word_1_279' title='bbox 992 2822 1129 2885; x_wconf 89' lang='lat' dir='ltr'><strong>minutim</strong></span> <span class='ocrx_word' id='word_1_280' title='bbox 1159 2822 1297 2884; x_wconf 89' lang='lat' dir='ltr'><strong>dimensa</strong></span> <span class='ocrx_word' id='word_1_281' title='bbox 1326 2821 1356 2882; x_wconf 92' lang='lat' dir='ltr'><strong>in</strong></span> <span class='ocrx_word' id='word_1_282' title='bbox 1388 2821 1539 2884; x_wconf 88' lang='lat' dir='ltr'><strong>sectiones</strong></span> 
     </span>
     <span class='ocr_line' id='line_1_30' title="bbox 184 2907 1538 2992; baseline -0.001 -19"><span class='ocrx_word' id='word_1_283' title='bbox 184 2910 395 2990; x_wconf 76' lang='lat' dir='ltr'><strong>duodenarias,</strong></span> <span class='ocrx_word' id='word_1_284' title='bbox 420 2918 454 2971; x_wconf 89' lang='lat' dir='ltr'><strong>ut</strong></span> <span class='ocrx_word' id='word_1_285' title='bbox 475 2911 595 2992; x_wconf 87' lang='lat' dir='ltr'><strong>Jupiter</strong></span> <span class='ocrx_word' id='word_1_286' title='bbox 616 2913 648 2974; x_wconf 93' lang='lat' dir='ltr'><strong>in</strong></span> <span class='ocrx_word' id='word_1_287' title='bbox 671 2907 738 2976; x_wconf 92' lang='grc'><strong>291</strong></span> <span class='ocrx_word' id='word_1_288' title='bbox 760 2908 813 2976; x_wconf 81' lang='grc'><strong>591</strong></span> <span class='ocrx_word' id='word_1_289' title='bbox 835 2908 901 2976; x_wconf 78' lang='grc'>5911</span> <span class='ocrx_word' id='word_1_290' title='bbox 926 2912 1120 2976; x_wconf 89' lang='lat' dir='ltr'><strong>Geminorum</strong></span> <span class='ocrx_word' id='word_1_291' title='bbox 1137 2917 1296 2972; x_wconf 81' lang='lat' dir='ltr'><strong>censeatur</strong></span> <span class='ocrx_word' id='word_1_292' title='bbox 1311 2911 1342 2973; x_wconf 92' lang='lat' dir='ltr'><strong>in</strong></span> <span class='ocrx_word' id='word_1_293' title='bbox 1357 2910 1538 2972; x_wconf 89' lang='lat' dir='ltr'><strong>detrimento</strong></span> 
     </span>
     <span class='ocr_line' id='line_1_31' title="bbox 184 2999 1539 3084; baseline -0.001 -21"><span class='ocrx_word' id='word_1_294' title='bbox 184 3021 248 3076; x_wconf 92' lang='lat' dir='ltr'><strong>suo,</strong></span> <span class='ocrx_word' id='word_1_295' title='bbox 272 3006 378 3062; x_wconf 90' lang='lat' dir='ltr'><strong>nactus</strong></span> <span class='ocrx_word' id='word_1_296' title='bbox 402 3007 487 3062; x_wconf 90' lang='lat' dir='ltr'><strong>atros</strong></span> <span class='ocrx_word' id='word_1_297' title='bbox 510 3001 643 3062; x_wconf 90' lang='lat' dir='ltr'><strong>calculos</strong></span> <span class='ocrx_word' id='word_1_298' title='bbox 666 3003 810 3084; x_wconf 90' lang='lat' dir='ltr'><strong>quinque;</strong></span> <span class='ocrx_word' id='word_1_299' title='bbox 833 3009 904 3082; x_wconf 92' lang='grc'>0001</span> <span class='ocrx_word' id='word_1_300' title='bbox 917 3001 1065 3062; x_wconf 88' lang='grc'>0100100</span> <span class='ocrx_word' id='word_1_301' title='bbox 1088 2999 1233 3080; x_wconf 87' lang='lat' dir='ltr'><strong>temporis</strong></span> <span class='ocrx_word' id='word_1_302' title='bbox 1256 2999 1435 3062; x_wconf 84' lang='lat' dir='ltr'><strong>transitione</strong></span> <span class='ocrx_word' id='word_1_303' title='bbox 1456 2999 1539 3062; x_wconf 81' lang='grc'>10010</span> 
     </span>
     <span class='ocr_line' id='line_1_32' title="bbox 182 3085 1536 3170; baseline 0 -20"><span class='ocrx_word' id='word_1_304' title='bbox 182 3089 214 3150; x_wconf 92' lang='grc'><strong>10</strong></span> <span class='ocrx_word' id='word_1_305' title='bbox 236 3085 276 3152; x_wconf 89' lang='grc'><strong>01</strong></span> <span class='ocrx_word' id='word_1_306' title='bbox 304 3087 336 3153; x_wconf 81' lang='grc'><strong>01</strong></span> <span class='ocrx_word' id='word_1_307' title='bbox 370 3088 410 3148; x_wconf 78' lang='grc'><strong>111</strong></span> <span class='ocrx_word' id='word_1_308' title='bbox 434 3087 555 3165; x_wconf 87' lang='lat' dir='ltr'><strong>Cancri,</strong></span> <span class='ocrx_word' id='word_1_309' title='bbox 574 3090 639 3168; x_wconf 87' lang='lat' dir='ltr'><strong>jam</strong></span> <span class='ocrx_word' id='word_1_310' title='bbox 663 3089 752 3165; x_wconf 83' lang='lat' dir='ltr'><strong>felix,</strong></span> <span class='ocrx_word' id='word_1_311' title='bbox 772 3091 838 3170; x_wconf 90' lang='lat' dir='ltr'><strong>jam</strong></span> <span class='ocrx_word' id='word_1_312' title='bbox 861 3091 891 3152; x_wconf 92' lang='lat' dir='ltr'><strong>in</strong></span> <span class='ocrx_word' id='word_1_313' title='bbox 915 3089 1100 3152; x_wconf 84' lang='lat' dir='ltr'><strong>exaltatione</strong></span> <span class='ocrx_word' id='word_1_314' title='bbox 1124 3109 1193 3164; x_wconf 89' lang='grc'>000,</span> <span class='ocrx_word' id='word_1_315' title='bbox 1218 3095 1345 3169; x_wconf 82' lang='grc'>0001000</span> <span class='ocrx_word' id='word_1_316' title='bbox 1368 3087 1447 3150; x_wconf 84' lang='grc'>01110</span> <span class='ocrx_word' id='word_1_317' title='bbox 1470 3088 1536 3150; x_wconf 88' lang='grc'>001-</span> 
     </span>
     <span class='ocr_line' id='line_1_33' title="bbox 182 3176 1533 3260; baseline -0.001 -20"><span class='ocrx_word' id='word_1_318' title='bbox 182 3177 258 3240; x_wconf 89' lang='lat' dir='ltr'><strong>oulis</strong></span> <span class='ocrx_word' id='word_1_319' title='bbox 281 3177 415 3257; x_wconf 85' lang='lat' dir='ltr'><strong>gaudeat</strong></span> <span class='ocrx_word' id='word_1_320' title='bbox 437 3176 464 3238; x_wconf 92' lang='lat' dir='ltr'><strong>si</strong></span> <span class='ocrx_word' id='word_1_321' title='bbox 488 3176 547 3240; x_wconf 91' lang='lat' dir='ltr'><strong>diis</strong></span> <span class='ocrx_word' id='word_1_322' title='bbox 569 3179 679 3259; x_wconf 84' lang='lat' dir='ltr'><strong>placet</strong></span> <span class='ocrx_word' id='word_1_323' title='bbox 719 3179 833 3242; x_wconf 89' lang='lat' dir='ltr'><strong>Valeat</strong></span> <span class='ocrx_word' id='word_1_324' title='bbox 854 3179 956 3260; x_wconf 87' lang='lat' dir='ltr'><strong>itaque</strong></span> <span class='ocrx_word' id='word_1_325' title='bbox 979 3185 1087 3260; x_wconf 88' lang='lat' dir='ltr'><strong>quarta</strong></span> <span class='ocrx_word' id='word_1_326' title='bbox 1101 3178 1176 3240; x_wconf 91' lang='lat' dir='ltr'><strong>haec</strong></span> <span class='ocrx_word' id='word_1_327' title='bbox 1200 3195 1293 3240; x_wconf 90' lang='lat' dir='ltr'><strong>causa</strong></span> <span class='ocrx_word' id='word_1_328' title='bbox 1306 3177 1533 3240; x_wconf 86' lang='lat' dir='ltr'><strong>Albumasaria:</strong></span> 
     </span>
     <span class='ocr_line' id='line_1_34' title="bbox 181 3266 1535 3348; baseline 0 -20"><span class='ocrx_word' id='word_1_329' title='bbox 181 3267 317 3329; x_wconf 85' lang='lat' dir='ltr'><strong>dicamus</strong></span> <span class='ocrx_word' id='word_1_330' title='bbox 340 3267 432 3328; x_wconf 90' lang='lat' dir='ltr'><strong>etde</strong></span> <span class='ocrx_word' id='word_1_331' title='bbox 456 3266 553 3330; x_wconf 88' lang='lat' dir='ltr'><strong>tribus</strong></span> <span class='ocrx_word' id='word_1_332' title='bbox 577 3267 791 3348; x_wconf 88' lang='lat' dir='ltr'><strong>superioribus,</strong></span> <span class='ocrx_word' id='word_1_333' title='bbox 816 3277 850 3331; x_wconf 93' lang='lat' dir='ltr'><strong>ut</strong></span> <span class='ocrx_word' id='word_1_334' title='bbox 870 3277 986 3348; x_wconf 90' lang='lat' dir='ltr'><strong>pateat,</strong></span> <span class='ocrx_word' id='word_1_335' title='bbox 1009 3287 1069 3330; x_wconf 92' lang='lat' dir='ltr'><strong>non</strong></span> <span class='ocrx_word' id='word_1_336' title='bbox 1092 3266 1166 3328; x_wconf 85' lang='lat' dir='ltr'><strong>effici</strong></span> <span class='ocrx_word' id='word_1_337' title='bbox 1189 3285 1243 3347; x_wconf 92' lang='lat' dir='ltr'><strong>per</strong></span> <span class='ocrx_word' id='word_1_338' title='bbox 1266 3266 1346 3340; x_wconf 85' lang='lat' dir='ltr'><strong>illas,</strong></span> <span class='ocrx_word' id='word_1_339' title='bbox 1370 3266 1457 3328; x_wconf 93' lang='lat' dir='ltr'><strong>utin</strong></span> <span class='ocrx_word' id='word_1_340' title='bbox 1480 3285 1535 3328; x_wconf 90' lang='lat' dir='ltr'><strong>zo-</strong></span> 
     </span>
     <span class='ocr_line' id='line_1_35' title="bbox 181 3353 1535 3436; baseline 0 -20"><span class='ocrx_word' id='word_1_341' title='bbox 181 3355 269 3418; x_wconf 89' lang='lat' dir='ltr'><strong>diaco</strong></span> <span class='ocrx_word' id='word_1_342' title='bbox 291 3355 380 3435; x_wconf 84' lang='lat' dir='ltr'><strong>signa</strong></span> <span class='ocrx_word' id='word_1_343' title='bbox 406 3353 446 3418; x_wconf 90' lang='grc'><strong>12</strong></span> <span class='ocrx_word' id='word_1_344' title='bbox 469 3354 550 3418; x_wconf 92' lang='lat' dir='ltr'><strong>veris</strong></span> <span class='ocrx_word' id='word_1_345' title='bbox 575 3365 606 3419; x_wconf 90' lang='lat' dir='ltr'><strong>et</strong></span> <span class='ocrx_word' id='word_1_346' title='bbox 627 3358 817 3420; x_wconf 88' lang='lat' dir='ltr'><strong>naturalibus</strong></span> <span class='ocrx_word' id='word_1_347' title='bbox 840 3357 1002 3431; x_wconf 86' lang='lat' dir='ltr'><strong>limitibus,</strong></span> <span class='ocrx_word' id='word_1_348' title='bbox 1026 3363 1080 3417; x_wconf 89' lang='lat' dir='ltr'><strong>aut</strong></span> <span class='ocrx_word' id='word_1_349' title='bbox 1101 3356 1171 3416; x_wconf 90' lang='grc'>01110</span> <span class='ocrx_word' id='word_1_350' title='bbox 1194 3363 1284 3435; x_wconf 90' lang='lat' dir='ltr'><strong>atque</strong></span> <span class='ocrx_word' id='word_1_351' title='bbox 1307 3355 1378 3417; x_wconf 90' lang='lat' dir='ltr'><strong>aliis</strong></span> <span class='ocrx_word' id='word_1_352' title='bbox 1401 3355 1535 3436; x_wconf 86' lang='lat' dir='ltr'><strong>qualita-</strong></span> 
     </span>
     <span class='ocr_line' id='line_1_36' title="bbox 180 3441 1535 3529; baseline -0.001 -24"><span class='ocrx_word' id='word_1_353' title='bbox 180 3441 262 3506; x_wconf 89' lang='lat' dir='ltr'><strong>tibus</strong></span> <span class='ocrx_word' id='word_1_354' title='bbox 286 3444 348 3506; x_wconf 89' lang='lat' dir='ltr'><strong>sint</strong></span> <span class='ocrx_word' id='word_1_355' title='bbox 370 3444 523 3528; x_wconf 80' lang='lat' dir='ltr'><strong>distincta.</strong></span> <span class='ocrx_word' id='word_1_356' title='bbox 562 3447 606 3508; x_wconf 89' lang='lat' dir='ltr'><strong>Et</strong></span> <span class='ocrx_word' id='word_1_357' title='bbox 628 3445 665 3506; x_wconf 93' lang='lat' dir='ltr'><strong>de</strong></span> <span class='ocrx_word' id='word_1_358' title='bbox 688 3445 920 3529; x_wconf 80' lang='lat' dir='ltr'><strong>primoquidem</strong></span> <span class='ocrx_word' id='word_1_359' title='bbox 943 3455 1033 3527; x_wconf 88' lang='lat' dir='ltr'><strong>atque</strong></span> <span class='ocrx_word' id='word_1_360' title='bbox 1056 3443 1149 3506; x_wconf 88' lang='lat' dir='ltr'><strong>tertia</strong></span> <span class='ocrx_word' id='word_1_361' title='bbox 1171 3463 1231 3506; x_wconf 91' lang='lat' dir='ltr'><strong>non</strong></span> <span class='ocrx_word' id='word_1_362' title='bbox 1254 3444 1372 3507; x_wconf 86' lang='lat' dir='ltr'><strong>difficile</strong></span> <span class='ocrx_word' id='word_1_363' title='bbox 1396 3451 1445 3506; x_wconf 88' lang='lat' dir='ltr'><strong>est</strong></span> <span class='ocrx_word' id='word_1_364' title='bbox 1461 3463 1535 3524; x_wconf 88' lang='lat' dir='ltr'><strong>pro-</strong></span> 
     </span>
     <span class='ocr_line' id='line_1_37' title="bbox 179 3530 1535 3616; baseline 0 -24"><span class='ocrx_word' id='word_1_365' title='bbox 179 3531 264 3606; x_wconf 87' lang='lat' dir='ltr'><strong>bare,</strong></span> <span class='ocrx_word' id='word_1_366' title='bbox 288 3551 354 3594; x_wconf 90' lang='lat' dir='ltr'><strong>cum</strong></span> <span class='ocrx_word' id='word_1_367' title='bbox 377 3553 436 3594; x_wconf 93' lang='lat' dir='ltr'><strong>non</strong></span> <span class='ocrx_word' id='word_1_368' title='bbox 452 3534 641 3596; x_wconf 90' lang='lat' dir='ltr'><strong>constituant</strong></span> <span class='ocrx_word' id='word_1_369' title='bbox 655 3535 828 3598; x_wconf 83' lang='lat' dir='ltr'><strong>constantia</strong></span> <span class='ocrx_word' id='word_1_370' title='bbox 845 3534 934 3616; x_wconf 91' lang='lat' dir='ltr'><strong>hujus</strong></span> <span class='ocrx_word' id='word_1_371' title='bbox 957 3533 1116 3598; x_wconf 89' lang='lat' dir='ltr'><strong>divisionis</strong></span> <span class='ocrx_word' id='word_1_372' title='bbox 1139 3533 1234 3596; x_wconf 83' lang='lat' dir='ltr'><strong>initia</strong></span> <span class='ocrx_word' id='word_1_373' title='bbox 1274 3537 1380 3614; x_wconf 89' lang='lat' dir='ltr'><strong>Itaque</strong></span> <span class='ocrx_word' id='word_1_374' title='bbox 1404 3534 1430 3594; x_wconf 94' lang='lat' dir='ltr'><strong>si</strong></span> <span class='ocrx_word' id='word_1_375' title='bbox 1450 3530 1535 3595; x_wconf 91' lang='lat' dir='ltr'><strong>verbi</strong></span> 
     </span>
     <span class='ocr_line' id='line_1_38' title="bbox 180 3617 1532 3704; baseline -0.001 -23"><span class='ocrx_word' id='word_1_376' title='bbox 180 3621 280 3699; x_wconf 88' lang='lat' dir='ltr'><strong>gratia</strong></span> <span class='ocrx_word' id='word_1_377' title='bbox 313 3617 378 3684; x_wconf 88' lang='grc'><strong>191</strong></span> <span class='ocrx_word' id='word_1_378' title='bbox 400 3622 560 3700; x_wconf 86' lang='lat' dir='ltr'><strong>Sagittarii</strong></span> <span class='ocrx_word' id='word_1_379' title='bbox 589 3643 609 3684; x_wconf 93' lang='lat' dir='ltr'><strong>a</strong></span> <span class='ocrx_word' id='word_1_380' title='bbox 632 3623 841 3704; x_wconf 82' lang='lat' dir='ltr'><strong>conjunctione</strong></span> <span class='ocrx_word' id='word_1_381' title='bbox 871 3623 1060 3688; x_wconf 90' lang='lat' dir='ltr'><strong>luminarium</strong></span> <span class='ocrx_word' id='word_1_382' title='bbox 1089 3623 1152 3685; x_wconf 90' lang='lat' dir='ltr'><strong>vim</strong></span> <span class='ocrx_word' id='word_1_383' title='bbox 1180 3621 1328 3684; x_wconf 85' lang='lat' dir='ltr'><strong>siccitatis</strong></span> <span class='ocrx_word' id='word_1_384' title='bbox 1358 3621 1532 3684; x_wconf 89' lang='lat' dir='ltr'><strong>sortiretur:</strong></span> 
     </span>
     <span class='ocr_line' id='line_1_39' title="bbox 181 3708 1535 3793; baseline 0 -24"><span class='ocrx_word' id='word_1_385' title='bbox 181 3709 294 3788; x_wconf 89' lang='lat' dir='ltr'><strong>elapsis</strong></span> <span class='ocrx_word' id='word_1_386' title='bbox 318 3709 433 3790; x_wconf 90' lang='lat' dir='ltr'><strong>aliquot</strong></span> <span class='ocrx_word' id='word_1_387' title='bbox 455 3709 607 3774; x_wconf 89' lang='lat' dir='ltr'><strong>mensibus</strong></span> <span class='ocrx_word' id='word_1_388' title='bbox 630 3712 661 3774; x_wconf 94' lang='lat' dir='ltr'><strong>in</strong></span> <span class='ocrx_word' id='word_1_389' title='bbox 684 3713 811 3776; x_wconf 87' lang='lat' dir='ltr'><strong>eundern</strong></span> <span class='ocrx_word' id='word_1_390' title='bbox 839 3709 902 3777; x_wconf 92' lang='grc'><strong>191</strong></span> <span class='ocrx_word' id='word_1_391' title='bbox 924 3712 1082 3793; x_wconf 87' lang='lat' dir='ltr'><strong>Sagittarii</strong></span> <span class='ocrx_word' id='word_1_392' title='bbox 1104 3711 1240 3773; x_wconf 89' lang='lat' dir='ltr'><strong>incidens</strong></span> <span class='ocrx_word' id='word_1_393' title='bbox 1255 3709 1451 3790; x_wconf 86' lang='lat' dir='ltr'><strong>plenilunium</strong></span> <span class='ocrx_word' id='word_1_394' title='bbox 1473 3708 1535 3770; x_wconf 84' lang='lat' dir='ltr'><strong>vim</strong></span> 
     </span>
     <span class='ocr_line' id='line_1_40' title="bbox 179 3796 1534 3884; baseline 0.001 -26"><span class='ocrx_word' id='word_1_395' title='bbox 179 3796 208 3858; x_wconf 93' lang='grc'><strong>01</strong></span> <span class='ocrx_word' id='word_1_396' title='bbox 234 3797 424 3860; x_wconf 89' lang='lat' dir='ltr'><strong>humectandi</strong></span> <span class='ocrx_word' id='word_1_397' title='bbox 452 3799 598 3862; x_wconf 80' lang='lat' dir='ltr'><strong>infundet</strong></span> <span class='ocrx_word' id='word_1_398' title='bbox 644 3802 729 3864; x_wconf 90' lang='lat' dir='ltr'><strong>Idem</strong></span> <span class='ocrx_word' id='word_1_399' title='bbox 756 3803 792 3863; x_wconf 90' lang='lat' dir='ltr'><strong>de</strong></span> <span class='ocrx_word' id='word_1_400' title='bbox 816 3803 989 3882; x_wconf 87' lang='lat' dir='ltr'><strong>aspectibus</strong></span> <span class='ocrx_word' id='word_1_401' title='bbox 1010 3803 1201 3884; x_wconf 83' lang='lat' dir='ltr'><strong>planetarum</strong></span> <span class='ocrx_word' id='word_1_402' title='bbox 1223 3799 1283 3862; x_wconf 92' lang='lat' dir='ltr'><strong>dici</strong></span> <span class='ocrx_word' id='word_1_403' title='bbox 1310 3805 1428 3878; x_wconf 90' lang='lat' dir='ltr'><strong>potest,</strong></span> <span class='ocrx_word' id='word_1_404' title='bbox 1459 3817 1534 3878; x_wconf 91' lang='grc'>0000</span> 
     </span>
     <span class='ocr_line' id='line_1_41' title="bbox 178 3884 1532 3968; baseline 0.001 -22"><span class='ocrx_word' id='word_1_405' title='bbox 178 3885 236 3965; x_wconf 87' lang='grc'>1001</span> <span class='ocrx_word' id='word_1_406' title='bbox 260 3884 473 3948; x_wconf 81' lang='lat' dir='ltr'><strong>circumierunt</strong></span> <span class='ocrx_word' id='word_1_407' title='bbox 496 3906 549 3966; x_wconf 84' lang='lat' dir='ltr'><strong>per</strong></span> <span class='ocrx_word' id='word_1_408' title='bbox 572 3907 689 3950; x_wconf 89' lang='grc' dir='ltr'>000οι0</span> <span class='ocrx_word' id='word_1_409' title='bbox 713 3890 857 3954; x_wconf 87' lang='lat' dir='ltr'><strong>ambitum</strong></span> <span class='ocrx_word' id='word_1_410' title='bbox 871 3910 937 3952; x_wconf 90' lang='lat' dir='ltr'><strong>cum</strong></span> <span class='ocrx_word' id='word_1_411' title='bbox 953 3891 1015 3952; x_wconf 87' lang='grc'>0010</span> <span class='ocrx_word' id='word_1_412' title='bbox 1030 3887 1212 3968; x_wconf 88' lang='lat' dir='ltr'><strong>corporibus.</strong></span> <span class='ocrx_word' id='word_1_413' title='bbox 1252 3886 1328 3950; x_wconf 88' lang='lat' dir='ltr'><strong>Cum</strong></span> <span class='ocrx_word' id='word_1_414' title='bbox 1344 3907 1416 3948; x_wconf 90' lang='lat' dir='ltr'><strong>vero</strong></span> <span class='ocrx_word' id='word_1_415' title='bbox 1431 3893 1532 3948; x_wconf 87' lang='lat' dir='ltr'><strong>astro-</strong></span> 
     </span>
     <span class='ocr_line' id='line_1_42' title="bbox 178 3973 1533 4054; baseline 0 -19"><span class='ocrx_word' id='word_1_416' title='bbox 178 3975 312 4053; x_wconf 89' lang='lat' dir='ltr'><strong>logorum</strong></span> <span class='ocrx_word' id='word_1_417' title='bbox 338 3975 425 4054; x_wconf 88' lang='lat' dir='ltr'><strong>signa</strong></span> <span class='ocrx_word' id='word_1_418' title='bbox 447 3976 563 4036; x_wconf 88' lang='lat' dir='ltr'><strong>zodiaci</strong></span> <span class='ocrx_word' id='word_1_419' title='bbox 586 3978 759 4038; x_wconf 89' lang='lat' dir='ltr'><strong>constantia</strong></span> <span class='ocrx_word' id='word_1_420' title='bbox 781 3979 919 4041; x_wconf 86' lang='lat' dir='ltr'><strong>dicantur</strong></span> <span class='ocrx_word' id='word_1_421' title='bbox 941 3979 1052 4040; x_wconf 90' lang='lat' dir='ltr'><strong>babere</strong></span> <span class='ocrx_word' id='word_1_422' title='bbox 1075 3977 1175 4050; x_wconf 90' lang='lat' dir='ltr'><strong>initia,</strong></span> <span class='ocrx_word' id='word_1_423' title='bbox 1209 3977 1284 4040; x_wconf 93' lang='lat' dir='ltr'><strong>nibil</strong></span> <span class='ocrx_word' id='word_1_424' title='bbox 1317 3977 1357 4038; x_wconf 89' lang='lat' dir='ltr'><strong>ad</strong></span> <span class='ocrx_word' id='word_1_425' title='bbox 1389 3975 1443 4038; x_wconf 89' lang='lat' dir='ltr'><strong>illa</strong></span> <span class='ocrx_word' id='word_1_426' title='bbox 1474 3973 1533 4038; x_wconf 87' lang='lat' dir='ltr'><strong>hae</strong></span> 
     </span>
     <span class='ocr_line' id='line_1_43' title="bbox 178 4063 1533 4145; baseline -0.001 -21"><span class='ocrx_word' id='word_1_427' title='bbox 178 4081 303 4136; x_wconf 87' lang='lat' dir='ltr'><strong>causae,</strong></span> <span class='ocrx_word' id='word_1_428' title='bbox 337 4070 459 4142; x_wconf 87' lang='lat' dir='ltr'><strong>praeter</strong></span> <span class='ocrx_word' id='word_1_429' title='bbox 481 4063 538 4126; x_wconf 90' lang='lat' dir='ltr'><strong>boc</strong></span> <span class='ocrx_word' id='word_1_430' title='bbox 561 4083 665 4138; x_wconf 89' lang='lat' dir='ltr'><strong>unum,</strong></span> <span class='ocrx_word' id='word_1_431' title='bbox 699 4065 777 4145; x_wconf 89' lang='lat' dir='ltr'><strong>quod</strong></span> <span class='ocrx_word' id='word_1_432' title='bbox 806 4075 994 4130; x_wconf 88' lang='lat' dir='ltr'><strong>astronomos</strong></span> <span class='ocrx_word' id='word_1_433' title='bbox 1023 4065 1136 4145; x_wconf 89' lang='lat' dir='ltr'><strong>primos</strong></span> <span class='ocrx_word' id='word_1_434' title='bbox 1168 4065 1333 4128; x_wconf 88' lang='lat' dir='ltr'><strong>invitarunt</strong></span> <span class='ocrx_word' id='word_1_435' title='bbox 1355 4064 1470 4126; x_wconf 88' lang='lat' dir='ltr'><strong>eminus</strong></span> <span class='ocrx_word' id='word_1_436' title='bbox 1494 4064 1533 4124; x_wconf 92' lang='grc'><strong>01</strong></span> 
     </span>
     <span class='ocr_line' id='line_1_44' title="bbox 176 4151 1533 4234; baseline 0.001 -22"><span class='ocrx_word' id='word_1_437' title='bbox 176 4151 346 4231; x_wconf 86' lang='lat' dir='ltr'><strong>praecisum</strong></span> <span class='ocrx_word' id='word_1_438' title='bbox 370 4169 522 4214; x_wconf 87' lang='lat' dir='ltr'><strong>numerum</strong></span> <span class='ocrx_word' id='word_1_439' title='bbox 546 4151 781 4228; x_wconf 75' lang='grc' dir='ltr'>1001000010ιο,</span> <span class='ocrx_word' id='word_1_440' title='bbox 798 4173 884 4234; x_wconf 87' lang='lat' dir='ltr'><strong>quern</strong></span> <span class='ocrx_word' id='word_1_441' title='bbox 909 4155 952 4216; x_wconf 94' lang='lat' dir='ltr'><strong>illi</strong></span> <span class='ocrx_word' id='word_1_442' title='bbox 975 4172 1123 4216; x_wconf 89' lang='lat' dir='ltr'><strong>unacum</strong></span> <span class='ocrx_word' id='word_1_443' title='bbox 1146 4153 1348 4216; x_wconf 83' lang='lat' dir='ltr'><strong>subdivisione</strong></span> <span class='ocrx_word' id='word_1_444' title='bbox 1372 4151 1533 4215; x_wconf 89' lang='lat' dir='ltr'><strong>tricenaria</strong></span> 
     </span>
     <span class='ocr_line' id='line_1_45' title="bbox 176 4239 1532 4324; baseline 0 -24"><span class='ocrx_word' id='word_1_445' title='bbox 176 4239 296 4320; x_wconf 86' lang='lat' dir='ltr'><strong>penitus</strong></span> <span class='ocrx_word' id='word_1_446' title='bbox 320 4246 392 4302; x_wconf 89' lang='lat' dir='ltr'><strong>suot</strong></span> <span class='ocrx_word' id='word_1_447' title='bbox 414 4241 554 4320; x_wconf 83' lang='lat' dir='ltr'><strong>amplexi,</strong></span> <span class='ocrx_word' id='word_1_448' title='bbox 578 4260 635 4303; x_wconf 91' lang='lat' dir='ltr'><strong>noo</strong></span> <span class='ocrx_word' id='word_1_449' title='bbox 659 4249 797 4304; x_wconf 87' lang='lat' dir='ltr'><strong>naturam</strong></span> <span class='ocrx_word' id='word_1_450' title='bbox 822 4250 965 4314; x_wconf 88' lang='lat' dir='ltr'><strong>motuum,</strong></span> <span class='ocrx_word' id='word_1_451' title='bbox 988 4261 1064 4324; x_wconf 88' lang='lat' dir='ltr'><strong>qnae</strong></span> <span class='ocrx_word' id='word_1_452' title='bbox 1088 4240 1282 4322; x_wconf 87' lang='lat' dir='ltr'><strong>discrepabat</strong></span> <span class='ocrx_word' id='word_1_453' title='bbox 1305 4241 1452 4316; x_wconf 89' lang='lat' dir='ltr'><strong>nonnihil,</strong></span> <span class='ocrx_word' id='word_1_454' title='bbox 1477 4239 1532 4302; x_wconf 90' lang='lat' dir='ltr'><strong>sed</strong></span> 
     </span>
     <span class='ocr_line' id='line_1_46' title="bbox 176 4325 1531 4411; baseline -0.001 -21"><span class='ocrx_word' id='word_1_455' title='bbox 176 4347 262 4390; x_wconf 89' lang='lat' dir='ltr'><strong>sunm</strong></span> <span class='ocrx_word' id='word_1_456' title='bbox 287 4327 442 4390; x_wconf 83' lang='lat' dir='ltr'><strong>arbitrium</strong></span> <span class='ocrx_word' id='word_1_457' title='bbox 466 4337 498 4390; x_wconf 88' lang='grc'><strong>01</strong></span> <span class='ocrx_word' id='word_1_458' title='bbox 521 4331 634 4394; x_wconf 87' lang='lat' dir='ltr'><strong>numeri</strong></span> <span class='ocrx_word' id='word_1_459' title='bbox 658 4325 723 4393; x_wconf 89' lang='grc'><strong>360</strong></span> <span class='ocrx_word' id='word_1_460' title='bbox 746 4329 985 4411; x_wconf 84' lang='lat' dir='ltr'><strong>amplitudinem,</strong></span> <span class='ocrx_word' id='word_1_461' title='bbox 1019 4349 1057 4391; x_wconf 90' lang='lat' dir='ltr'><strong>ex</strong></span> <span class='ocrx_word' id='word_1_462' title='bbox 1080 4331 1246 4410; x_wconf 86' lang='lat' dir='ltr'><strong>geometria</strong></span> <span class='ocrx_word' id='word_1_463' title='bbox 1268 4339 1379 4404; x_wconf 89' lang='lat' dir='ltr'><strong>ortam,</strong></span> <span class='ocrx_word' id='word_1_464' title='bbox 1413 4329 1531 4392; x_wconf 88' lang='lat' dir='ltr'><strong>occulto</strong></span> 
     </span>
     <span class='ocr_line' id='line_1_47' title="bbox 177 4415 1540 4500; baseline 0.001 -23"><span class='ocrx_word' id='word_1_465' title='bbox 177 4415 320 4480; x_wconf 88' lang='lat' dir='ltr'><strong>instinctu</strong></span> <span class='ocrx_word' id='word_1_466' title='bbox 343 4424 375 4478; x_wconf 89' lang='lat' dir='ltr'><strong>et</strong></span> <span class='ocrx_word' id='word_1_467' title='bbox 397 4416 562 4480; x_wconf 80' lang='lat' dir='ltr'><strong>manifesta</strong></span> <span class='ocrx_word' id='word_1_468' title='bbox 583 4418 699 4481; x_wconf 87' lang='lat' dir='ltr'><strong>ratione</strong></span> <span class='ocrx_word' id='word_1_469' title='bbox 723 4417 829 4482; x_wconf 90' lang='lat' dir='ltr'><strong>secuti.</strong></span> <span class='ocrx_word' id='word_1_470' title='bbox 868 4418 949 4481; x_wconf 86' lang='lat' dir='ltr'><strong>Sane</strong></span> <span class='ocrx_word' id='word_1_471' title='bbox 973 4419 1091 4500; x_wconf 90' lang='lat' dir='ltr'><strong>quidem</strong></span> <span class='ocrx_word' id='word_1_472' title='bbox 1115 4418 1192 4499; x_wconf 86' lang='grc'>0001</span> <span class='ocrx_word' id='word_1_473' title='bbox 1216 4418 1278 4481; x_wconf 92' lang='lat' dir='ltr'><strong>dixi</strong></span> <span class='ocrx_word' id='word_1_474' title='bbox 1296 4419 1332 4480; x_wconf 89' lang='lat' dir='ltr'><strong>de</strong></span> <span class='ocrx_word' id='word_1_475' title='bbox 1347 4417 1540 4480; x_wconf 85' lang='lat' dir='ltr'><strong>inconstanti-</strong></span> 
     </span>
     <span class='ocr_line' id='line_1_48' title="bbox 176 4504 1529 4585; baseline 0.001 -19"><span class='ocrx_word' id='word_1_476' title='bbox 176 4504 331 4568; x_wconf 87' lang='lat' dir='ltr'><strong>diviaionis</strong></span> <span class='ocrx_word' id='word_1_477' title='bbox 355 4505 493 4580; x_wconf 88' lang='lat' dir='ltr'><strong>termino,</strong></span> <span class='ocrx_word' id='word_1_478' title='bbox 517 4506 596 4568; x_wconf 89' lang='lat' dir='ltr'><strong>idem</strong></span> <span class='ocrx_word' id='word_1_479' title='bbox 620 4507 714 4569; x_wconf 87' lang='lat' dir='ltr'><strong>etiam</strong></span> <span class='ocrx_word' id='word_1_480' title='bbox 737 4509 898 4570; x_wconf 88' lang='lat' dir='ltr'><strong>secundam</strong></span> <span class='ocrx_word' id='word_1_481' title='bbox 922 4525 1044 4570; x_wconf 86' lang='lat' dir='ltr'><strong>causam</strong></span> <span class='ocrx_word' id='word_1_482' title='bbox 1067 4507 1193 4583; x_wconf 82' lang='lat' dir='ltr'><strong>attinet3</strong></span> <span class='ocrx_word' id='word_1_483' title='bbox 1221 4525 1291 4568; x_wconf 88' lang='lat' dir='ltr'><strong>nam</strong></span> <span class='ocrx_word' id='word_1_484' title='bbox 1315 4513 1347 4568; x_wconf 88' lang='lat' dir='ltr'><strong>et</strong></span> <span class='ocrx_word' id='word_1_485' title='bbox 1369 4505 1423 4569; x_wconf 92' lang='lat' dir='ltr'><strong>Sol</strong></span> <span class='ocrx_word' id='word_1_486' title='bbox 1444 4506 1529 4585; x_wconf 91' lang='lat' dir='ltr'><strong>prin-</strong></span> 
     </span>
     <span class='ocr_line' id='line_1_49' title="bbox 176 4592 1529 4677; baseline 0.001 -24"><span class='ocrx_word' id='word_1_487' title='bbox 176 4592 284 4672; x_wconf 87' lang='lat' dir='ltr'><strong>cipium</strong></span> <span class='ocrx_word' id='word_1_488' title='bbox 306 4592 477 4662; x_wconf 80' lang='lat' dir='ltr'><strong>bacarum,</strong></span> <span class='ocrx_word' id='word_1_489' title='bbox 501 4613 606 4674; x_wconf 87' lang='lat' dir='ltr'><strong>nempe</strong></span> <span class='ocrx_word' id='word_1_490' title='bbox 622 4595 737 4658; x_wconf 88' lang='lat' dir='ltr'><strong>Arietis</strong></span> <span class='ocrx_word' id='word_1_491' title='bbox 752 4597 879 4676; x_wconf 86' lang='lat' dir='ltr'><strong>primum</strong></span> <span class='ocrx_word' id='word_1_492' title='bbox 896 4605 1039 4677; x_wconf 87' lang='lat' dir='ltr'><strong>puuctum</strong></span> <span class='ocrx_word' id='word_1_493' title='bbox 1062 4595 1118 4659; x_wconf 92' lang='lat' dir='ltr'><strong>sub</strong></span> <span class='ocrx_word' id='word_1_494' title='bbox 1140 4596 1266 4659; x_wconf 89' lang='lat' dir='ltr'><strong>lixarum</strong></span> <span class='ocrx_word' id='word_1_495' title='bbox 1289 4594 1428 4674; x_wconf 85' lang='lat' dir='ltr'><strong>sphaere,</strong></span> <span class='ocrx_word' id='word_1_496' title='bbox 1453 4611 1529 4674; x_wconf 90' lang='lat' dir='ltr'><strong>quae</strong></span> 
     </span>
     <span class='ocr_line' id='line_1_50' title="bbox 175 4680 1528 4766; baseline 0.002 -25"><span class='ocrx_word' id='word_1_497' title='bbox 175 4680 322 4743; x_wconf 88' lang='lat' dir='ltr'><strong>naturalis</strong></span> <span class='ocrx_word' id='word_1_498' title='bbox 346 4689 402 4757; x_wconf 85' lang='lat' dir='ltr'><strong>est,</strong></span> <span class='ocrx_word' id='word_1_499' title='bbox 427 4684 609 4764; x_wconf 89' lang='lat' dir='ltr'><strong>transponit.</strong></span> <span class='ocrx_word' id='word_1_500' title='bbox 656 4685 761 4765; x_wconf 90' lang='lat' dir='ltr'><strong>Itaque</strong></span> <span class='ocrx_word' id='word_1_501' title='bbox 785 4685 930 4764; x_wconf 88' lang='lat' dir='ltr'><strong>astrologi</strong></span> <span class='ocrx_word' id='word_1_502' title='bbox 950 4703 1009 4746; x_wconf 90' lang='lat' dir='ltr'><strong>non</strong></span> <span class='ocrx_word' id='word_1_503' title='bbox 1024 4683 1120 4766; x_wconf 91' lang='lat' dir='ltr'><strong>ipsum</strong></span> <span class='ocrx_word' id='word_1_504' title='bbox 1134 4684 1271 4766; x_wconf 87' lang='lat' dir='ltr'><strong>praecise</strong></span> <span class='ocrx_word' id='word_1_505' title='bbox 1295 4682 1449 4758; x_wconf 88' lang='lat' dir='ltr'><strong>ambitum,</strong></span> <span class='ocrx_word' id='word_1_506' title='bbox 1473 4683 1528 4744; x_wconf 89' lang='lat' dir='ltr'><strong>aed</strong></span> 
     </span>
     <span class='ocr_line' id='line_1_51' title="bbox 176 4768 1529 4855; baseline 0.002 -25"><span class='ocrx_word' id='word_1_507' title='bbox 176 4768 288 4848; x_wconf 87' lang='lat' dir='ltr'><strong>aliquid</strong></span> <span class='ocrx_word' id='word_1_508' title='bbox 310 4771 400 4850; x_wconf 89' lang='lat' dir='ltr'><strong>paolo</strong></span> <span class='ocrx_word' id='word_1_509' title='bbox 423 4771 552 4851; x_wconf 87' lang='lat' dir='ltr'><strong>amplius</strong></span> <span class='ocrx_word' id='word_1_510' title='bbox 585 4773 650 4854; x_wconf 88' lang='lat' dir='ltr'><strong>ipso</strong></span> <span class='ocrx_word' id='word_1_511' title='bbox 672 4773 810 4845; x_wconf 87' lang='lat' dir='ltr'><strong>zodiaco,</strong></span> <span class='ocrx_word' id='word_1_512' title='bbox 843 4773 873 4834; x_wconf 91' lang='lat' dir='ltr'><strong>in</strong></span> <span class='ocrx_word' id='word_1_513' title='bbox 900 4772 940 4836; x_wconf 86' lang='grc'><strong>12</strong></span> <span class='ocrx_word' id='word_1_514' title='bbox 964 4773 1117 4837; x_wconf 88' lang='lat' dir='ltr'><strong>dividunt:</strong></span> <span class='ocrx_word' id='word_1_515' title='bbox 1147 4774 1270 4855; x_wconf 89' lang='lat' dir='ltr'><strong>perinde</strong></span> <span class='ocrx_word' id='word_1_516' title='bbox 1301 4778 1391 4852; x_wconf 89' lang='lat' dir='ltr'><strong>atque</strong></span> <span class='ocrx_word' id='word_1_517' title='bbox 1414 4771 1529 4834; x_wconf 84' lang='lat' dir='ltr'><strong>faciunt</strong></span> 
     </span>
    </p>

    <p class='ocr_par' dir='ltr' id='par_1_7' title="bbox 1255 4875 1313 4928">
     <span class='ocr_line' id='line_1_52' title="bbox 1255 4875 1313 4928; baseline 0 0"><span class='ocrx_word' id='word_1_518' title='bbox 1255 4875 1313 4928; x_wconf 80' lang='lat' dir='ltr'><strong>to·</strong></span> 
     </span>
    </p>
   </div>
   <div class='ocr_carea' id='block_1_5' title="bbox 0 0 1842 5540">
    <p class='ocr_par' dir='ltr' id='par_1_8' title="bbox 0 0 1842 5540">
     <span class='ocr_line' id='line_1_53' title="bbox 0 0 1842 5540; baseline 0 3"><span class='ocrx_word' id='word_1_519' title='bbox 0 0 1842 5540; x_wconf 95' lang='lat' dir='ltr'><strong> </strong></span> 
     </span>
    </p>
   </div>
  </div>
 </body>
</html>
