3684 5518
305 261 380 330 208¹
497 228 499 238 Ι
773 257 964 320 Paralipomerra
981 257 1007 312 ln
1027 255 1192 306 Vitellionem.

304 484 459 555 receptam
492 473 728 554 geographorum
762 469 970 540 traditionem,
1004 465 1091 531 5578
1123 465 1252 528 altitudo
1281 465 1362 526 a'e'ris
1403 466 1489 525 dubit
1517 423 1681 566 'awos

306 600 454 661 milliaria
496 599 561 660 Hoc
585 605 641 668 est,
665 595 695 655 iu
720 613 789 655 arce
804 591 1005 670 Uraniburgo,
1031 590 1079 651 nbi
1104 591 1299 670 capiebantur
1323 563 1551 650 observationes
1575 589 1659 648 side-

306 707 379 763 rum,
405 686 533 748 altitudo
557 683 636 746 aeris
662 683 718 744 fuit
741 677 855 743 dimidii
880 679 1017 741 milliaris
1043 677 1224 751 Germanici,
1250 696 1308 738 non
1333 678 1437 756 major.

394 775 451 836 Hic
475 772 680 835 admouendus
705 780 787 833 esset
811 771 906 830 lector
930 779 961 828 et
985 769 1050 846 ejus
1075 767 1319 836 concertationis,
1344 787 1420 846 quae
1436 763 1571 846 'l'ychoni
1595 783 1663 826 cum

306 865 497 926 Rothmauno
522 863 579 923 fuit
609 861 645 922 de
678 859 851 921 substantia
881 857 960 918 aeris
995 867 1026 917 et
1058 855 1231 918 aetheris
1223 875 1252 916 ιιι
1286 864 1367 916 tomo
1395 855 1420 917 1.
1445 853 1660 932 Epistularum,

307 972 395 1032 quam
418 951 520 1034 Tycho
546 950 697 1010 concludit
722 950 772 1009 l'ol.
798 945 851 1010 92.
876 947 1187 1045 Progymnasmatum.
1231 944 1379 1005 Dixerunt
1399 943 1611 1004 Rothmannus
1631 949 1663 1002 et

307 1043 399 1115 Pena,
425 1041 561 1100 aTerra
585 1038 623 1098 ad
648 1037 763 1098 coelum
787 1036 859 1096 nihil
893 1053 960 1095 esse
989 1033 1046 1095 nisi
1080 1041 1189 1107 aerem,
1223 1041 1349 1112 exceptu
1378 1033 1506 1112 pauculo
1539 1049 1661 1110 vapore.

307 1129 408 1211 'lycho
432 1148 491 1190 una
514 1146 581 1189 cum
605 1125 697 1186 illis
690 1145 789 1227 rgpern
813 1123 1042 1209 Aristotelicum
1068 1121 1241 1196 eliminavit,
1277 1139 1404 1199 vapores
1434 1121 1514 1182 circa
1538 1120 1663 1181 Terram

307 1220 443 1278 diversos
469 1215 506 1276 ab
531 1223 600 1276 aere
626 1214 768 1315 ognovit:
804 1213 857 1274 sed
881 1218 981 1272 adrem
1007 1212 1043 1272 ad
1069 1210 1197 1272 confinia
1221 1211 1324 1272 Lunae
1344 1209 1530 1288 prorogarit,
1562 1208 1662 1288 ibique

225 1369 228 1376 J
307 1306 384 1366 dixit
409 1306 491 1366 illum
515 1302 694 1384 paulatim'
686 1322 716 1363 m
751 1301 903 1362 aetherem
934 1300 1080 1362 desinere
1135 1301 1201 1377 Ego
1236 1299 1281 1360 his
1315 1297 1527 1377 experimentis
1565 1306 1664 1358 motus

308 1394 436 1456 medium
462 1403 559 1454 teneo.
607 1391 750 1462 Primum,
783 1390 861 1468 quod
895 1407 1035 1468 vaporem
1064 1389 1213 1462 dixerunt,
1248 1387 1315 1449 dico
1345 1405 1401 1465 ego
1431 1393 1551 1460 adrem;
1579 1385 1664 1446 illum
1698 1463 1702 1473 .

308 1483 433 1545 termino
458 1501 524 1543 cum
549 1480 680 1559 fastigiis
704 1478 869 1540 montium:
894 1496 985 1555 supra
1008 1477 1182 1538 consistunt
1204 1477 1336 1538 fumosae
1362 1475 1570 1538 exhalationes
1594 1493 1664 1536 cre-

306 1571 496 1651 pusculorum
522 1571 685 1648 lampades,
711 1567 876 1646 statimque
900 1566 1005 1626 aether
1029 1564 1172 1627 succedit.

354 1781 384 1844 ’1.
429 1779 699 1843 Consideratio
724 1798 860 1852 eorum,
891 1797 980 1858 quae
1005 1775 1167 1840 Vitellio
1191 1777 1232 1838 de
1256 1776 1552 1838 retractionibus
1577 1774 1619 1834 ad

643 1867 910 1928 astronomiam
935 1863 1158 1926 necessaria
1181 1865 1328 1927 monuit.

389 2029 455 2094 ,Hie
484 2028 548 2105 jam
582 2035 701 2104 tempus
737 2035 837 2098 esset,
871 2033 904 2087 ut
937 2025 1169 2104 propositionem
1203 2021 1255 2089 19.
1286 2025 1394 2086 decimi
1428 2021 1601 2084 Vitellianis
1634 2029 1667 2082 et

311 2125 471 2198 sequentes
504 2133 657 2194 ponerem,
694 2113 752 2174 nisi
785 2122 887 2176 esseut
920 2116 957 2175 ab
991 2115 1057 2192 ipso
1088 2113 1251 2175 Vitellione
1282 2116 1345 2192 jam
1375 2111 1451 2174 satis
1485 2111 1664 2182 inculcatae,

315 2225 425 2285 nempe
454 2221 539 2282 prop.
560 2199 613 2266 49.
639 2203 728 2264 docet
751 2203 974 2282 experimentis,
1000 2202 1136 2264 accidere
1160 2202 1238 2264 inter
1261 2201 1489 2264 observationes
1512 2201 1665 2262 stellarum

312 2292 524 2357 refractionem
553 2291 681 2353 luminis.
716 2291 812 2352 'ldem
842 2291 943 2371 Tycho
972 2291 1071 2352 Brahe
1101 2290 1345 2371 exquisitissimis
1378 2289 1518 2369 probarit
1549 2289 1665 2349 instru-

312 2381 432 2444 mentis.
481 2380 559 2440 Vide
583 2379 683 2441 rarios
707 2380 811 2442 modos
837 2379 886 2442 for.
910 2377 958 2442 15.
984 2387 1280 2458 progymnasmatum
1304 2379 1454 2460 Tychouis
1480 2385 1511 2438 et
1535 2377 1587 2438 lol.
1612 2372 1664 2438 93.

312 2471 396 2533 Idem
419 2469 484 2544 alii,
515 2469 551 2528 de
576 2486 632 2548 quo
660 2469 749 2531 inira.
796 2468 838 2530 Et
868 2467 985 2548 quidem
1015 2487 1068 2546 per
1096 2467 1230 2530 armillas
1259 2468 1328 2548 polo
1359 2469 1477 2530 elevato
1506 2464 1665 2527 viciniores

312 2568 459 2640 apparent
473 2557 591 2618 stellae
606 2557 687 2618 circa
710 2557 905 2628 horizontem,
930 2575 1018 2636 quam
1038 2557 1067 2616 io
1083 2556 1268 2618 meridiano:
1293 2557 1398 2636 hicque
1418 2555 1524 2617 modus
1543 2553 1665 2632 experi-

311 2646 464 2710 mentandi
489 2645 657 2708 bonusest
680 2657 712 2706 et
736 2646 895 2706 allraheo
919 2646 998 2706 inter
1022 2653 1138 2706 ceteros
1163 2655 1331 2724 usurpatus.
1376 2643 1520 2715 Quamvis
1544 2642 1666 2704 credere

311 2757 369 2800 nou
395 2735 503 2816 potuit,
527 2735 581 2795 illa
603 2741 705 2795 aetate
731 2734 929 2796 aVitellione
954 2734 1086 2813 legitime
1111 2733 1352 2796 administratum
1377 2742 1429 2795 aut
1452 2733 1490 2794 ab
1511 2731 1665 2793 Alhazeno

312 2826 379 2900 (fol.
405 2821 456 2887 9Ι.
483 2825 809 2903 Progymnasmaturo).
858 2821 946 2892 Quod
971 2841 1041 2882 vero
1066 2821 1193 2883 Vitellio
1217 2823 1303 2885 addit
1325 2823 1444 2884 modum
1472 2822 1609 2894 alterum,
1634 2826 1668 2878 ut

313 2920 502 2992 computetur
530 2910 613 2971 locus
637 2912 742 2972 Lunae
771 2921 801 2970 ct
829 2913 1001 2973 conferatur
1029 2929 1095 2971 cum
1124 2910 1349 2984 observatione,
1378 2909 1536 2990 splendida
1565 2906 1667 2969 fabula

313 3011 361 3064 est
383 3020 421 3060 ea
444 3001 497 3061 illa
520 2999 639 3078 quidem
654 2999 829 3062 Vitellionis
850 3008 962 3062 aetate.
1000 3000 1068 3061 b'on
1089 2999 1209 3060 dubium
1230 2999 1358 3080 quidem,
1384 2998 1454 3079 quin
1468 2997 1547 3059 idem
1566 2997 1667 3058 Lunae

313 3089 432 3151 accidat
455 3087 533 3167 quod
558 3087 705 3149 sideribus
729 3089 847 3151 ceteris.
888 3089 1038 3150 Atlanta
1059 3087 1114 3148 fuit
1139 3087 1317 3151 incertitudo
1341 3086 1540 3168 parallaxium
1564 3091 1666 3146 motu-

314 3195 437 3279 umque
435 3177 539 3237 Lunae
558 3175 730 3248 mediorum,
755 3186 790 3239 ut
808 3193 900 3254 saepe
919 3176 1102 3238 contrarium
1120 3176 1350 3240 retractionibus
1370 3176 1505 3239 accidere
1524 3173 1668 3254 potuerit,

314 3266 405 3326 etiam
429 3263 458 3324 in
483 3263 548 3342 ipso
572 3261 737 3340 horizonta
764 3264 810 3326 ubi
835 3264 976 3326 retractio
1002 3273 1068 3325 erat
1092 3265 1232 3326 maxima.

402 3353 452 3413 lta
474 3351 531 3413 huc
561 3351 692 3432 pertinet
721 3362 752 3413 et
776 3353 814 3427 X,
841 3347 1110 3428 obviationis,
1141 3355 1294 3416 aetherem
1323 3371 1390 3416 esse
1419 3353 1563 3414 rariorem
1586 3356 1667 3424 abre,

314 3447 426 3506 frustra
449 3439 635 3501 reclamante
658 3439 867 3510 Rothmonno,
893 3441 942 3520 qui
967 3442 1176 3504 diversitatem
1199 3442 1331 3522 negabat
1353 3449 1386 3502 et
1408 3442 1526 3520 culpam
1551 3439 1668 3500 rehae-

315 3531 406 3593 tionis
431 3529 460 3590 in
486 3527 625 3590 fortuitos
649 3547 778 3607 vapores
801 3530 989 3604 conferebat,
1016 3531 1065 3610 qui
1089 3549 1145 3592 non
1178 3538 1317 3610 tegerent
1339 3529 1442 3609 capita
1464 3537 1577 3591 nostra
1623 3529 1669 3589 At

314 3619 436 3692 erravit,
458 3635 516 3678 oon
536 3615 787 3694 animadv‚ertens
805 3618 909 3700 quod
902 3637 968 3698 rpsa
983 3619 1196 3681 refractionum
1211 3640 1304 3682 causa
1322 3618 1513 3681 insensibiles
1532 3622 1670 3696 praestet

314 3710 344 3771 in
368 3726 478 3786 magna
502 3705 671 3768 altitudine
718 3668 881 3770 Hadct
829 3716 929 3770 autem
953 3708 1078 3770 Vitellio
1111 3709 1345 3810 propositionem
1378 3707 1511 3787 legitime
1542 3705 1668 3766 demon-

315 3803 395 3858 strat
424 3815 461 3856 ex
490 3813 543 3869 eo,
576 3795 653 3873 quod
687 3795 815 3858 altitudo
848 3797 1004 3859 stellarum
1038 3815 1094 3858 nou
1128 3797 1222 3858 minor
1254 3797 1307 3858 sed
1337 3795 1433 3874 major
1460 3797 1545 3875 J'usto
1578 3810 1670 3872 supra

314 3884 499 3948 horizontem
524 3891 678 3963 appareat.

404 3972 473 4034 Jam
503 3991 588 4053 prop.
618 3970 670 4035 51.
704 3972 782 4052 quod
816 3972 980 4034 distantiae
1014 3975 1169 4034 stellarum
1202 3975 1230 4035 iu
1262 3973 1364 4035 zenith
1397 3972 1506 4052 capitis
1538 3971 1670 4033 minores

311 4067 396 4144 justo
420 4061 591 4136 videantur,
616 4079 719 4122 rernm
742 4061 861 4140 quidem
884 4071 949 4135 est,
978 4063 1031 4122 sed
1056 4062 1193 4143 quicquid
1217 4061 1305 4141 hujus
1331 4068 1387 4134 est,
1411 4059 1586 4122 insensibile
1611 4067 1668 4122 est.

316 4153 394 4214 Nam
419 4158 451 4212 et
473 4149 671 4211 refractiooes
694 4149 725 4210 in
748 4151 861 4212 vertice
885 4169 939 4228 per
963 4149 994 4215 9.
1019 4150 1106 4228 hujus
1131 4150 1241 4230 capitis
1266 4159 1336 4212 sunt
1361 4147 1561 4212 insensibiles.

406 4237 456 4302 Sic
495 4237 585 4299 otiam
624 4237 830 4317 propositione
871 4235 921 4302 52.
962 4238 1038 4320 quod
1078 4239 1242 4301 distantiae
1280 4239 1408 4301 siderum
1448 4238 1583 4300 binorum
1622 4238 1669 4298 vel

317 4329 475 4400 diametri,
510 4347 575 4387 cum
600 4337 670 4388 sunt
693 4326 839 4388 horizonti
864 4328 1027 4406 parallelae
1052 4329 1134 4389 etei
1158 4328 1294 4401 vicinae,
1329 4327 1458 4389 minores
1491 4335 1669 4407 appareant,

317 4437 405 4498 quarn
429 4416 542 4477 sintin
567 4415 609 4476 rei
634 4415 771 4490 veritate,
798 4435 912 4476 rursum
937 4435 1038 4478 verum
1061 4417 1182 4496 quidem
1202 4425 1269 4491 est;
1294 4417 1347 4478 sed
1369 4417 1459 4495 plane
1484 4413 1670 4488 insensibile,

318 4507 374 4568 nisi
407 4505 516 4566 stellae
550 4504 737 4566 semicirculo
762 4504 809 4565 vel
841 4505 931 4582 paulo
962 4506 1058 4565 minus
1091 4505 1215 4567 distent.
1263 4505 1312 4566 Sit
1335 4511 1402 4578 (rig.
1421 4508 1468 4573 72)
1492 4505 1547 4566 AB
1571 4504 1672 4582 portio

318 4595 496 4667 horizontis,
524 4589 547 4653 C
573 4601 691 4663 vertex,
718 4589 784 4667 CA,
811 4592 862 4654 CB
887 4593 1088 4670 quadrantes,
1113 4603 1144 4655 et
1166 4593 1305 4656 videatur
1329 4593 1436 4673 Aper
1460 4593 1671 4656 refractionem

320 4683 347 4742 in
371 4683 408 4754 D,
433 4683 459 4741 B
485 4699 556 4740 vero
581 4679 609 4742 in
629 4681 664 4756 Ε,
691 4681 734 4742 sic
759 4691 791 4743 ut
814 4681 959 4742 distantia
980 4681 1036 4740 AB
1061 4682 1199 4743 videatur
1223 4701 1290 4742 esse
1309 4681 1374 4756 DE,
1400 4681 1458 4742 erit
1482 4681 1601 4762 quidem
1616 4679 1672 4742 DE
1778 4667 1781 4680 '

318 4770 414 4832 minor
444 4787 532 4848 quam
557 4770 628 4844 AB,
664 4770 716 4831 sed
742 4769 812 4848 quia
842 4787 929 4830 arcus
954 4768 1028 4843 AD,
1054 4769 1107 4830 ΒΕ
1131 4789 1190 4832 non
1223 4778 1368 4846 superant
1391 4766 1455 4840 341,
1488 4770 1672 4832 adsensum
