<?xml version="1.0" encoding="UTF-8"?>
<!DOCTYPE html PUBLIC "-//W3C//DTD XHTML 1.0 Transitional//EN"
    "http://www.w3.org/TR/xhtml1/DTD/xhtml1-transitional.dtd">
<html xmlns="http://www.w3.org/1999/xhtml" xml:lang="en" lang="en">
 <head>
  <title>
</title>
<meta http-equiv="Content-Type" content="text/html;charset=utf-8" />
  <meta name='ocr-system' content='tesseract 3.04.00' />
  <meta name='ocr-capabilities' content='ocr_page ocr_carea ocr_par ocr_line ocrx_word'/>
</head>
<body>
  <div class='ocr_page' id='page_1' title='image "./joanniskepleria02unkngoog/joanniskepleria02unkngoog_0258.png"; bbox 0 0 3684 5518; ppageno 0'>
   <div class='ocr_carea' id='block_1_1' title="bbox 751 289 1522 362">
    <p class='ocr_par' dir='ltr' id='par_1_1' title="bbox 751 289 1522 362">
     <span class='ocr_line' id='line_1_1' title="bbox 751 289 1522 362; baseline -0.003 0"><span class='ocrx_word' id='word_1_1' title='bbox 751 295 834 362; x_wconf 74' lang='lat' dir='ltr'><strong>capua</strong></span> <span class='ocrx_word' id='word_1_2' title='bbox 850 295 882 346; x_wconf 84' lang='lat' dir='ltr'><strong>V·</strong></span> <span class='ocrx_word' id='word_1_3' title='bbox 907 295 933 347; x_wconf 79' lang='lat'><strong>²·</strong></span> <span class='ocrx_word' id='word_1_4' title='bbox 1375 295 1378 302; x_wconf 80' lang='grc'><strong><em>’</em></strong></span> <span class='ocrx_word' id='word_1_5' title='bbox 1456 289 1522 361; x_wconf 76' lang='lat'><strong>233</strong></span> 
     </span>
    </p>
   </div>
   <div class='ocr_carea' id='block_1_2' title="bbox 169 471 1576 3839">
    <p class='ocr_par' dir='ltr' id='par_1_2' title="bbox 169 471 1576 3839">
     <span class='ocr_line' id='line_1_2' title="bbox 175 471 1521 554; baseline 0.001 -20"><span class='ocrx_word' id='word_1_6' title='bbox 175 474 224 553; x_wconf 89' lang='lat' dir='ltr'><strong>qui</strong></span> <span class='ocrx_word' id='word_1_7' title='bbox 244 471 377 534; x_wconf 89' lang='lat' dir='ltr'><strong>resident</strong></span> <span class='ocrx_word' id='word_1_8' title='bbox 399 475 429 534; x_wconf 94' lang='lat' dir='ltr'><strong>in</strong></span> <span class='ocrx_word' id='word_1_9' title='bbox 452 473 551 536; x_wconf 85' lang='lat' dir='ltr'><strong>retina</strong></span> <span class='ocrx_word' id='word_1_10' title='bbox 574 471 658 535; x_wconf 90' lang='lat' dir='ltr'><strong>etin</strong></span> <span class='ocrx_word' id='word_1_11' title='bbox 681 491 782 545; x_wconf 90' lang='lat' dir='ltr'><strong>nervo,</strong></span> <span class='ocrx_word' id='word_1_12' title='bbox 808 473 1015 554; x_wconf 86' lang='lat' dir='ltr'><strong>conjungatur,</strong></span> <span class='ocrx_word' id='word_1_13' title='bbox 1041 482 1073 536; x_wconf 91' lang='lat' dir='ltr'><strong>et</strong></span> <span class='ocrx_word' id='word_1_14' title='bbox 1095 480 1193 536; x_wconf 90' lang='lat' dir='ltr'><strong>utrum</strong></span> <span class='ocrx_word' id='word_1_15' title='bbox 1213 493 1270 553; x_wconf 86' lang='lat' dir='ltr'><strong>per</strong></span> <span class='ocrx_word' id='word_1_16' title='bbox 1293 471 1418 554; x_wconf 88' lang='lat' dir='ltr'><strong>spiritus</strong></span> <span class='ocrx_word' id='word_1_17' title='bbox 1442 473 1521 536; x_wconf 91' lang='lat' dir='ltr'><strong>intro</strong></span> 
     </span>
     <span class='ocr_line' id='line_1_3' title="bbox 175 561 1520 635; baseline -0.001 -11"><span class='ocrx_word' id='word_1_18' title='bbox 175 562 206 624; x_wconf 88' lang='lat' dir='ltr'><strong>iu</strong></span> <span class='ocrx_word' id='word_1_19' title='bbox 228 562 336 624; x_wconf 78' lang='lat' dir='ltr'>cerebri</span> <span class='ocrx_word' id='word_1_20' title='bbox 361 579 506 624; x_wconf 83' lang='lat' dir='ltr'><strong>cavernas</strong></span> <span class='ocrx_word' id='word_1_21' title='bbox 529 563 568 624; x_wconf 90' lang='lat' dir='ltr'><strong>ad</strong></span> <span class='ocrx_word' id='word_1_22' title='bbox 591 562 709 622; x_wconf 88' lang='lat' dir='ltr'><strong>animae</strong></span> <span class='ocrx_word' id='word_1_23' title='bbox 734 581 786 623; x_wconf 89' lang='lat' dir='ltr'><strong>seu</strong></span> <span class='ocrx_word' id='word_1_24' title='bbox 810 561 965 627; x_wconf 74' lang='lat' dir='ltr'><strong>facultatis</strong></span> <span class='ocrx_word' id='word_1_25' title='bbox 990 563 1118 625; x_wconf 89' lang='lat' dir='ltr'><strong>visoriae</strong></span> <span class='ocrx_word' id='word_1_26' title='bbox 1152 563 1281 624; x_wconf 88' lang='lat' dir='ltr'><strong>tribuual</strong></span> <span class='ocrx_word' id='word_1_27' title='bbox 1305 564 1449 635; x_wconf 81' lang='lat' dir='ltr'><strong>sistatur,</strong></span> <span class='ocrx_word' id='word_1_28' title='bbox 1483 581 1520 623; x_wconf 91' lang='lat' dir='ltr'><strong>au</strong></span> 
     </span>
     <span class='ocr_line' id='line_1_4' title="bbox 176 649 1520 732; baseline -0.001 -20"><span class='ocrx_word' id='word_1_29' title='bbox 176 651 299 712; x_wconf 75' lang='lat' dir='ltr'><strong>neutras</strong></span> <span class='ocrx_word' id='word_1_30' title='bbox 321 649 434 714; x_wconf 81' lang='lat' dir='ltr'><strong>visoria</strong></span> <span class='ocrx_word' id='word_1_31' title='bbox 457 671 511 713; x_wconf 91' lang='lat' dir='ltr'><strong>ceu</strong></span> <span class='ocrx_word' id='word_1_32' title='bbox 536 659 678 732; x_wconf 75' lang='lat' dir='ltr'><strong>quaestor</strong></span> <span class='ocrx_word' id='word_1_33' title='bbox 702 651 739 710; x_wconf 89' lang='lat' dir='ltr'><strong>ab</strong></span> <span class='ocrx_word' id='word_1_34' title='bbox 764 649 864 712; x_wconf 86' lang='lat' dir='ltr'><strong>anima</strong></span> <span class='ocrx_word' id='word_1_35' title='bbox 895 652 986 712; x_wconf 91' lang='lat' dir='ltr'><strong>datus</strong></span> <span class='ocrx_word' id='word_1_36' title='bbox 1010 671 1026 712; x_wconf 92' lang='lat' dir='ltr'><strong>a</strong></span> <span class='ocrx_word' id='word_1_37' title='bbox 1050 652 1164 714; x_wconf 82' lang='lat' dir='ltr'><strong>cerebri</strong></span> <span class='ocrx_word' id='word_1_38' title='bbox 1194 652 1347 731; x_wconf 90' lang='lat' dir='ltr'><strong>praetorio</strong></span> <span class='ocrx_word' id='word_1_39' title='bbox 1381 652 1462 712; x_wconf 90' lang='lat' dir='ltr'><strong>foras</strong></span> <span class='ocrx_word' id='word_1_40' title='bbox 1490 652 1520 712; x_wconf 92' lang='lat' dir='ltr'><strong>in</strong></span> 
     </span>
     <span class='ocr_line' id='line_1_5' title="bbox 175 739 1522 820; baseline 0.003 -18"><span class='ocrx_word' id='word_1_41' title='bbox 175 741 265 820; x_wconf 85' lang='lat' dir='ltr'><strong>ipsum</strong></span> <span class='ocrx_word' id='word_1_42' title='bbox 286 757 412 802; x_wconf 72' lang='lat' dir='ltr'><strong>nemum</strong></span> <span class='ocrx_word' id='word_1_43' title='bbox 435 740 578 802; x_wconf 88' lang='lat' dir='ltr'><strong>visorium</strong></span> <span class='ocrx_word' id='word_1_44' title='bbox 600 748 632 800; x_wconf 88' lang='lat' dir='ltr'><strong>et</strong></span> <span class='ocrx_word' id='word_1_45' title='bbox 661 740 802 812; x_wconf 89' lang='lat' dir='ltr'><strong>retinam,</strong></span> <span class='ocrx_word' id='word_1_46' title='bbox 827 757 881 800; x_wconf 90' lang='lat' dir='ltr'><strong>ceu</strong></span> <span class='ocrx_word' id='word_1_47' title='bbox 906 741 944 800; x_wconf 93' lang='lat' dir='ltr'><strong>ad</strong></span> <span class='ocrx_word' id='word_1_48' title='bbox 976 739 1119 803; x_wconf 89' lang='lat' dir='ltr'><strong>inferiora</strong></span> <span class='ocrx_word' id='word_1_49' title='bbox 1147 740 1293 802; x_wconf 89' lang='lat' dir='ltr'><strong>subsellia</strong></span> <span class='ocrx_word' id='word_1_50' title='bbox 1322 740 1522 806; x_wconf 80' lang='lat' dir='ltr'><strong>descendens,</strong></span> 
     </span>
     <span class='ocr_line' id='line_1_6' title="bbox 175 827 1517 910; baseline -0.001 -20"><span class='ocrx_word' id='word_1_51' title='bbox 175 829 248 890; x_wconf 91' lang='lat' dir='ltr'><strong>idolo</strong></span> <span class='ocrx_word' id='word_1_52' title='bbox 280 828 350 890; x_wconf 91' lang='lat' dir='ltr'><strong>huic</strong></span> <span class='ocrx_word' id='word_1_53' title='bbox 380 830 526 910; x_wconf 88' lang='lat' dir='ltr'><strong>procedat</strong></span> <span class='ocrx_word' id='word_1_54' title='bbox 557 827 691 903; x_wconf 90' lang='lat' dir='ltr'><strong>obviam,</strong></span> <span class='ocrx_word' id='word_1_55' title='bbox 725 828 780 888; x_wconf 88' lang='lat' dir='ltr'><strong>hoo</strong></span> <span class='ocrx_word' id='word_1_56' title='bbox 808 827 929 908; x_wconf 91' lang='lat' dir='ltr'><strong>inquam</strong></span> <span class='ocrx_word' id='word_1_57' title='bbox 963 828 1097 910; x_wconf 82' lang='lat' dir='ltr'><strong>physicis</strong></span> <span class='ocrx_word' id='word_1_58' title='bbox 1131 830 1264 909; x_wconf 90' lang='lat' dir='ltr'><strong>relinquo</strong></span> <span class='ocrx_word' id='word_1_59' title='bbox 1294 829 1517 908; x_wconf 88' lang='lat' dir='ltr'><strong>disputandum.</strong></span> 
     </span>
     <span class='ocr_line' id='line_1_7' title="bbox 173 916 1576 998; baseline 0.001 -21"><span class='ocrx_word' id='word_1_60' title='bbox 173 917 247 978; x_wconf 88' lang='lat' dir='ltr'><strong>Nam</strong></span> <span class='ocrx_word' id='word_1_61' title='bbox 270 918 438 997; x_wconf 89' lang='lat' dir='ltr'><strong>opticornm</strong></span> <span class='ocrx_word' id='word_1_62' title='bbox 462 925 614 980; x_wconf 87' lang='lat' dir='ltr'><strong>armatura</strong></span> <span class='ocrx_word' id='word_1_63' title='bbox 636 935 694 979; x_wconf 92' lang='lat' dir='ltr'><strong>uon</strong></span> <span class='ocrx_word' id='word_1_64' title='bbox 708 917 844 994; x_wconf 89' lang='lat' dir='ltr'><strong>pmcedit</strong></span> <span class='ocrx_word' id='word_1_65' title='bbox 863 916 980 996; x_wconf 89' lang='lat' dir='ltr'><strong>lougius</strong></span> <span class='ocrx_word' id='word_1_66' title='bbox 1005 937 1094 998; x_wconf 83' lang='lat' dir='ltr'><strong>quam</strong></span> <span class='ocrx_word' id='word_1_67' title='bbox 1118 918 1156 978; x_wconf 90' lang='lat' dir='ltr'><strong>ad</strong></span> <span class='ocrx_word' id='word_1_68' title='bbox 1180 919 1258 980; x_wconf 92' lang='lat' dir='ltr'><strong>huuc</strong></span> <span class='ocrx_word' id='word_1_69' title='bbox 1281 936 1374 998; x_wconf 90' lang='lat' dir='ltr'><strong>usque</strong></span> <span class='ocrx_word' id='word_1_70' title='bbox 1394 935 1518 996; x_wconf 89' lang='lat' dir='ltr'><strong>opacum</strong></span> <span class='ocrx_word' id='word_1_71' title='bbox 1568 927 1576 942; x_wconf 90' lang='grc'><strong>’</strong></span> 
     </span>
     <span class='ocr_line' id='line_1_8' title="bbox 172 1005 1522 1087; baseline 0 -21"><span class='ocrx_word' id='word_1_72' title='bbox 172 1005 323 1084; x_wconf 88' lang='lat' dir='ltr'><strong>parietem,</strong></span> <span class='ocrx_word' id='word_1_73' title='bbox 350 1005 398 1087; x_wconf 90' lang='lat' dir='ltr'><strong>qui</strong></span> <span class='ocrx_word' id='word_1_74' title='bbox 422 1006 536 1086; x_wconf 89' lang='lat' dir='ltr'><strong>primus</strong></span> <span class='ocrx_word' id='word_1_75' title='bbox 560 1005 679 1086; x_wconf 88' lang='lat' dir='ltr'><strong>quidem</strong></span> <span class='ocrx_word' id='word_1_76' title='bbox 702 1005 731 1066; x_wconf 92' lang='lat' dir='ltr'><strong>iu</strong></span> <span class='ocrx_word' id='word_1_77' title='bbox 756 1005 841 1067; x_wconf 92' lang='lat' dir='ltr'><strong>oculo</strong></span> <span class='ocrx_word' id='word_1_78' title='bbox 866 1005 1004 1068; x_wconf 89' lang='lat' dir='ltr'><strong>occurrit.</strong></span> <span class='ocrx_word' id='word_1_79' title='bbox 1050 1007 1119 1068; x_wconf 91' lang='lat' dir='ltr'><strong>Non</strong></span> <span class='ocrx_word' id='word_1_80' title='bbox 1144 1007 1222 1068; x_wconf 90' lang='lat' dir='ltr'><strong>enim</strong></span> <span class='ocrx_word' id='word_1_81' title='bbox 1245 1007 1425 1068; x_wconf 85' lang='lat' dir='ltr'><strong>audiendum</strong></span> <span class='ocrx_word' id='word_1_82' title='bbox 1448 1014 1522 1085; x_wconf 93' lang='lat' dir='ltr'><strong>puto</strong></span> 
     </span>
     <span class='ocr_line' id='line_1_9' title="bbox 172 1093 1521 1175; baseline 0.001 -21"><span class='ocrx_word' id='word_1_83' title='bbox 172 1095 364 1158; x_wconf 88' lang='lat' dir='ltr'><strong>Vitellionem</strong></span> <span class='ocrx_word' id='word_1_84' title='bbox 389 1093 523 1170; x_wconf 79' lang='lat'><strong>111.20‚</strong></span> <span class='ocrx_word' id='word_1_85' title='bbox 557 1095 607 1174; x_wconf 94' lang='lat' dir='ltr'><strong>qui</strong></span> <span class='ocrx_word' id='word_1_86' title='bbox 639 1096 714 1156; x_wconf 87' lang='lat' dir='ltr'><strong>haee</strong></span> <span class='ocrx_word' id='word_1_87' title='bbox 748 1093 829 1155; x_wconf 89' lang='lat' dir='ltr'><strong>idola</strong></span> <span class='ocrx_word' id='word_1_88' title='bbox 862 1093 937 1156; x_wconf 89' lang='lat' dir='ltr'><strong>lucis</strong></span> <span class='ocrx_word' id='word_1_89' title='bbox 964 1113 1018 1174; x_wconf 91' lang='lat' dir='ltr'><strong>per</strong></span> <span class='ocrx_word' id='word_1_90' title='bbox 1041 1113 1164 1158; x_wconf 91' lang='lat' dir='ltr'><strong>nervum</strong></span> <span class='ocrx_word' id='word_1_91' title='bbox 1187 1095 1313 1158; x_wconf 90' lang='lat' dir='ltr'><strong>ulterius</strong></span> <span class='ocrx_word' id='word_1_92' title='bbox 1336 1101 1426 1175; x_wconf 89' lang='lat' dir='ltr'><strong>putat</strong></span> <span class='ocrx_word' id='word_1_93' title='bbox 1447 1111 1521 1174; x_wconf 89' lang='lat' dir='ltr'><strong>pro-</strong></span> 
     </span>
     <span class='ocr_line' id='line_1_10' title="bbox 170 1182 1521 1264; baseline 0 -20"><span class='ocrx_word' id='word_1_94' title='bbox 170 1183 276 1252; x_wconf 86' lang='lat' dir='ltr'><strong>ticisci,</strong></span> <span class='ocrx_word' id='word_1_95' title='bbox 303 1185 403 1264; x_wconf 90' lang='lat' dir='ltr'><strong>quoad</strong></span> <span class='ocrx_word' id='word_1_96' title='bbox 433 1184 463 1246; x_wconf 92' lang='lat' dir='ltr'><strong>in</strong></span> <span class='ocrx_word' id='word_1_97' title='bbox 492 1185 591 1245; x_wconf 89' lang='lat' dir='ltr'><strong>medio</strong></span> <span class='ocrx_word' id='word_1_98' title='bbox 621 1183 727 1246; x_wconf 88' lang='lat' dir='ltr'><strong>itinere</strong></span> <span class='ocrx_word' id='word_1_99' title='bbox 760 1183 914 1264; x_wconf 87' lang='lat' dir='ltr'><strong>utriusque</strong></span> <span class='ocrx_word' id='word_1_100' title='bbox 949 1182 1028 1245; x_wconf 90' lang='lat' dir='ltr'><strong>oculi</strong></span> <span class='ocrx_word' id='word_1_101' title='bbox 1057 1185 1140 1246; x_wconf 90' lang='lat' dir='ltr'><strong>nervi</strong></span> <span class='ocrx_word' id='word_1_102' title='bbox 1171 1186 1299 1264; x_wconf 89' lang='lat' dir='ltr'><strong>quodam</strong></span> <span class='ocrx_word' id='word_1_103' title='bbox 1333 1182 1418 1263; x_wconf 89' lang='lat' dir='ltr'><strong>qnasi</strong></span> <span class='ocrx_word' id='word_1_104' title='bbox 1444 1201 1521 1244; x_wconf 85' lang='lat' dir='ltr'><strong>nexu</strong></span> 
     </span>
     <span class='ocr_line' id='line_1_11' title="bbox 170 1271 1520 1353; baseline 0.001 -22"><span class='ocrx_word' id='word_1_105' title='bbox 170 1279 277 1332; x_wconf 88' lang='lat' dir='ltr'><strong>coeant</strong></span> <span class='ocrx_word' id='word_1_106' title='bbox 303 1273 470 1353; x_wconf 75' lang='lat' dir='ltr'><strong>iterumque</strong></span> <span class='ocrx_word' id='word_1_107' title='bbox 498 1273 658 1334; x_wconf 88' lang='lat' dir='ltr'><strong>discedant</strong></span> <span class='ocrx_word' id='word_1_108' title='bbox 686 1271 716 1333; x_wconf 93' lang='lat' dir='ltr'><strong>in</strong></span> <span class='ocrx_word' id='word_1_109' title='bbox 747 1289 817 1334; x_wconf 89' lang='lat' dir='ltr'><strong>suas</strong></span> <span class='ocrx_word' id='word_1_110' title='bbox 848 1271 959 1352; x_wconf 83' lang='lat' dir='ltr'><strong>singuli</strong></span> <span class='ocrx_word' id='word_1_111' title='bbox 989 1273 1139 1334; x_wconf 77' lang='lat' dir='ltr'><strong>cavitates</strong></span> <span class='ocrx_word' id='word_1_112' title='bbox 1169 1273 1292 1334; x_wconf 83' lang='lat' dir='ltr'><strong>cerebri.</strong></span> <span class='ocrx_word' id='word_1_113' title='bbox 1339 1273 1418 1335; x_wconf 86' lang='lat' dir='ltr'><strong>Nem</strong></span> <span class='ocrx_word' id='word_1_114' title='bbox 1451 1272 1520 1352; x_wconf 92' lang='lat' dir='ltr'><strong>quid</strong></span> 
     </span>
     <span class='ocr_line' id='line_1_12' title="bbox 170 1359 1523 1441; baseline 0.001 -21"><span class='ocrx_word' id='word_1_115' title='bbox 170 1360 283 1439; x_wconf 88' lang='lat' dir='ltr'><strong>legibus</strong></span> <span class='ocrx_word' id='word_1_116' title='bbox 309 1360 418 1440; x_wconf 89' lang='lat' dir='ltr'><strong>optiois</strong></span> <span class='ocrx_word' id='word_1_117' title='bbox 442 1363 478 1422; x_wconf 93' lang='lat' dir='ltr'><strong>de</strong></span> <span class='ocrx_word' id='word_1_118' title='bbox 502 1362 559 1424; x_wconf 89' lang='lat' dir='ltr'><strong>hoo</strong></span> <span class='ocrx_word' id='word_1_119' title='bbox 582 1361 699 1424; x_wconf 90' lang='lat' dir='ltr'><strong>occulto</strong></span> <span class='ocrx_word' id='word_1_120' title='bbox 724 1359 933 1434; x_wconf 54' lang='lat' dir='ltr'><strong>commeatum</strong></span> <span class='ocrx_word' id='word_1_121' title='bbox 956 1361 1147 1440; x_wconf 79' lang='lat' dir='ltr'><strong>pronunciari</strong></span> <span class='ocrx_word' id='word_1_122' title='bbox 1170 1369 1286 1440; x_wconf 88' lang='lat' dir='ltr'><strong>potest,</strong></span> <span class='ocrx_word' id='word_1_123' title='bbox 1316 1361 1364 1441; x_wconf 93' lang='lat' dir='ltr'><strong>qui</strong></span> <span class='ocrx_word' id='word_1_124' title='bbox 1389 1361 1523 1423; x_wconf 85' lang='lat' dir='ltr'><strong>comsit</strong></span> 
     </span>
     <span class='ocr_line' id='line_1_13' title="bbox 170 1449 1523 1530; baseline 0.001 -21"><span class='ocrx_word' id='word_1_125' title='bbox 170 1465 222 1528; x_wconf 90' lang='lat' dir='ltr'><strong>per</strong></span> <span class='ocrx_word' id='word_1_126' title='bbox 244 1467 360 1528; x_wconf 89' lang='lat' dir='ltr'><strong>opacas</strong></span> <span class='ocrx_word' id='word_1_127' title='bbox 382 1449 507 1530; x_wconf 88' lang='lat' dir='ltr'><strong>ideoque</strong></span> <span class='ocrx_word' id='word_1_128' title='bbox 531 1450 709 1512; x_wconf 88' lang='lat' dir='ltr'><strong>tenebrosas</strong></span> <span class='ocrx_word' id='word_1_129' title='bbox 731 1457 834 1528; x_wconf 84' lang='lat' dir='ltr'><strong>partes</strong></span> <span class='ocrx_word' id='word_1_130' title='bbox 863 1449 1146 1530; x_wconf 90' lang='lat' dir='ltr'><strong>administreturque</strong></span> <span class='ocrx_word' id='word_1_131' title='bbox 1181 1450 1354 1529; x_wconf 90' lang='lat' dir='ltr'><strong>spiritibus,</strong></span> <span class='ocrx_word' id='word_1_132' title='bbox 1384 1450 1433 1530; x_wconf 93' lang='lat' dir='ltr'><strong>qui</strong></span> <span class='ocrx_word' id='word_1_133' title='bbox 1458 1457 1523 1510; x_wconf 91' lang='lat' dir='ltr'><strong>toto</strong></span> 
     </span>
     <span class='ocr_line' id='line_1_14' title="bbox 169 1537 1523 1619; baseline -0.001 -21"><span class='ocrx_word' id='word_1_134' title='bbox 169 1547 275 1616; x_wconf 87' lang='lat' dir='ltr'><strong>genere</strong></span> <span class='ocrx_word' id='word_1_135' title='bbox 301 1539 443 1600; x_wconf 80' lang='lat' dir='ltr'><strong>differunt</strong></span> <span class='ocrx_word' id='word_1_136' title='bbox 465 1538 503 1600; x_wconf 89' lang='lat' dir='ltr'><strong>ab</strong></span> <span class='ocrx_word' id='word_1_137' title='bbox 527 1539 698 1600; x_wconf 86' lang='lat' dir='ltr'><strong>humoribus</strong></span> <span class='ocrx_word' id='word_1_138' title='bbox 722 1539 847 1618; x_wconf 89' lang='lat' dir='ltr'><strong>aliisque</strong></span> <span class='ocrx_word' id='word_1_139' title='bbox 870 1537 1038 1618; x_wconf 80' lang='lat' dir='ltr'><strong>perspicuis</strong></span> <span class='ocrx_word' id='word_1_140' title='bbox 1071 1540 1176 1614; x_wconf 91' lang='lat' dir='ltr'><strong>rebus,</strong></span> <span class='ocrx_word' id='word_1_141' title='bbox 1205 1539 1332 1619; x_wconf 87' lang='lat' dir='ltr'><strong>jamjam</strong></span> <span class='ocrx_word' id='word_1_142' title='bbox 1356 1538 1523 1616; x_wconf 86' lang='lat' dir='ltr'><strong>seselegi-</strong></span> 
     </span>
     <span class='ocr_line' id='line_1_15' title="bbox 169 1625 1523 1706; baseline 0.001 -19"><span class='ocrx_word' id='word_1_143' title='bbox 169 1625 222 1688; x_wconf 89' lang='lat' dir='ltr'><strong>bus</strong></span> <span class='ocrx_word' id='word_1_144' title='bbox 245 1627 357 1706; x_wconf 91' lang='lat' dir='ltr'><strong>opticis</strong></span> <span class='ocrx_word' id='word_1_145' title='bbox 378 1627 499 1706; x_wconf 89' lang='lat' dir='ltr'><strong>penitus</strong></span> <span class='ocrx_word' id='word_1_146' title='bbox 522 1627 652 1689; x_wconf 84' lang='lat' dir='ltr'><strong>exemit?</strong></span> <span class='ocrx_word' id='word_1_147' title='bbox 698 1629 804 1706; x_wconf 92' lang='lat' dir='ltr'><strong>Itaque</strong></span> <span class='ocrx_word' id='word_1_148' title='bbox 828 1645 895 1688; x_wconf 89' lang='lat' dir='ltr'><strong>oum</strong></span> <span class='ocrx_word' id='word_1_149' title='bbox 920 1625 1046 1689; x_wconf 90' lang='lat' dir='ltr'><strong>Vitellio</strong></span> <span class='ocrx_word' id='word_1_150' title='bbox 1074 1627 1118 1689; x_wconf 89' lang='lat' dir='ltr'><strong>sic</strong></span> <span class='ocrx_word' id='word_1_151' title='bbox 1142 1636 1370 1706; x_wconf 89' lang='lat' dir='ltr'><strong>argumentetur</strong></span> <span class='ocrx_word' id='word_1_152' title='bbox 1393 1627 1523 1689; x_wconf 85' lang='lat' dir='ltr'><strong>lib.111.</strong></span> 
     </span>
     <span class='ocr_line' id='line_1_16' title="bbox 169 1713 1524 1796; baseline -0.001 -19"><span class='ocrx_word' id='word_1_153' title='bbox 169 1731 196 1796; x_wconf 89' lang='lat' dir='ltr'><strong>p.</strong></span> <span class='ocrx_word' id='word_1_154' title='bbox 219 1713 280 1778; x_wconf 81' lang='lat'><strong>20:</strong></span> <span class='ocrx_word' id='word_1_155' title='bbox 316 1723 455 1796; x_wconf 77' lang='lat' dir='ltr'><strong>oportere</strong></span> <span class='ocrx_word' id='word_1_156' title='bbox 477 1716 595 1795; x_wconf 89' lang='lat' dir='ltr'><strong>species</strong></span> <span class='ocrx_word' id='word_1_157' title='bbox 627 1715 723 1777; x_wconf 89' lang='lat' dir='ltr'><strong>uniri:</strong></span> <span class='ocrx_word' id='word_1_158' title='bbox 756 1733 829 1795; x_wconf 91' lang='lat' dir='ltr'><strong>ergo</strong></span> <span class='ocrx_word' id='word_1_159' title='bbox 857 1718 901 1794; x_wconf 92' lang='lat' dir='ltr'><strong>(p.</strong></span> <span class='ocrx_word' id='word_1_160' title='bbox 931 1713 1001 1785; x_wconf 81' lang='grc'>21.)</span> <span class='ocrx_word' id='word_1_161' title='bbox 1035 1716 1244 1780; x_wconf 87' lang='lat' dir='ltr'><strong>refractionem</strong></span> <span class='ocrx_word' id='word_1_162' title='bbox 1276 1717 1339 1778; x_wconf 84' lang='lat' dir='ltr'><strong>fieri</strong></span> <span class='ocrx_word' id='word_1_163' title='bbox 1372 1717 1403 1778; x_wconf 93' lang='lat' dir='ltr'><strong>in</strong></span> <span class='ocrx_word' id='word_1_164' title='bbox 1435 1715 1524 1776; x_wconf 86' lang='lat' dir='ltr'><strong>vitrei</strong></span> 
     </span>
     <span class='ocr_line' id='line_1_17' title="bbox 170 1803 1526 1885; baseline 0 -21"><span class='ocrx_word' id='word_1_165' title='bbox 170 1803 285 1883; x_wconf 88' lang='lat' dir='ltr'><strong>postico</strong></span> <span class='ocrx_word' id='word_1_166' title='bbox 310 1813 343 1866; x_wconf 92' lang='lat' dir='ltr'><strong>et</strong></span> <span class='ocrx_word' id='word_1_167' title='bbox 366 1806 411 1884; x_wconf 88' lang='lat' dir='ltr'><strong>(p.</strong></span> <span class='ocrx_word' id='word_1_168' title='bbox 436 1803 504 1878; x_wconf 78' lang='lat'><strong>22.)</strong></span> <span class='ocrx_word' id='word_1_169' title='bbox 528 1804 653 1885; x_wconf 88' lang='lat' dir='ltr'><strong>spiritus</strong></span> <span class='ocrx_word' id='word_1_170' title='bbox 676 1823 744 1866; x_wconf 90' lang='lat' dir='ltr'><strong>esse</strong></span> <span class='ocrx_word' id='word_1_171' title='bbox 771 1805 954 1882; x_wconf 89' lang='lat' dir='ltr'><strong>pellucidos;</strong></span> <span class='ocrx_word' id='word_1_172' title='bbox 984 1823 1040 1884; x_wconf 88' lang='lat' dir='ltr'><strong>ago</strong></span> <span class='ocrx_word' id='word_1_173' title='bbox 1064 1805 1200 1867; x_wconf 84' lang='lat' dir='ltr'><strong>inverte:</strong></span> <span class='ocrx_word' id='word_1_174' title='bbox 1226 1805 1349 1884; x_wconf 89' lang='lat' dir='ltr'><strong>spiritus</strong></span> <span class='ocrx_word' id='word_1_175' title='bbox 1372 1823 1430 1866; x_wconf 92' lang='lat' dir='ltr'><strong>nou</strong></span> <span class='ocrx_word' id='word_1_176' title='bbox 1455 1811 1526 1865; x_wconf 90' lang='lat' dir='ltr'><strong>sunt</strong></span> 
     </span>
     <span class='ocr_line' id='line_1_18' title="bbox 171 1893 1523 1974; baseline 0 -22"><span class='ocrx_word' id='word_1_177' title='bbox 171 1909 277 1972; x_wconf 87' lang='lat' dir='ltr'><strong>eorpus</strong></span> <span class='ocrx_word' id='word_1_178' title='bbox 300 1893 434 1972; x_wconf 91' lang='lat' dir='ltr'><strong>optioum</strong></span> <span class='ocrx_word' id='word_1_179' title='bbox 457 1902 489 1956; x_wconf 91' lang='lat' dir='ltr'><strong>et</strong></span> <span class='ocrx_word' id='word_1_180' title='bbox 510 1893 642 1974; x_wconf 90' lang='lat' dir='ltr'><strong>ipsorum</strong></span> <span class='ocrx_word' id='word_1_181' title='bbox 666 1893 788 1973; x_wconf 85' lang='lat' dir='ltr'><strong>gracilis</strong></span> <span class='ocrx_word' id='word_1_182' title='bbox 812 1911 943 1954; x_wconf 85' lang='lat' dir='ltr'><strong>caverna</strong></span> <span class='ocrx_word' id='word_1_183' title='bbox 973 1911 1084 1956; x_wconf 87' lang='lat' dir='ltr'><strong>nervea</strong></span> <span class='ocrx_word' id='word_1_184' title='bbox 1113 1913 1172 1956; x_wconf 90' lang='lat' dir='ltr'><strong>nou</strong></span> <span class='ocrx_word' id='word_1_185' title='bbox 1201 1903 1249 1955; x_wconf 90' lang='lat' dir='ltr'><strong>est</strong></span> <span class='ocrx_word' id='word_1_186' title='bbox 1274 1895 1372 1973; x_wconf 91' lang='lat' dir='ltr'><strong>optice</strong></span> <span class='ocrx_word' id='word_1_187' title='bbox 1397 1893 1523 1966; x_wconf 86' lang='lat' dir='ltr'><strong>directa,</strong></span> 
     </span>
     <span class='ocr_line' id='line_1_19' title="bbox 171 1979 1524 2063; baseline -0.001 -21"><span class='ocrx_word' id='word_1_188' title='bbox 171 1989 203 2042; x_wconf 85' lang='lat' dir='ltr'><strong>et</strong></span> <span class='ocrx_word' id='word_1_189' title='bbox 224 1979 250 2042; x_wconf 88' lang='lat' dir='ltr'><strong>si</strong></span> <span class='ocrx_word' id='word_1_190' title='bbox 274 1989 374 2056; x_wconf 86' lang='lat' dir='ltr'><strong>esset,</strong></span> <span class='ocrx_word' id='word_1_191' title='bbox 409 1989 546 2044; x_wconf 88' lang='lat' dir='ltr'><strong>contorto</strong></span> <span class='ocrx_word' id='word_1_192' title='bbox 569 1992 670 2044; x_wconf 88' lang='lat' dir='ltr'><strong>tamen</strong></span> <span class='ocrx_word' id='word_1_193' title='bbox 694 1982 772 2044; x_wconf 91' lang='lat' dir='ltr'><strong>oculi</strong></span> <span class='ocrx_word' id='word_1_194' title='bbox 796 1981 901 2044; x_wconf 88' lang='lat' dir='ltr'><strong>statim</strong></span> <span class='ocrx_word' id='word_1_195' title='bbox 931 1983 1017 2044; x_wconf 88' lang='lat' dir='ltr'><strong>fieret</strong></span> <span class='ocrx_word' id='word_1_196' title='bbox 1048 1983 1257 2058; x_wconf 86' lang='lat' dir='ltr'><strong>anfractuosa,</strong></span> <span class='ocrx_word' id='word_1_197' title='bbox 1287 1983 1392 2063; x_wconf 88' lang='lat' dir='ltr'><strong>suique</strong></span> <span class='ocrx_word' id='word_1_198' title='bbox 1419 1989 1524 2061; x_wconf 87' lang='lat' dir='ltr'><strong>partes</strong></span> 
     </span>
     <span class='ocr_line' id='line_1_20' title="bbox 172 2069 1525 2152; baseline 0.001 -22"><span class='ocrx_word' id='word_1_199' title='bbox 172 2087 283 2150; x_wconf 83' lang='lat' dir='ltr'><strong>opacas</strong></span> <span class='ocrx_word' id='word_1_200' title='bbox 308 2069 473 2133; x_wconf 87' lang='lat' dir='ltr'><strong>exilissimo</strong></span> <span class='ocrx_word' id='word_1_201' title='bbox 497 2071 633 2133; x_wconf 88' lang='lat' dir='ltr'><strong>foramini</strong></span> <span class='ocrx_word' id='word_1_202' title='bbox 658 2089 710 2132; x_wconf 91' lang='lat' dir='ltr'><strong>seu</strong></span> <span class='ocrx_word' id='word_1_203' title='bbox 733 2077 851 2132; x_wconf 88' lang='lat' dir='ltr'><strong>meatus</strong></span> <span class='ocrx_word' id='word_1_204' title='bbox 875 2069 953 2132; x_wconf 88' lang='lat' dir='ltr'><strong>ostio</strong></span> <span class='ocrx_word' id='word_1_205' title='bbox 977 2071 1130 2151; x_wconf 89' lang='lat' dir='ltr'><strong>objiceret.</strong></span> <span class='ocrx_word' id='word_1_206' title='bbox 1169 2071 1270 2143; x_wconf 79' lang='lat' dir='ltr'><strong>Quare</strong></span> <span class='ocrx_word' id='word_1_207' title='bbox 1294 2090 1389 2152; x_wconf 91' lang='lat' dir='ltr'><strong>neque</strong></span> <span class='ocrx_word' id='word_1_208' title='bbox 1412 2071 1525 2133; x_wconf 85' lang='lat' dir='ltr'><strong>transit</strong></span> 
     </span>
     <span class='ocr_line' id='line_1_21' title="bbox 172 2157 1527 2240; baseline 0 -21"><span class='ocrx_word' id='word_1_209' title='bbox 172 2159 221 2220; x_wconf 86' lang='lat' dir='ltr'><strong>lux</strong></span> <span class='ocrx_word' id='word_1_210' title='bbox 241 2158 395 2238; x_wconf 84' lang='lat' dir='ltr'><strong>posticam</strong></span> <span class='ocrx_word' id='word_1_211' title='bbox 417 2159 506 2222; x_wconf 86' lang='lat' dir='ltr'><strong>vitrei</strong></span> <span class='ocrx_word' id='word_1_212' title='bbox 540 2159 740 2240; x_wconf 88' lang='lat' dir='ltr'><strong>superficiem,</strong></span> <span class='ocrx_word' id='word_1_213' title='bbox 768 2177 863 2240; x_wconf 90' lang='lat' dir='ltr'><strong>neque</strong></span> <span class='ocrx_word' id='word_1_214' title='bbox 894 2157 1068 2239; x_wconf 89' lang='lat' dir='ltr'><strong>refringitur</strong></span> <span class='ocrx_word' id='word_1_215' title='bbox 1090 2160 1142 2234; x_wconf 92' lang='lat' dir='ltr'><strong>ibi,</strong></span> <span class='ocrx_word' id='word_1_216' title='bbox 1172 2161 1226 2222; x_wconf 89' lang='lat' dir='ltr'><strong>sed</strong></span> <span class='ocrx_word' id='word_1_217' title='bbox 1254 2159 1438 2239; x_wconf 81' lang='lat' dir='ltr'><strong>impingitur.</strong></span> <span class='ocrx_word' id='word_1_218' title='bbox 1485 2157 1527 2220; x_wconf 81' lang='lat' dir='ltr'><strong>Et</strong></span> 
     </span>
     <span class='ocr_line' id='line_1_22' title="bbox 172 2245 1524 2328; baseline -0.001 -21"><span class='ocrx_word' id='word_1_219' title='bbox 172 2246 218 2327; x_wconf 92' lang='lat' dir='ltr'><strong>qui</strong></span> <span class='ocrx_word' id='word_1_220' title='bbox 240 2245 369 2326; x_wconf 78' lang='lat' dir='ltr'><strong>refringi</strong></span> <span class='ocrx_word' id='word_1_221' title='bbox 391 2255 495 2326; x_wconf 86' lang='lat' dir='ltr'><strong>potest</strong></span> <span class='ocrx_word' id='word_1_222' title='bbox 519 2249 636 2328; x_wconf 88' lang='lat' dir='ltr'><strong>species</strong></span> <span class='ocrx_word' id='word_1_223' title='bbox 660 2247 949 2328; x_wconf 85' lang='lat' dir='ltr'><strong>perpendiculariter</strong></span> <span class='ocrx_word' id='word_1_224' title='bbox 971 2247 1131 2327; x_wconf 82' lang='lat' dir='ltr'><strong>ingressa?</strong></span> <span class='ocrx_word' id='word_1_225' title='bbox 1154 2247 1243 2320; x_wconf 85' lang='lat' dir='ltr'><strong>Quod</strong></span> <span class='ocrx_word' id='word_1_226' title='bbox 1267 2249 1371 2310; x_wconf 91' lang='lat' dir='ltr'><strong>mirum</strong></span> <span class='ocrx_word' id='word_1_227' title='bbox 1394 2256 1443 2308; x_wconf 88' lang='lat' dir='ltr'><strong>est</strong></span> <span class='ocrx_word' id='word_1_228' title='bbox 1466 2265 1524 2308; x_wconf 91' lang='lat' dir='ltr'><strong>non</strong></span> 
     </span>
     <span class='ocr_line' id='line_1_23' title="bbox 172 2333 1525 2417; baseline -0.001 -21"><span class='ocrx_word' id='word_1_229' title='bbox 172 2335 314 2398; x_wconf 87' lang='lat' dir='ltr'><strong>incidisse</strong></span> <span class='ocrx_word' id='word_1_230' title='bbox 337 2336 512 2411; x_wconf 88' lang='lat' dir='ltr'><strong>Vitellioui,</strong></span> <span class='ocrx_word' id='word_1_231' title='bbox 541 2336 776 2416; x_wconf 82' lang='lat' dir='ltr'><strong>propositionem</strong></span> <span class='ocrx_word' id='word_1_232' title='bbox 801 2333 854 2400; x_wconf 77' lang='lat'><strong>31.</strong></span> <span class='ocrx_word' id='word_1_233' title='bbox 879 2336 961 2398; x_wconf 92' lang='lat' dir='ltr'><strong>tertii</strong></span> <span class='ocrx_word' id='word_1_234' title='bbox 994 2338 1147 2400; x_wconf 86' lang='lat' dir='ltr'><strong>scribenti.</strong></span> <span class='ocrx_word' id='word_1_235' title='bbox 1194 2338 1272 2399; x_wconf 86' lang='lat' dir='ltr'><strong>Hinc</strong></span> <span class='ocrx_word' id='word_1_236' title='bbox 1295 2356 1340 2417; x_wconf 91' lang='lat' dir='ltr'><strong>pr.</strong></span> <span class='ocrx_word' id='word_1_237' title='bbox 1366 2333 1417 2399; x_wconf 80' lang='lat'><strong>73.</strong></span> <span class='ocrx_word' id='word_1_238' title='bbox 1442 2333 1525 2397; x_wconf 91' lang='lat' dir='ltr'><strong>tertii</strong></span> 
     </span>
     <span class='ocr_line' id='line_1_24' title="bbox 171 2423 1523 2505; baseline -0.001 -20"><span class='ocrx_word' id='word_1_239' title='bbox 171 2423 200 2485; x_wconf 91' lang='lat' dir='ltr'><strong>io</strong></span> <span class='ocrx_word' id='word_1_240' title='bbox 222 2425 424 2486; x_wconf 83' lang='lat' dir='ltr'><strong>difficultates</strong></span> <span class='ocrx_word' id='word_1_241' title='bbox 449 2425 505 2487; x_wconf 89' lang='lat' dir='ltr'><strong>fuit</strong></span> <span class='ocrx_word' id='word_1_242' title='bbox 528 2425 683 2504; x_wconf 86' lang='lat' dir='ltr'><strong>conjectus</strong></span> <span class='ocrx_word' id='word_1_243' title='bbox 706 2443 763 2486; x_wconf 91' lang='lat' dir='ltr'><strong>uon</strong></span> <span class='ocrx_word' id='word_1_244' title='bbox 787 2425 951 2487; x_wconf 89' lang='lat' dir='ltr'><strong>mediocres</strong></span> <span class='ocrx_word' id='word_1_245' title='bbox 975 2426 1013 2486; x_wconf 90' lang='lat' dir='ltr'><strong>ob</strong></span> <span class='ocrx_word' id='word_1_246' title='bbox 1037 2426 1113 2488; x_wconf 87' lang='lat' dir='ltr'><strong>hanc</strong></span> <span class='ocrx_word' id='word_1_247' title='bbox 1138 2427 1303 2505; x_wconf 89' lang='lat' dir='ltr'><strong>specierum</strong></span> <span class='ocrx_word' id='word_1_248' title='bbox 1326 2425 1355 2487; x_wconf 91' lang='lat' dir='ltr'><strong>iu</strong></span> <span class='ocrx_word' id='word_1_249' title='bbox 1380 2443 1523 2486; x_wconf 90' lang='lat' dir='ltr'><strong>concursu</strong></span> 
     </span>
     <span class='ocr_line' id='line_1_25' title="bbox 172 2512 1525 2594; baseline 0.001 -22"><span class='ocrx_word' id='word_1_250' title='bbox 172 2531 330 2575; x_wconf 89' lang='lat' dir='ltr'><strong>nervorum</strong></span> <span class='ocrx_word' id='word_1_251' title='bbox 352 2513 603 2594; x_wconf 87' lang='lat' dir='ltr'><strong>conjunctionem.</strong></span> <span class='ocrx_word' id='word_1_252' title='bbox 637 2512 724 2584; x_wconf 83' lang='lat' dir='ltr'><strong>Quod</strong></span> <span class='ocrx_word' id='word_1_253' title='bbox 749 2516 774 2575; x_wconf 92' lang='lat' dir='ltr'><strong>si</strong></span> <span class='ocrx_word' id='word_1_254' title='bbox 798 2522 830 2575; x_wconf 90' lang='lat' dir='ltr'><strong>et</strong></span> <span class='ocrx_word' id='word_1_255' title='bbox 853 2515 890 2574; x_wconf 92' lang='lat' dir='ltr'><strong>de</strong></span> <span class='ocrx_word' id='word_1_256' title='bbox 904 2514 961 2576; x_wconf 87' lang='lat' dir='ltr'><strong>hac</strong></span> <span class='ocrx_word' id='word_1_257' title='bbox 977 2532 1134 2577; x_wconf 88' lang='lat' dir='ltr'><strong>nervorum</strong></span> <span class='ocrx_word' id='word_1_258' title='bbox 1152 2514 1362 2594; x_wconf 89' lang='lat' dir='ltr'><strong>conjunctione</strong></span> <span class='ocrx_word' id='word_1_259' title='bbox 1379 2515 1407 2574; x_wconf 90' lang='lat' dir='ltr'><strong>in</strong></span> <span class='ocrx_word' id='word_1_260' title='bbox 1427 2513 1525 2574; x_wconf 90' lang='lat' dir='ltr'><strong>medio</strong></span> 
     </span>
     <span class='ocr_line' id='line_1_26' title="bbox 174 2601 1524 2684; baseline 0.001 -23"><span class='ocrx_word' id='word_1_261' title='bbox 174 2601 279 2663; x_wconf 85' lang='lat' dir='ltr'><strong>itinere</strong></span> <span class='ocrx_word' id='word_1_262' title='bbox 303 2602 459 2666; x_wconf 89' lang='lat' dir='ltr'><strong>dicendum</strong></span> <span class='ocrx_word' id='word_1_263' title='bbox 483 2611 544 2677; x_wconf 88' lang='lat' dir='ltr'><strong>est,</strong></span> <span class='ocrx_word' id='word_1_264' title='bbox 574 2603 605 2664; x_wconf 93' lang='lat' dir='ltr'><strong>id</strong></span> <span class='ocrx_word' id='word_1_265' title='bbox 628 2603 682 2663; x_wconf 88' lang='lat' dir='ltr'><strong>fiat</strong></span> <span class='ocrx_word' id='word_1_266' title='bbox 709 2603 875 2665; x_wconf 89' lang='lat' dir='ltr'><strong>rationibus</strong></span> <span class='ocrx_word' id='word_1_267' title='bbox 905 2603 1047 2684; x_wconf 88' lang='lat' dir='ltr'><strong>physicis.</strong></span> <span class='ocrx_word' id='word_1_268' title='bbox 1093 2603 1173 2665; x_wconf 89' lang='lat' dir='ltr'><strong>Nam</strong></span> <span class='ocrx_word' id='word_1_269' title='bbox 1200 2611 1284 2666; x_wconf 88' lang='lat' dir='ltr'><strong>certo</strong></span> <span class='ocrx_word' id='word_1_270' title='bbox 1317 2603 1429 2664; x_wconf 90' lang='lat' dir='ltr'><strong>certius</strong></span> <span class='ocrx_word' id='word_1_271' title='bbox 1463 2610 1524 2676; x_wconf 90' lang='lat' dir='ltr'><strong>est,</strong></span> 
     </span>
     <span class='ocr_line' id='line_1_27' title="bbox 174 2689 1526 2772; baseline 0.001 -22"><span class='ocrx_word' id='word_1_272' title='bbox 174 2691 285 2752; x_wconf 90' lang='lat' dir='ltr'><strong>nullam</strong></span> <span class='ocrx_word' id='word_1_273' title='bbox 308 2690 470 2770; x_wconf 87' lang='lat' dir='ltr'><strong>imaginem</strong></span> <span class='ocrx_word' id='word_1_274' title='bbox 494 2692 624 2771; x_wconf 89' lang='lat' dir='ltr'><strong>opticam</strong></span> <span class='ocrx_word' id='word_1_275' title='bbox 656 2692 807 2772; x_wconf 88' lang='lat' dir='ltr'><strong>hucusque</strong></span> <span class='ocrx_word' id='word_1_276' title='bbox 838 2692 1002 2771; x_wconf 89' lang='lat' dir='ltr'><strong>pervenire.</strong></span> <span class='ocrx_word' id='word_1_277' title='bbox 1052 2691 1182 2754; x_wconf 91' lang='lat' dir='ltr'><strong>Videtur</strong></span> <span class='ocrx_word' id='word_1_278' title='bbox 1208 2693 1314 2772; x_wconf 90' lang='lat' dir='ltr'><strong>igitur,</strong></span> <span class='ocrx_word' id='word_1_279' title='bbox 1345 2690 1370 2750; x_wconf 89' lang='lat' dir='ltr'><strong>si</strong></span> <span class='ocrx_word' id='word_1_280' title='bbox 1400 2689 1526 2771; x_wconf 90' lang='lat' dir='ltr'><strong>quilibet</strong></span> 
     </span>
     <span class='ocr_line' id='line_1_28' title="bbox 172 2779 1525 2861; baseline 0 -21"><span class='ocrx_word' id='word_1_281' title='bbox 172 2797 281 2842; x_wconf 89' lang='lat' dir='ltr'><strong>nervus</strong></span> <span class='ocrx_word' id='word_1_282' title='bbox 305 2779 334 2841; x_wconf 91' lang='lat' dir='ltr'><strong>in</strong></span> <span class='ocrx_word' id='word_1_283' title='bbox 359 2798 443 2842; x_wconf 87' lang='lat' dir='ltr'><strong>suam</strong></span> <span class='ocrx_word' id='word_1_284' title='bbox 467 2780 582 2842; x_wconf 90' lang='lat' dir='ltr'><strong>cerebri</strong></span> <span class='ocrx_word' id='word_1_285' title='bbox 615 2780 718 2842; x_wconf 89' lang='lat' dir='ltr'><strong>sedam</strong></span> <span class='ocrx_word' id='word_1_286' title='bbox 746 2781 822 2843; x_wconf 93' lang='lat' dir='ltr'><strong>liber</strong></span> <span class='ocrx_word' id='word_1_287' title='bbox 851 2789 936 2842; x_wconf 90' lang='lat' dir='ltr'><strong>recta</strong></span> <span class='ocrx_word' id='word_1_288' title='bbox 967 2781 1173 2861; x_wconf 86' lang='lat' dir='ltr'><strong>pervenisset,</strong></span> <span class='ocrx_word' id='word_1_289' title='bbox 1209 2779 1338 2842; x_wconf 87' lang='lat' dir='ltr'><strong>futurum</strong></span> <span class='ocrx_word' id='word_1_290' title='bbox 1369 2779 1462 2842; x_wconf 88' lang='lat' dir='ltr'><strong>fuisse</strong></span> <span class='ocrx_word' id='word_1_291' title='bbox 1491 2787 1525 2840; x_wconf 91' lang='lat' dir='ltr'><strong>ut</strong></span> 
     </span>
     <span class='ocr_line' id='line_1_29' title="bbox 174 2867 1526 2949; baseline -0.001 -20"><span class='ocrx_word' id='word_1_292' title='bbox 174 2869 290 2930; x_wconf 92' lang='lat' dir='ltr'><strong>duobus</strong></span> <span class='ocrx_word' id='word_1_293' title='bbox 313 2869 407 2930; x_wconf 89' lang='lat' dir='ltr'><strong>oculis</strong></span> <span class='ocrx_word' id='word_1_294' title='bbox 429 2870 477 2930; x_wconf 89' lang='lat' dir='ltr'><strong>usi</strong></span> <span class='ocrx_word' id='word_1_295' title='bbox 501 2869 575 2930; x_wconf 87' lang='lat' dir='ltr'><strong>duas</strong></span> <span class='ocrx_word' id='word_1_296' title='bbox 600 2867 839 2932; x_wconf 83' lang='lat' dir='ltr'><strong>existimaremus</strong></span> <span class='ocrx_word' id='word_1_297' title='bbox 869 2869 972 2930; x_wconf 89' lang='lat' dir='ltr'><strong>videre</strong></span> <span class='ocrx_word' id='word_1_298' title='bbox 999 2889 1048 2932; x_wconf 89' lang='lat' dir='ltr'><strong>res</strong></span> <span class='ocrx_word' id='word_1_299' title='bbox 1076 2887 1130 2949; x_wconf 92' lang='lat' dir='ltr'><strong>pro</strong></span> <span class='ocrx_word' id='word_1_300' title='bbox 1154 2888 1222 2931; x_wconf 88' lang='lat' dir='ltr'><strong>una.</strong></span> <span class='ocrx_word' id='word_1_301' title='bbox 1269 2871 1335 2931; x_wconf 90' lang='lat' dir='ltr'><strong>Aut</strong></span> <span class='ocrx_word' id='word_1_302' title='bbox 1365 2869 1449 2929; x_wconf 88' lang='lat' dir='ltr'><strong>facta</strong></span> <span class='ocrx_word' id='word_1_303' title='bbox 1477 2875 1526 2928; x_wconf 88' lang='lat' dir='ltr'><strong>est</strong></span> 
     </span>
     <span class='ocr_line' id='line_1_30' title="bbox 174 2955 1529 3040; baseline 0 -24"><span class='ocrx_word' id='word_1_304' title='bbox 174 2956 249 3018; x_wconf 86' lang='lat' dir='ltr'><strong>haec</strong></span> <span class='ocrx_word' id='word_1_305' title='bbox 274 2955 453 3036; x_wconf 76' lang='lat' dir='ltr'><strong>conjunctio,</strong></span> <span class='ocrx_word' id='word_1_306' title='bbox 479 2977 515 3020; x_wconf 92' lang='lat' dir='ltr'><strong>ne</strong></span> <span class='ocrx_word' id='word_1_307' title='bbox 540 2958 636 3020; x_wconf 90' lang='lat' dir='ltr'><strong>altero</strong></span> <span class='ocrx_word' id='word_1_308' title='bbox 660 2958 762 3020; x_wconf 90' lang='lat' dir='ltr'><strong>clauso</strong></span> <span class='ocrx_word' id='word_1_309' title='bbox 786 2959 871 3020; x_wconf 91' lang='lat' dir='ltr'><strong>oculo</strong></span> <span class='ocrx_word' id='word_1_310' title='bbox 896 2959 946 3020; x_wconf 94' lang='lat' dir='ltr'><strong>ille</strong></span> <span class='ocrx_word' id='word_1_311' title='bbox 971 2977 1087 3040; x_wconf 91' lang='lat' dir='ltr'><strong>quoque</strong></span> <span class='ocrx_word' id='word_1_312' title='bbox 1103 2958 1217 3020; x_wconf 86' lang='lat' dir='ltr'><strong>cerebri</strong></span> <span class='ocrx_word' id='word_1_313' title='bbox 1240 2958 1325 3019; x_wconf 88' lang='lat' dir='ltr'><strong>sinus</strong></span> <span class='ocrx_word' id='word_1_314' title='bbox 1344 2955 1529 3038; x_wconf 86' lang='lat' dir='ltr'><strong>ajudicandi</strong></span> 
     </span>
     <span class='ocr_line' id='line_1_31' title="bbox 175 3045 1530 3128; baseline -0.003 -20"><span class='ocrx_word' id='word_1_315' title='bbox 175 3046 328 3108; x_wconf 89' lang='lat' dir='ltr'><strong>iunctione</strong></span> <span class='ocrx_word' id='word_1_316' title='bbox 349 3045 495 3109; x_wconf 83' lang='lat' dir='ltr'><strong>cessaret.</strong></span> <span class='ocrx_word' id='word_1_317' title='bbox 535 3047 598 3108; x_wconf 84' lang='lat' dir='ltr'><strong>Aut</strong></span> <span class='ocrx_word' id='word_1_318' title='bbox 621 3047 751 3108; x_wconf 77' lang='lat' dir='ltr'><strong>fortuma</strong></span> <span class='ocrx_word' id='word_1_319' title='bbox 775 3046 842 3128; x_wconf 89' lang='lat' dir='ltr'><strong>ipsa</strong></span> <span class='ocrx_word' id='word_1_320' title='bbox 866 3045 983 3108; x_wconf 88' lang='lat' dir='ltr'><strong>sinuum</strong></span> <span class='ocrx_word' id='word_1_321' title='bbox 1008 3047 1171 3126; x_wconf 85' lang='lat' dir='ltr'><strong>geminatio</strong></span> <span class='ocrx_word' id='word_1_322' title='bbox 1195 3067 1254 3108; x_wconf 90' lang='lat' dir='ltr'><strong>non</strong></span> <span class='ocrx_word' id='word_1_323' title='bbox 1279 3053 1404 3126; x_wconf 91' lang='lat' dir='ltr'><strong>propter</strong></span> <span class='ocrx_word' id='word_1_324' title='bbox 1427 3046 1530 3106; x_wconf 90' lang='lat' dir='ltr'><strong>oculos</strong></span> 
     </span>
     <span class='ocr_line' id='line_1_32' title="bbox 175 3133 1530 3215; baseline -0.001 -20"><span class='ocrx_word' id='word_1_325' title='bbox 175 3141 292 3196; x_wconf 85' lang='lat' dir='ltr'><strong>tantum</strong></span> <span class='ocrx_word' id='word_1_326' title='bbox 317 3143 373 3209; x_wconf 89' lang='lat' dir='ltr'><strong>est,</strong></span> <span class='ocrx_word' id='word_1_327' title='bbox 398 3136 452 3197; x_wconf 90' lang='lat' dir='ltr'><strong>sed</strong></span> <span class='ocrx_word' id='word_1_328' title='bbox 475 3153 530 3214; x_wconf 93' lang='lat' dir='ltr'><strong>per</strong></span> <span class='ocrx_word' id='word_1_329' title='bbox 552 3153 585 3196; x_wconf 91' lang='lat' dir='ltr'><strong>se</strong></span> <span class='ocrx_word' id='word_1_330' title='bbox 610 3133 684 3196; x_wconf 88' lang='lat' dir='ltr'><strong>facit</strong></span> <span class='ocrx_word' id='word_1_331' title='bbox 707 3137 746 3196; x_wconf 89' lang='lat' dir='ltr'><strong>ad</strong></span> <span class='ocrx_word' id='word_1_332' title='bbox 770 3143 884 3198; x_wconf 90' lang='lat' dir='ltr'><strong>rectam</strong></span> <span class='ocrx_word' id='word_1_333' title='bbox 900 3135 1154 3215; x_wconf 87' lang='lat' dir='ltr'><strong>dijudicationem,</strong></span> <span class='ocrx_word' id='word_1_334' title='bbox 1178 3144 1212 3198; x_wconf 89' lang='lat' dir='ltr'><strong>ut</strong></span> <span class='ocrx_word' id='word_1_335' title='bbox 1226 3137 1377 3198; x_wconf 85' lang='lat' dir='ltr'><strong>oculomrir</strong></span> <span class='ocrx_word' id='word_1_336' title='bbox 1396 3134 1530 3196; x_wconf 87' lang='lat' dir='ltr'><strong>societas</strong></span> 
     </span>
     <span class='ocr_line' id='line_1_33' title="bbox 176 3223 1530 3305; baseline -0.001 -21"><span class='ocrx_word' id='word_1_337' title='bbox 176 3224 212 3284; x_wconf 90' lang='lat' dir='ltr'><strong>ad</strong></span> <span class='ocrx_word' id='word_1_338' title='bbox 237 3223 412 3286; x_wconf 87' lang='lat' dir='ltr'><strong>distantias.</strong></span> <span class='ocrx_word' id='word_1_339' title='bbox 459 3225 503 3286; x_wconf 91' lang='lat' dir='ltr'><strong>Ut</strong></span> <span class='ocrx_word' id='word_1_340' title='bbox 525 3224 616 3303; x_wconf 89' lang='lat' dir='ltr'><strong>igitur</strong></span> <span class='ocrx_word' id='word_1_341' title='bbox 639 3231 670 3285; x_wconf 91' lang='lat' dir='ltr'><strong>et</strong></span> <span class='ocrx_word' id='word_1_342' title='bbox 700 3224 831 3286; x_wconf 89' lang='lat' dir='ltr'><strong>visibilis</strong></span> <span class='ocrx_word' id='word_1_343' title='bbox 856 3225 1091 3305; x_wconf 88' lang='lat' dir='ltr'><strong>dijudicarentur</strong></span> <span class='ocrx_word' id='word_1_344' title='bbox 1114 3225 1291 3300; x_wconf 88' lang='lat' dir='ltr'><strong>rectissime,</strong></span> <span class='ocrx_word' id='word_1_345' title='bbox 1316 3232 1448 3304; x_wconf 84' lang='lat' dir='ltr'><strong>atquae</strong></span> <span class='ocrx_word' id='word_1_346' title='bbox 1471 3241 1530 3283; x_wconf 92' lang='lat' dir='ltr'><strong>uno</strong></span> 
     </span>
     <span class='ocr_line' id='line_1_34' title="bbox 174 3309 1528 3392; baseline -0.001 -20"><span class='ocrx_word' id='word_1_347' title='bbox 174 3321 204 3374; x_wconf 92' lang='lat' dir='ltr'><strong>et</strong></span> <span class='ocrx_word' id='word_1_348' title='bbox 227 3331 306 3392; x_wconf 91' lang='lat' dir='ltr'><strong>quae</strong></span> <span class='ocrx_word' id='word_1_349' title='bbox 328 3313 443 3374; x_wconf 88' lang='lat' dir='ltr'><strong>duobus</strong></span> <span class='ocrx_word' id='word_1_350' title='bbox 467 3313 560 3375; x_wconf 91' lang='lat' dir='ltr'><strong>oculis</strong></span> <span class='ocrx_word' id='word_1_351' title='bbox 585 3319 789 3386; x_wconf 88' lang='lat' dir='ltr'><strong>cernerentur,</strong></span> <span class='ocrx_word' id='word_1_352' title='bbox 824 3331 1000 3376; x_wconf 88' lang='lat' dir='ltr'><strong>concursum</strong></span> <span class='ocrx_word' id='word_1_353' title='bbox 1024 3314 1102 3376; x_wconf 91' lang='lat' dir='ltr'><strong>hunc</strong></span> <span class='ocrx_word' id='word_1_354' title='bbox 1124 3323 1276 3376; x_wconf 89' lang='lat' dir='ltr'><strong>meatuum</strong></span> <span class='ocrx_word' id='word_1_355' title='bbox 1299 3313 1361 3376; x_wconf 90' lang='lat' dir='ltr'><strong>fieri</strong></span> <span class='ocrx_word' id='word_1_356' title='bbox 1386 3309 1528 3392; x_wconf 91' lang='lat' dir='ltr'><strong>oportuit.</strong></span> 
     </span>
     <span class='ocr_line' id='line_1_35' title="bbox 174 3399 1525 3483; baseline -0.002 -21"><span class='ocrx_word' id='word_1_357' title='bbox 174 3401 239 3462; x_wconf 87' lang='lat' dir='ltr'><strong>Hoo</strong></span> <span class='ocrx_word' id='word_1_358' title='bbox 262 3419 351 3462; x_wconf 87' lang='lat' dir='ltr'><strong>unum</strong></span> <span class='ocrx_word' id='word_1_359' title='bbox 371 3400 418 3463; x_wconf 92' lang='lat' dir='ltr'><strong>hic</strong></span> <span class='ocrx_word' id='word_1_360' title='bbox 442 3421 480 3463; x_wconf 85' lang='lat' dir='ltr'><strong>ex</strong></span> <span class='ocrx_word' id='word_1_361' title='bbox 503 3401 694 3464; x_wconf 87' lang='lat' dir='ltr'><strong>conclusione</strong></span> <span class='ocrx_word' id='word_1_362' title='bbox 718 3403 827 3482; x_wconf 90' lang='lat' dir='ltr'><strong>capitis</strong></span> <span class='ocrx_word' id='word_1_363' title='bbox 850 3401 938 3482; x_wconf 90' lang='lat' dir='ltr'><strong>primi</strong></span> <span class='ocrx_word' id='word_1_364' title='bbox 962 3403 1061 3483; x_wconf 87' lang='lat' dir='ltr'><strong>optice</strong></span> <span class='ocrx_word' id='word_1_365' title='bbox 1087 3403 1144 3465; x_wconf 91' lang='lat' dir='ltr'><strong>dici</strong></span> <span class='ocrx_word' id='word_1_366' title='bbox 1167 3411 1288 3482; x_wconf 73' lang='lat' dir='ltr'><strong>potesta</strong></span> <span class='ocrx_word' id='word_1_367' title='bbox 1313 3401 1437 3482; x_wconf 88' lang='lat' dir='ltr'><strong>spiritus</strong></span> <span class='ocrx_word' id='word_1_368' title='bbox 1459 3399 1525 3479; x_wconf 88' lang='lat' dir='ltr'><strong>pati</strong></span> 
     </span>
     <span class='ocr_line' id='line_1_36' title="bbox 174 3488 1529 3572; baseline -0.001 -23"><span class='ocrx_word' id='word_1_369' title='bbox 174 3488 364 3551; x_wconf 89' lang='lat' dir='ltr'><strong>acoloribus</strong></span> <span class='ocrx_word' id='word_1_370' title='bbox 388 3499 420 3552; x_wconf 91' lang='lat' dir='ltr'><strong>et</strong></span> <span class='ocrx_word' id='word_1_371' title='bbox 444 3489 618 3562; x_wconf 88' lang='lat' dir='ltr'><strong>luminibus,</strong></span> <span class='ocrx_word' id='word_1_372' title='bbox 647 3492 878 3572; x_wconf 86' lang='lat' dir='ltr'><strong>passionemque</strong></span> <span class='ocrx_word' id='word_1_373' title='bbox 902 3491 980 3553; x_wconf 90' lang='lat' dir='ltr'><strong>hauc</strong></span> <span class='ocrx_word' id='word_1_374' title='bbox 1004 3511 1071 3553; x_wconf 87' lang='lat' dir='ltr'><strong>esse</strong></span> <span class='ocrx_word' id='word_1_375' title='bbox 1096 3493 1259 3572; x_wconf 87' lang='lat' dir='ltr'><strong>quandam,</strong></span> <span class='ocrx_word' id='word_1_376' title='bbox 1290 3500 1324 3554; x_wconf 91' lang='lat' dir='ltr'><strong>ut</strong></span> <span class='ocrx_word' id='word_1_377' title='bbox 1347 3492 1392 3553; x_wconf 88' lang='lat' dir='ltr'><strong>ita</strong></span> <span class='ocrx_word' id='word_1_378' title='bbox 1422 3489 1529 3560; x_wconf 88' lang='lat' dir='ltr'><strong>dicam,</strong></span> 
     </span>
     <span class='ocr_line' id='line_1_37' title="bbox 173 3577 1530 3661; baseline -0.001 -23"><span class='ocrx_word' id='word_1_379' title='bbox 173 3577 387 3641; x_wconf 85' lang='lat' dir='ltr'><strong>celerationem</strong></span> <span class='ocrx_word' id='word_1_380' title='bbox 402 3586 435 3640; x_wconf 91' lang='lat' dir='ltr'><strong>et</strong></span> <span class='ocrx_word' id='word_1_381' title='bbox 448 3579 689 3642; x_wconf 86' lang='lat' dir='ltr'><strong>illustrationem.</strong></span> <span class='ocrx_word' id='word_1_382' title='bbox 727 3580 806 3642; x_wconf 88' lang='lat' dir='ltr'><strong>Nam</strong></span> <span class='ocrx_word' id='word_1_383' title='bbox 820 3580 998 3642; x_wconf 87' lang='lat' dir='ltr'><strong>residentia</strong></span> <span class='ocrx_word' id='word_1_384' title='bbox 1014 3582 1081 3644; x_wconf 90' lang='lat' dir='ltr'><strong>visu</strong></span> <span class='ocrx_word' id='word_1_385' title='bbox 1095 3582 1212 3661; x_wconf 88' lang='lat' dir='ltr'><strong>species</strong></span> <span class='ocrx_word' id='word_1_386' title='bbox 1228 3581 1382 3642; x_wconf 89' lang='lat' dir='ltr'><strong>fortiorum</strong></span> <span class='ocrx_word' id='word_1_387' title='bbox 1398 3579 1530 3640; x_wconf 90' lang='lat' dir='ltr'><strong>colorum</strong></span> 
     </span>
     <span class='ocr_line' id='line_1_38' title="bbox 172 3666 1528 3748; baseline -0.003 -20"><span class='ocrx_word' id='word_1_388' title='bbox 172 3675 243 3746; x_wconf 87' lang='lat' dir='ltr'><strong>post</strong></span> <span class='ocrx_word' id='word_1_389' title='bbox 266 3667 406 3729; x_wconf 87' lang='lat' dir='ltr'><strong>intuitum</strong></span> <span class='ocrx_word' id='word_1_390' title='bbox 431 3667 554 3740; x_wconf 75' lang='lat' dir='ltr'><strong>factum</strong></span> <span class='ocrx_word' id='word_1_391' title='bbox 579 3676 612 3730; x_wconf 92' lang='lat' dir='ltr'><strong>et</strong></span> <span class='ocrx_word' id='word_1_392' title='bbox 632 3669 798 3731; x_wconf 89' lang='lat' dir='ltr'><strong>miscentur</strong></span> <span class='ocrx_word' id='word_1_393' title='bbox 820 3667 969 3732; x_wconf 89' lang='lat' dir='ltr'><strong>coloribus</strong></span> <span class='ocrx_word' id='word_1_394' title='bbox 993 3689 1011 3730; x_wconf 91' lang='lat' dir='ltr'><strong>a</strong></span> <span class='ocrx_word' id='word_1_395' title='bbox 1035 3689 1112 3731; x_wconf 92' lang='lat' dir='ltr'><strong>novo</strong></span> <span class='ocrx_word' id='word_1_396' title='bbox 1136 3669 1244 3732; x_wconf 90' lang='lat' dir='ltr'><strong>intuitu</strong></span> <span class='ocrx_word' id='word_1_397' title='bbox 1268 3668 1423 3748; x_wconf 88' lang='lat' dir='ltr'><strong>impressis</strong></span> <span class='ocrx_word' id='word_1_398' title='bbox 1438 3666 1528 3745; x_wconf 89' lang='lat' dir='ltr'><strong>fitque</strong></span> 
     </span>
     <span class='ocr_line' id='line_1_39' title="bbox 174 3751 1529 3839; baseline -0.004 -22"><span class='ocrx_word' id='word_1_399' title='bbox 174 3756 314 3818; x_wconf 89' lang='lat' dir='ltr'><strong>confusus</strong></span> <span class='ocrx_word' id='word_1_400' title='bbox 338 3775 375 3818; x_wconf 84' lang='lat' dir='ltr'><strong>ex</strong></span> <span class='ocrx_word' id='word_1_401' title='bbox 391 3765 515 3836; x_wconf 91' lang='lat' dir='ltr'><strong>utroque</strong></span> <span class='ocrx_word' id='word_1_402' title='bbox 530 3758 620 3819; x_wconf 92' lang='lat' dir='ltr'><strong>color.</strong></span> <span class='ocrx_word' id='word_1_403' title='bbox 640 3757 726 3818; x_wconf 86' lang='lat' dir='ltr'><strong>Haeo</strong></span> <span class='ocrx_word' id='word_1_404' title='bbox 749 3758 866 3838; x_wconf 88' lang='lat' dir='ltr'><strong>species</strong></span> <span class='ocrx_word' id='word_1_405' title='bbox 881 3758 1060 3839; x_wconf 88' lang='lat' dir='ltr'><strong>separabilis</strong></span> <span class='ocrx_word' id='word_1_406' title='bbox 1081 3779 1099 3818; x_wconf 92' lang='lat' dir='ltr'><strong>a</strong></span> <span class='ocrx_word' id='word_1_407' title='bbox 1117 3757 1290 3839; x_wconf 87' lang='lat' dir='ltr'><strong>praesentia</strong></span> <span class='ocrx_word' id='word_1_408' title='bbox 1302 3758 1345 3818; x_wconf 87' lang='lat' dir='ltr'><strong>rei</strong></span> <span class='ocrx_word' id='word_1_409' title='bbox 1360 3756 1443 3817; x_wconf 88' lang='lat' dir='ltr'><strong>visae</strong></span> <span class='ocrx_word' id='word_1_410' title='bbox 1463 3751 1529 3814; x_wconf 84' lang='lat' dir='ltr'><strong>exi-</strong></span> 
     </span>
    </p>
   </div>
   <div class='ocr_carea' id='block_1_3' title="bbox 175 3839 1532 4190">
    <p class='ocr_par' dir='ltr' id='par_1_3' title="bbox 175 3839 1532 4190">
     <span class='ocr_line' id='line_1_40' title="bbox 175 3839 1529 3927; baseline -0.002 -23"><span class='ocrx_word' id='word_1_411' title='bbox 175 3852 258 3907; x_wconf 89' lang='lat' dir='ltr'><strong>stens</strong></span> <span class='ocrx_word' id='word_1_412' title='bbox 273 3863 331 3906; x_wconf 92' lang='lat' dir='ltr'><strong>uon</strong></span> <span class='ocrx_word' id='word_1_413' title='bbox 355 3852 404 3906; x_wconf 87' lang='lat' dir='ltr'><strong>est</strong></span> <span class='ocrx_word' id='word_1_414' title='bbox 426 3845 456 3906; x_wconf 91' lang='lat' dir='ltr'><strong>in</strong></span> <span class='ocrx_word' id='word_1_415' title='bbox 469 3845 641 3910; x_wconf 86' lang='lat' dir='ltr'><strong>humoribus</strong></span> <span class='ocrx_word' id='word_1_416' title='bbox 664 3854 717 3908; x_wconf 89' lang='lat' dir='ltr'><strong>aut</strong></span> <span class='ocrx_word' id='word_1_417' title='bbox 731 3839 850 3916; x_wconf 86' lang='lat' dir='ltr'><strong>tunicis,</strong></span> <span class='ocrx_word' id='word_1_418' title='bbox 875 3857 907 3908; x_wconf 90' lang='lat' dir='ltr'><strong>ut</strong></span> <span class='ocrx_word' id='word_1_419' title='bbox 931 3865 1023 3927; x_wconf 89' lang='lat' dir='ltr'><strong>supra</strong></span> <span class='ocrx_word' id='word_1_420' title='bbox 1035 3847 1212 3926; x_wconf 84' lang='lat' dir='ltr'><strong>probatum:</strong></span> <span class='ocrx_word' id='word_1_421' title='bbox 1238 3864 1310 3926; x_wconf 88' lang='lat' dir='ltr'><strong>crgo</strong></span> <span class='ocrx_word' id='word_1_422' title='bbox 1325 3845 1354 3908; x_wconf 92' lang='lat' dir='ltr'><strong>in</strong></span> <span class='ocrx_word' id='word_1_423' title='bbox 1374 3841 1529 3924; x_wconf 88' lang='lat' dir='ltr'><strong>spiritibus</strong></span> 
     </span>
     <span class='ocr_line' id='line_1_41' title="bbox 175 3930 1532 4020; baseline -0.004 -27"><span class='ocrx_word' id='word_1_424' title='bbox 175 3941 206 3994; x_wconf 88' lang='lat' dir='ltr'><strong>et</strong></span> <span class='ocrx_word' id='word_1_425' title='bbox 223 3949 278 4012; x_wconf 88' lang='lat' dir='ltr'><strong>per</strong></span> <span class='ocrx_word' id='word_1_426' title='bbox 300 3933 377 3995; x_wconf 89' lang='lat' dir='ltr'><strong>haue</strong></span> <span class='ocrx_word' id='word_1_427' title='bbox 397 3934 622 4012; x_wconf 83' lang='lat' dir='ltr'><strong>impressionem</strong></span> <span class='ocrx_word' id='word_1_428' title='bbox 638 3936 804 4014; x_wconf 89' lang='lat' dir='ltr'><strong>specierum</strong></span> <span class='ocrx_word' id='word_1_429' title='bbox 828 3935 857 3996; x_wconf 92' lang='lat' dir='ltr'><strong>in</strong></span> <span class='ocrx_word' id='word_1_430' title='bbox 882 3937 1005 4020; x_wconf 87' lang='lat' dir='ltr'><strong>spiritus</strong></span> <span class='ocrx_word' id='word_1_431' title='bbox 1029 3937 1064 3998; x_wconf 86' lang='lat' dir='ltr'><strong>fit</strong></span> <span class='ocrx_word' id='word_1_432' title='bbox 1077 3935 1164 3997; x_wconf 91' lang='lat' dir='ltr'><strong>visio.</strong></span> <span class='ocrx_word' id='word_1_433' title='bbox 1197 3932 1360 4013; x_wconf 89' lang='lat' dir='ltr'><strong>Impressio</strong></span> <span class='ocrx_word' id='word_1_434' title='bbox 1374 3950 1446 3993; x_wconf 91' lang='lat' dir='ltr'><strong>vero</strong></span> <span class='ocrx_word' id='word_1_435' title='bbox 1466 3930 1532 4009; x_wconf 89' lang='lat' dir='ltr'><strong>ipsa</strong></span> 
     </span>
     <span class='ocr_line' id='line_1_42' title="bbox 176 4017 1529 4106; baseline -0.003 -24"><span class='ocrx_word' id='word_1_436' title='bbox 176 4039 231 4083; x_wconf 92' lang='lat' dir='ltr'><strong>non</strong></span> <span class='ocrx_word' id='word_1_437' title='bbox 257 4030 305 4082; x_wconf 83' lang='lat' dir='ltr'><strong>est</strong></span> <span class='ocrx_word' id='word_1_438' title='bbox 328 4021 445 4102; x_wconf 86' lang='lat' dir='ltr'><strong>optice,</strong></span> <span class='ocrx_word' id='word_1_439' title='bbox 470 4022 524 4085; x_wconf 86' lang='lat' dir='ltr'><strong>sed</strong></span> <span class='ocrx_word' id='word_1_440' title='bbox 548 4023 674 4106; x_wconf 85' lang='lat' dir='ltr'><strong>physica</strong></span> <span class='ocrx_word' id='word_1_441' title='bbox 697 4032 728 4084; x_wconf 91' lang='lat' dir='ltr'><strong>et</strong></span> <span class='ocrx_word' id='word_1_442' title='bbox 761 4025 956 4087; x_wconf 86' lang='lat' dir='ltr'><strong>admirabilis.</strong></span> <span class='ocrx_word' id='word_1_443' title='bbox 1004 4023 1065 4086; x_wconf 86' lang='lat' dir='ltr'><strong>Sed</strong></span> <span class='ocrx_word' id='word_1_444' title='bbox 1096 4025 1170 4086; x_wconf 86' lang='lat' dir='ltr'><strong>haec</strong></span> <span class='ocrx_word' id='word_1_445' title='bbox 1203 4023 1311 4084; x_wconf 88' lang='lat' dir='ltr'><strong>obiter.</strong></span> <span class='ocrx_word' id='word_1_446' title='bbox 1358 4021 1464 4084; x_wconf 86' lang='lat' dir='ltr'><strong>Redeo</strong></span> <span class='ocrx_word' id='word_1_447' title='bbox 1489 4017 1529 4078; x_wconf 91' lang='lat' dir='ltr'><strong>ad</strong></span> 
     </span>
     <span class='ocr_line' id='line_1_43' title="bbox 176 4111 749 4190; baseline 0.007 -20"><span class='ocrx_word' id='word_1_448' title='bbox 176 4111 382 4190; x_wconf 83' lang='lat' dir='ltr'><strong>explicandum</strong></span> <span class='ocrx_word' id='word_1_449' title='bbox 406 4111 530 4173; x_wconf 84' lang='lat' dir='ltr'><strong>visionis</strong></span> <span class='ocrx_word' id='word_1_450' title='bbox 553 4111 749 4187; x_wconf 80' lang='lat' dir='ltr'><strong>modum.**)</strong></span> 
     </span>
    </p>
   </div>
   <div class='ocr_carea' id='block_1_4' title="bbox 180 4345 1552 4904">
    <p class='ocr_par' dir='ltr' id='par_1_4' title="bbox 180 4345 1552 4581">
     <span class='ocr_line' id='line_1_44' title="bbox 264 4345 1531 4425; baseline -0.003 -19"><span class='ocrx_word' id='word_1_451' title='bbox 264 4345 294 4420; x_wconf 67' lang='lat'><strong>¹³)</strong></span> <span class='ocrx_word' id='word_1_452' title='bbox 315 4353 354 4406; x_wconf 88' lang='lat' dir='ltr'><strong>Et</strong></span> <span class='ocrx_word' id='word_1_453' title='bbox 373 4357 468 4406; x_wconf 84' lang='lat' dir='ltr'><strong>temen</strong></span> <span class='ocrx_word' id='word_1_454' title='bbox 493 4369 545 4422; x_wconf 87' lang='lat' dir='ltr'><strong>pcr</strong></span> <span class='ocrx_word' id='word_1_455' title='bbox 572 4355 646 4408; x_wconf 90' lang='lat' dir='ltr'><strong>buno</strong></span> <span class='ocrx_word' id='word_1_456' title='bbox 666 4355 697 4410; x_wconf 83' lang='lat' dir='ltr'><strong>fit</strong></span> <span class='ocrx_word' id='word_1_457' title='bbox 717 4355 804 4416; x_wconf 82' lang='lat' dir='ltr'><strong>risio,</strong></span> <span class='ocrx_word' id='word_1_458' title='bbox 836 4370 929 4425; x_wconf 85' lang='lat' dir='ltr'><strong>aqua</strong></span> <span class='ocrx_word' id='word_1_459' title='bbox 959 4353 1064 4425; x_wconf 81' lang='lat' dir='ltr'><strong>optines</strong></span> <span class='ocrx_word' id='word_1_460' title='bbox 1091 4372 1146 4408; x_wconf 82' lang='lat' dir='ltr'><strong>vox</strong></span> <span class='ocrx_word' id='word_1_461' title='bbox 1174 4351 1332 4406; x_wconf 84' lang='lat' dir='ltr'><strong>deseendit:</strong></span> <span class='ocrx_word' id='word_1_462' title='bbox 1366 4351 1459 4420; x_wconf 86' lang='lat' dir='ltr'><strong>itaque</strong></span> <span class='ocrx_word' id='word_1_463' title='bbox 1480 4366 1531 4419; x_wconf 88' lang='lat' dir='ltr'><strong>per</strong></span> 
     </span>
     <span class='ocr_line' id='line_1_45' title="bbox 180 4429 1531 4504; baseline 0.001 -22"><span class='ocrx_word' id='word_1_464' title='bbox 180 4430 304 4500; x_wconf 75' lang='lat' dir='ltr'><strong>injuriam</strong></span> <span class='ocrx_word' id='word_1_465' title='bbox 324 4433 432 4502; x_wconf 88' lang='lat' dir='ltr'><strong>quidem</strong></span> <span class='ocrx_word' id='word_1_466' title='bbox 453 4449 490 4486; x_wconf 85' lang='lat' dir='ltr'><strong>ex</strong></span> <span class='ocrx_word' id='word_1_467' title='bbox 511 4433 605 4502; x_wconf 88' lang='lat' dir='ltr'><strong>optice</strong></span> <span class='ocrx_word' id='word_1_468' title='bbox 631 4435 756 4504; x_wconf 84' lang='lat' dir='ltr'><strong>ejicitur,</strong></span> <span class='ocrx_word' id='word_1_469' title='bbox 778 4433 843 4503; x_wconf 88' lang='lat' dir='ltr'><strong>quia</strong></span> <span class='ocrx_word' id='word_1_470' title='bbox 862 4451 913 4504; x_wconf 87' lang='lat' dir='ltr'><strong>per</strong></span> <span class='ocrx_word' id='word_1_471' title='bbox 933 4441 1046 4488; x_wconf 84' lang='lat' dir='ltr'><strong>nostrae</strong></span> <span class='ocrx_word' id='word_1_472' title='bbox 1072 4433 1205 4493; x_wconf 85' lang='lat' dir='ltr'><strong>scientiae</strong></span> <span class='ocrx_word' id='word_1_473' title='bbox 1231 4437 1390 4502; x_wconf 84' lang='lat' dir='ltr'><strong>egestatem</strong></span> <span class='ocrx_word' id='word_1_474' title='bbox 1416 4429 1531 4484; x_wconf 90' lang='lat' dir='ltr'><strong>tolerari</strong></span> 
     </span>
     <span class='ocr_line' id='line_1_46' title="bbox 180 4509 1552 4581; baseline 0.001 -18"><span class='ocrx_word' id='word_1_475' title='bbox 180 4509 204 4564; x_wconf 90' lang='lat' dir='ltr'><strong>in</strong></span> <span class='ocrx_word' id='word_1_476' title='bbox 224 4512 318 4581; x_wconf 79' lang='lat' dir='ltr'><strong>optice</strong></span> <span class='ocrx_word' id='word_1_477' title='bbox 337 4529 392 4567; x_wconf 88' lang='lat' dir='ltr'><strong>non</strong></span> <span class='ocrx_word' id='word_1_478' title='bbox 413 4518 516 4581; x_wconf 89' lang='lat' dir='ltr'><strong>potest.</strong></span> <span class='ocrx_word' id='word_1_479' title='bbox 530 4513 566 4578; x_wconf 74' lang='lat'><strong>⁴⁸)</strong></span> <span class='ocrx_word' id='word_1_480' title='bbox 1549 4527 1552 4536; x_wconf 88' lang='lat'><em>·</em></span> 
     </span>
    </p>

    <p class='ocr_par' dir='ltr' id='par_1_5' title="bbox 180 4589 1531 4904">
     <span class='ocr_line' id='line_1_47' title="bbox 263 4589 1531 4665; baseline -0.002 -19"><span class='ocrx_word' id='word_1_481' title='bbox 263 4589 302 4656; x_wconf 69' lang='lat' dir='ltr'><strong>”l</strong></span> <span class='ocrx_word' id='word_1_482' title='bbox 325 4591 551 4647; x_wconf 80' lang='lat' dir='ltr'><strong>Considerati&#39;one</strong></span> <span class='ocrx_word' id='word_1_483' title='bbox 572 4591 760 4664; x_wconf 85' lang='lat' dir='ltr'><strong>dignissimum</strong></span> <span class='ocrx_word' id='word_1_484' title='bbox 781 4597 832 4656; x_wconf 85' lang='lat' dir='ltr'><strong>est,</strong></span> <span class='ocrx_word' id='word_1_485' title='bbox 858 4595 928 4665; x_wconf 90' lang='lat' dir='ltr'><strong>quod</strong></span> <span class='ocrx_word' id='word_1_486' title='bbox 950 4594 1014 4649; x_wconf 88' lang='lat' dir='ltr'><strong>olim</strong></span> <span class='ocrx_word' id='word_1_487' title='bbox 1036 4592 1241 4661; x_wconf 84' lang='lat' dir='ltr'><strong>Heidelbergae</strong></span> <span class='ocrx_word' id='word_1_488' title='bbox 1263 4591 1414 4661; x_wconf 85' lang='lat' dir='ltr'><strong>contigisse</strong></span> <span class='ocrx_word' id='word_1_489' title='bbox 1435 4591 1473 4643; x_wconf 86' lang='lat' dir='ltr'><strong>bl.</strong></span> <span class='ocrx_word' id='word_1_490' title='bbox 1495 4589 1531 4643; x_wconf 89' lang='lat' dir='ltr'><strong>D.</strong></span> 
     </span>
     <span class='ocr_line' id='line_1_48' title="bbox 180 4669 1531 4744; baseline 0.002 -23"><span class='ocrx_word' id='word_1_491' title='bbox 180 4669 337 4726; x_wconf 82' lang='lat' dir='ltr'><strong>Matthaeus</strong></span> <span class='ocrx_word' id='word_1_492' title='bbox 358 4671 533 4744; x_wconf 86' lang='lat' dir='ltr'><strong>Wagger,</strong></span> <span class='ocrx_word' id='word_1_493' title='bbox 556 4672 672 4728; x_wconf 81' lang='lat' dir='ltr'><strong>Caesari</strong></span> <span class='ocrx_word' id='word_1_494' title='bbox 692 4689 710 4726; x_wconf 81' lang='lat' dir='ltr'><strong>a</strong></span> <span class='ocrx_word' id='word_1_495' title='bbox 731 4671 850 4727; x_wconf 87' lang='lat' dir='ltr'><strong>consiliis</strong></span> <span class='ocrx_word' id='word_1_496' title='bbox 872 4675 954 4728; x_wconf 86' lang='lat' dir='ltr'><strong>aulae</strong></span> <span class='ocrx_word' id='word_1_497' title='bbox 978 4671 1136 4743; x_wconf 88' lang='lat' dir='ltr'><strong>imperialis,</strong></span> <span class='ocrx_word' id='word_1_498' title='bbox 1159 4671 1225 4724; x_wconf 89' lang='lat' dir='ltr'><strong>mihi</strong></span> <span class='ocrx_word' id='word_1_499' title='bbox 1247 4671 1378 4726; x_wconf 77' lang='lat' dir='ltr'><strong>nanuvit.</strong></span> <span class='ocrx_word' id='word_1_500' title='bbox 1416 4669 1531 4734; x_wconf 82' lang='lat' dir='ltr'><strong>Quidam</strong></span> 
     </span>
     <span class='ocr_line' id='line_1_49' title="bbox 180 4751 1531 4823; baseline -0.001 -20"><span class='ocrx_word' id='word_1_501' title='bbox 180 4751 255 4806; x_wconf 80' lang='lat' dir='ltr'><strong>uado</strong></span> <span class='ocrx_word' id='word_1_502' title='bbox 275 4753 365 4806; x_wconf 88' lang='lat' dir='ltr'><strong>altero</strong></span> <span class='ocrx_word' id='word_1_503' title='bbox 387 4751 501 4814; x_wconf 73' lang='lat' dir='ltr'><strong>unisse,</strong></span> <span class='ocrx_word' id='word_1_504' title='bbox 533 4752 624 4807; x_wconf 87' lang='lat' dir='ltr'><strong>altero</strong></span> <span class='ocrx_word' id='word_1_505' title='bbox 645 4753 716 4807; x_wconf 83' lang='lat' dir='ltr'><strong>forts</strong></span> <span class='ocrx_word' id='word_1_506' title='bbox 738 4769 834 4808; x_wconf 88' lang='lat' dir='ltr'><strong>manus</strong></span> <span class='ocrx_word' id='word_1_507' title='bbox 863 4755 959 4823; x_wconf 84' lang='lat' dir='ltr'><strong>palma</strong></span> <span class='ocrx_word' id='word_1_508' title='bbox 986 4759 1061 4808; x_wconf 88' lang='lat' dir='ltr'><strong>tecto</strong></span> <span class='ocrx_word' id='word_1_509' title='bbox 1093 4751 1305 4814; x_wconf 83' lang='lat' dir='ltr'><strong>animadvertit,</strong></span> <span class='ocrx_word' id='word_1_510' title='bbox 1335 4751 1358 4804; x_wconf 88' lang='lat' dir='ltr'><strong>si</strong></span> <span class='ocrx_word' id='word_1_511' title='bbox 1384 4751 1531 4820; x_wconf 83' lang='lat' dir='ltr'><strong>splendens</strong></span> 
     </span>
     <span class='ocr_line' id='line_1_50' title="bbox 181 4829 1531 4904; baseline -0.002 -19"><span class='ocrx_word' id='word_1_512' title='bbox 181 4829 315 4901; x_wconf 84' lang='lat' dir='ltr'><strong>quippiam</strong></span> <span class='ocrx_word' id='word_1_513' title='bbox 335 4831 410 4886; x_wconf 89' lang='lat' dir='ltr'><strong>infra</strong></span> <span class='ocrx_word' id='word_1_514' title='bbox 431 4847 513 4886; x_wconf 72' lang='lat' dir='ltr'><strong>narm</strong></span> <span class='ocrx_word' id='word_1_515' title='bbox 535 4834 662 4896; x_wconf 84' lang='lat' dir='ltr'><strong>sisteret,</strong></span> <span class='ocrx_word' id='word_1_516' title='bbox 694 4835 867 4904; x_wconf 87' lang='lat' dir='ltr'><strong>splendorem</strong></span> <span class='ocrx_word' id='word_1_517' title='bbox 888 4851 917 4887; x_wconf 88' lang='lat' dir='ltr'><strong>se</strong></span> <span class='ocrx_word' id='word_1_518' title='bbox 946 4849 1098 4904; x_wconf 87' lang='lat' dir='ltr'><strong>agnoscere</strong></span> <span class='ocrx_word' id='word_1_519' title='bbox 1127 4839 1211 4901; x_wconf 88' lang='lat' dir='ltr'><strong>atque</strong></span> <span class='ocrx_word' id='word_1_520' title='bbox 1234 4830 1318 4885; x_wconf 87' lang='lat' dir='ltr'><strong>etiam</strong></span> <span class='ocrx_word' id='word_1_521' title='bbox 1344 4830 1531 4885; x_wconf 85' lang='lat' dir='ltr'><strong>internoscere</strong></span> 
     </span>
    </p>
   </div>
   <div class='ocr_carea' id='block_1_5' title="bbox 0 0 1851 5518">
    <p class='ocr_par' dir='ltr' id='par_1_6' title="bbox 0 0 1851 5518">
     <span class='ocr_line' id='line_1_51' title="bbox 0 0 1851 5518; baseline 0 0"><span class='ocrx_word' id='word_1_522' title='bbox 0 0 1851 5518; x_wconf 95' lang='lat' dir='ltr'><strong> </strong></span> 
     </span>
    </p>
   </div>
  </div>
 </body>
</html>
