3476 5532
344 247 347 258 Ι
445 321 449 332 .
492 303 700 373 immamus
719 305 998 374 nomas-uam
1353 299 1418 372 285

66 477 284 548 nou-deponis.
312 482 356 536 aad
380 481 551 547 Aremodsni)
579 489 606 536 et
631 485 680 551 qni,
700 483 832 552 aliquande
849 483 895 536 tibl
917 483 1046 538 urebatur
1069 480 1221 542 Memno.
1247 481 1343 536 morht
1362 483 1419 536 'has

65 551 185 606 matulae·
222 552 271 604 Sed
298 555 329 604 de
346 553 385 606 hle
409 555 481 606 alian
519 555 591 608 Certe
617 557 696 608 multa
722 558 748 608 iu
776 564 867 608 namra
891 561 966 614 runt.
993 555 1023 612 de
1048 555 1134 622 quihus
1161 569 1208 608 nec
1230 569 1275 606 nos
1303 569 1352 607 nso
1375 555 1419 608 alil

8 737 12 745 .
68 625 417 748 mmmfflss'h'fffl
431 624 590 762 niihil}
602 627 675 748 ῗοῆ
687 623 857 764 fflspffi'offl
870 623 1018 764 mne
1034 697 1126 752 rtem.
1141 709 1204 763 qua
1218 711 1296 762 aaa·
1309 711 1340 750 ω
1353 673 1419 750 aaa

71 769 163 832 pucros
174 767 318 832 deperditas
335 775 401 826 rant.
419 769 484 821 haec
501 769 595 822 habm
611 769 660 821 hue
678 770 825 823 referenda:
844 769 950 820 (lahlsel
969 771 1095 834 scriptum,
1113 769 1178 835 qnod
1195 769 1284 820 Italiac
1301 769 1419 822 idiomate

68 840 157 892 editum
174 839 260 890 scribis
279 837 380 902 (latoria
391 851 406 892 t
418 839 607 892 Dimoetratiml
624 843 721 894 intorno
739 841 787 893 alle
805 841 919 894 machia
936 841 1010 892 soleri
1022 837 1091 903 de).
1110 847 1221 906 optarem
1231 839 1324 896 hanno
1342 843 1419 894 etiam

65 911 188 980 prodiisse.
207 911 353 975 praesertim
370 911 430 962 siin
443 927 472 964 so
484 918 513 964 nt
528 913 589 964 dicia
607 927 682 964 ornus
697 914 781 966 tulerit
798 920 925 980 punctum·
953 912 1032 965 Doleo
1050 919 1145 970 aulem.
1163 911 1222 962 nihl
1240 910 1334 964 nullum
1352 915 1418 976 eine

65 983 128 1033 nnodi
146 981 283 1046 perlectum
300 982 466 1048 perrplolllum
484 985 624 1050 obtingere,
650 1000 697 1052 quo
715 985 755 1035 vel
773 1000 864 1044 mum,
891 984 983 1036 nedum
1001 984 1171 1050 ornnesloris
1197 981 1318 1035 ratallites
1337 983 1419 1036 ridere

67 1053 181 1113 suleam3
200 1053 236 1118 nhc
254 1054 331 1104 etiam
348 1067 393 1120 per
409 1061 524 1108 uentrnrn
542 1069 651 1107 meorum
668 1056 860 1122 perspicillorum
874 1055 997 1108 Venerem
1016 1055 1193 1107 corniculatam
1211 1053 1293 1106 ridere
1311 1069 1419 1118 possum,

64 1125 122 1176 hcet
138 1123 294 1190 nnpsrlsnte
311 1128 366 1190 elna
385 1139 500 1178 munna
517 1125 641 1180 hellacnru
659 1127 728 1179 coelo
746 1127 818 1180 valde
830 1142 917 1179 sereno
935 1127 1020 1178 sedulo
1039 1142 1095 1179 eene
1107 1127 1195 1178 luerim
1212 1127 1324 1183 intuitus.
1351 1126 1418 1187 Quid

62 1200 114 1262 lam
130 1197 157 1266 in
174 1201 230 1248 ertu
246 1195 342 1248 heisco
363 1196 471 1248 luuram
488 1199 521 1250 rit
543 1201 644 1258 numne
669 1199 791 1252 hortanus
815 1201 879 1250 atris
905 1199 1066 1250 inelementia
1090 1197 1193 1250 obstitit.
1239 1198 1295 1264 Ago
1321 1199 1417 1262 gratias

65 1268 95 1320 de
113 1258 281 1319 admonitione
299 1268 495 1321 obenadouum
512 1273 593 1338 magis
612 1271 795 1322 commodarum
812 1272 838 1322 in
851 1270 922 1324 Soleo
944 1270 1047 1322 Dirsotu
1064 1271 1134 1322 radio
1147 1269 1270 1322 meeum
1288 1268 1418 1334 aliquoties

63 1339 98 1390 lul
114 1353 181 1400 naus,
197 1339 298 1404 saepius
315 1345 400 1391 umen
418 1337 465 1392 Sol
486 1343 566 1392 oriens
593 1343 672 1394 ulrnla
694 1342 809 1394 claritate
837 1343 1032 1394 obsemeouem
1058 1341 1201 1407 prohibuit,
1225 1339 1266 1392 De
1292 1352 1336 1390 orn
1354 1337 1417 1390 Solis

63 1411 142 1462 melae
157 1411 238 1476 napis
254 1411 384 1478 magisque
400 1405 488 1469 miror.
515 1425 571 1464 curn
588 1415 734 1478 praesertim
759 1415 909 1466 eminentiae
928 1419 954 1464 et
971 1413 1053 1464 hiatus
1071 1428 1117 1478 per
1134 1413 1231 1463 divana
1252 1411 1417 1462 iustrumenta

63 1488 90 1534 st
106 1496 124 1533 a
137 1481 241 1532 drusio
258 1484 368 1547 personis
384 1483 445 1534 mihi
463 1484 594 1552 obtingunt
617 1487 709 1550 pariter
726 1500 754 1538 se
771 1485 872 1536 habam.
908 1484 975 1536 Nam
999 1485 1074 1551 igitur
1097 1485 1140 1538 rel
1161 1485 1216 1534 ritrl
1234 1482 1279 1533 rel·
1291 1482 1417 1533 semorum

63 1554 120 1606 vitio
137 1552 163 1604 id
180 1553 234 1614 liat,
253 1568 304 1604 non
315 1567 401 1618 parm
420 1555 512 1606 dubito
526 1579 561 1594 -
579 1557 650 1609 llaec
668 1555 823 1616 Maesdlnna.
849 1557 878 1608 ln
891 1555 1045 1621 prasisdoue
1062 1556 1096 1608 ad
1107 1553 1284 1621 Epheurerldes
1296 1567 1320 1604 a
1336 1551 1416 1606 itit.

67 1622 158 1689 (comp.
177 1639 202 1690 p.
222 1621 282 1700 idi.
302 1621 366 1689 ⁷75)
384 1625 450 1678 leaeo
468 1627 499 1678 de
517 1626 581 1680 Solii
598 1629 702 1682 manha
721 1628 844 1694 Keplernr
861 1627 983 1680 neuneu
1002 1628 1140 1686 Fabricium
1158 1627 1279 1680 allocutus
1296 1624 1385 1678 affert:

151 1709 236 1786 Quae
264 1715 312 1790 de,
332 1722 412 1778 ortu
435 1725 661 1782 cometarum
683 1719 877 1792 aethereo,
902 1717 1031 1780 stellis
1053 1717 1174 1792 novis,
1199 1717 1325 1780 lactea
1346 1713 1415 1792 via,

63 1802 294 1868 'satellitibus
329 1803 449 1880 Jovia,
487 1806 529 1869 de
565 1801 669 1870 L'uua
713 1817 853 1882 terrea,
893 1807 1039 1870 Venere
1082 1804 1329 1880 corniculata,
1374 1804 1415 1868 de

63 1891 367 1980 reductionibus!
391 1894 608 1960 altitudinis
636 1891 972 1960 nubium'metiendae
995 1895 1128 1970 ratione,
1153 1895 1190 1957 de
1214 1901 1313 1964 motu
1335 1911 1416 1974 per·
1448 1965 1453 1970 ,

62 1989 172 2063 petuo
195 1981 328 2045 Drebelii
350 1983 465 2064 Belgae
488 1984 660 2068 musiceque
684 1986 818 2066 ejusdem
842 1991 997 2049 autometo
1017 2017 1059 2028 —
1079 2004 1117 2047 ea
1138 1981 1299 2048 brevitatis
1322 1999 1418 2046 cansa

62 2091 122 2134 uua
145 2089 218 2134 voce
241 2071 432 2136 transmitto:
457 2075 608 2155 approbo;
632 2073 763 2138 disertus
787 2095 830 2146 ee.
854 2074 1016 2155 applaudo.
1062 2074 1141 2138 Dum
1164 2091 1235 2136 vero
1259 2069 1321 2146 ais,
1345 2091 1414 2134 esse

61 2159 200 2242 Lynceos
223 2159 273 2240 qni
303 2161 466 2224 homines
490 2171 522 2226 et
545 2163 722 2227 animalia
752 2164 787 2226 in
810 2163 940 2228 Lunae
972 2163 1083 2244 globo
1114 2163 1223 2242 degere
1255 2161 1416 2235 affirment.

62 2249 122 2312 etsi
144 2249 175 2311 vi
196 2249 334 2312 vocabuli
364 2251 497 2315 subsnmi
526 2261 647 2333 potest,
681 2251 777 2316 videri
799 2251 829 2316 in
859 2273 897 2315 ea
923 2252 1060 2316 homiues
1092 2252 1200 2333 qnippe
1232 2250 1416 2333 aLynceis,

61 2339 132 2420 quia
155 2346 254 2402 tamen
278 2338 390 2404 nullum
421 2341 492 2410 novi
521 2343 572 2424 qui
599 2343 657 2406 hoc
680 2343 823 2417 affirmet,
855 2359 910 2404 neo
942 2341 1034 2406 etiam
1057 2361 1093 2404 eo
1115 2342 1210 2422 us'qne
1233 2359 1266 2402 ae
1288 2339 1418 2420 porrigit

60 2427 217 2492 subtilitas
241 2428 411 2510 telescopii‚
445 2429 514 2494 hinc
537 2450 629 2512 cogor
656 2429 820 2512 auspicari,
852 2429 1044 2511 perstrictam
1068 2449 1136 2494 esse
1161 2428 1417 2493 Dissertatiouem

59 2537 158 2582 meam
180 2536 246 2580 cum
269 2517 385 2580 Nuncic
409 2515 537 2580 Sidereo
557 2526 593 2594 (p.
613 2525 687 2591 497).
732 2519 829 2600 Atqui
852 2538 910 2583 uon
941 2519 1107 2595 affirmavi,
1136 2537 1184 2582 ure
1213 2518 1290 2582 talia
1311 2517 1416 2580 videre

60 2608 185 2680 minuta,
209 2605 263 2668 sed
286 2606 394 2681 exiis,
419 2625 494 2688 qnae
517 2608 578 2670 vidi
601 2608 768 2690 majuscula
790 2628 874 2684 sane,
898 2609 1083 2690 comparetis
1106 2627 1173 2672 cnm
1193 2606 1241 2682 iia,
1266 2625 1344 2687 qnae
1364 2605 1416 2684 hic

60 2697 89 2758 iu
114 2693 216 2758 Terris
238 2695 313 2758 liunt
335 2695 535 2760 minutissime
558 2698 643 2772 (nem
667 2716 743 2779 quae
766 2697 921 2778 proportio
944 2705 994 2760 est
1020 2697 1143 2778 aggeris
1165 2694 1415 2776 Peloponnesiaci

61 2785 101 2846 ad
125 2781 234 2846 Ossam
257 2789 311 2844 aut
332 2783 437 2848 Pelion
460 2787 633 2862 monteri),
667 2786 795 2850 undenis
817 2794 918 2850 sumta
940 2785 1159 2858 ratiocinandi,
1193 2783 1328 2866 quaesivi
1356 2783 1417 2866 joci

59 2871 196 2938 liberalis
219 2878 251 2935 st
271 2871 471 2956 philosophici
495 2875 692 2950 occasionem,
717 2883 750 2940 u't
772 2875 983 2957 praedixeram
1005 2875 1036 2942 in
1058 2874 1258 2957 praefatione.

148 2969 315 3037 Maeuiae
338 2969 440 3033 Solis
464 2991 484 3033 a
505 2972 566 3036 lilio
590 2981 642 3037 tuo
666 2974 755 3056 longe
779 2983 849 3039 ente
863 2975 1005 3057 Apellam
1026 2974 1119 3050 maes,
1144 2973 1291 3036 albarum
1312 2961 1411 3036 vindi·

59 3061 174 3124 ciarum
197 3059 325 3139 satagis,
348 3066 380 3122 et
403 3067 535 3124 testatus
558 3063 764 3144 suml’rugae
787 3065 890 3128 multis
914 3073 947 3128 et
969 3071 1067 3127 testor
1089 3064 1264 3126 etiamnum.

147 3149 215 3212 Hae
242 3147 324 3212 Solis
347 3149 483 3228 maculae
515 3152 541 3214 si
571 3154 750 3233 corpuscula
765 3161 842 3216 snut
864 3153 1027 3218 volitantia
1055 3153 1086 3216 in
1108 3151 1204 3228 inani,
1236 3156 1319 3213 certe
1354 3167 1415 3212 non

59 3249 131 3304 sunt
154 3237 213 3302 uisi
236 3237 421 3301 vicinissime
442 3237 581 3312 Soli,·ut
602 3243 696 3304 nubes
719 3243 848 3306 Terras:
873 3243 1007 3324 quidsi,
1040 3251 1075 3305 ut
1104 3241 1162 3304 hae
1193 3248 1263 3304 suut
1285 3235 1415 3319 vapores

59 3348 166 3412 aquae,
191 3326 319 3390 siciliae
339 3327 443 3409 piceae
466 3328 626 3410 fuligines?
647 3331 697 3394 An
713 3333 864 3414 pulchrior
883 3331 989 3396 allusio
1005 3329 1222 3412 Galilaei,„qni
1246 3328 1316 3392 ferri
1339 3345 1415 3391 eau-

59 3419 162 3482 deutis
185 3416 347 3480 tinctiones
372 3425 404 3480 et
426 3417 640 3485 instillationes
663 3429 816 3501 guttarum
839 3427 935 3504 aqna'e
958 3427 1012 3484 ant
1034 3439 1122 3484 cerae
1145 3419 1276 3501 profert,
1309 3417 1415 3498 quibus
1456 3483 1460 3495 ,

60 3507 177 3570 exustis
200 3513 304 3586 partes
327 3506 491 3587 adspersae
516 3509 626 3590 clarius
649 3511 783 3574 enitent:
808 3517 842 3574 nt
864 3511 984 3592 quidem
1006 3515 1153 3592 apparent
1175 3508 1268 3572 etiam
1291 3506 1323 3570 in
1342 3523 1411 3569 cor-

61 3617 135 3679 pore
160 3594 241 3659 Solis
264 3595 434 3658 flammulae
458 3604 491 3660 et
513 3597 630 3661 luculee
653 3598 796 3666 clariores
818 3601 932 3681 reliquo
955 3595 1089 3682 corpore.

152 3693 384 3758 Revolutiouem
407 3696 590 3760 macularum
613 3696 765 3764 Solarium
787 3698 899 3762 statmo
924 3696 964 3764 13
988 3697 1148 3772 mensium,
1179 3690 1302 3774 perinde
1326 3707 1362 3752 ⁸0
1389 3689 1417 3752 Βὶ
1496 3773 1501 3784 ,

62 3785 107 3848 sit
128 3783 158 3847 in
183 3782 305 3845 sothero
319 3783 455 3861 proxime
478 3787 532 3848 sub
547 3784 619 3849 Sole
636 3787 716 3851 orbis
731 3787 840 3868 aliquis
860 3788 1045 3852 cancellatus
1069 3783 1156 3866 quasi
1180 3801 1233 3844 sen
1257 3785 1417 3843 contextus

62 3873 180 3938 infinita
203 3871 385 3936 macularum
408 3871 504 3944 serie,
535 3873 582 3938 cni
604 3877 712 3940 tribuis
733 3885 847 3942 motum
870 3877 1007 3940 diurnum
1031 3871 1095 3950 57¹,
1125 3881 1157 3936 et
1179 3868 1257 3952 qnod
1281 3867 1416 3948 sequitur

60 3964 141 4039 hinc,
166 3960 365 4024 evolutionem
388 3979 442 4024 seu
464 3965 692 4042 apocatastseiu
712 3985 856 4030 annorum
876 3962 928 4030 30.
963 3964 1126 4028 Solertiam
1149 3961 1280 4041 agnosco
1304 3956 1348 4019 tui
1363 3955 1416 4028 ‚in-

59 4052 152 4134 genii,
175 4049 351 4130 diligentias
372 4068 443 4112 vero
463 4060 495 4114 et
509 4051 619 4116 laboris
634 4053 710 4116 irriti
728 4074 776 4118 me
797 4055 930 4118 miseret.
957 4054 1027 4118 Non
1042 4051 1128 4126 setis,
1142 4047 1272 4122 Fabrici,
1288 4045 1418 4110 circnm-

59 4139 191 4224 epexisti
206 4139 449 4202 circumstantias
464 4159 576 4226 omnes,
593 4141 703 4205 oblitus
718 4162 761 4218 es,
777 4151 891 4206 motum
906 4143 1087 4206 macularum
1100 4139 1130 4203 iu
1146 4137 1244 4201 medio
1255 4135 1337 4199 Solis
1347 4153 1417 4197 cor·

57 4250 134 4316 pore
148 4227 328 4294 velociorem
343 4248 420 4304 esse,
437 4247 525 4311 qnam
540 4230 569 4292 iu
583 4231 767 4311 marginibus
773 4251 783 4308 ς
806 4233 929 4296 nimium
943 4231 1041 4295 facilis
1056 4249 1089 4292 es
1109 4229 1139 4292 in
1158 4223 1416 4291 comminiscendis

60 4321 186 4385 orbibus
209 4325 240 4380 et
263 4317 340 4380 mole
363 4317 592 4402 hypothesium:
621 4320 756 4383 crebram
779 4321 857 4384 hanc
879 4321 909 4384 in
933 4321 1007 4386 meis
1031 4318 1167 4401 epistolia
1191 4316 1343 4398 querelem
1365 4313 1414 4374 iu-

61 4409 181 4474 venies:
213 4407 325 4471 famem
348 4406 378 4470 in
403 4408 612 4472 astronomicis
635 4409 851 4493 hypothesibus
880 4409 1073 4474 emendandis
1104 4409 1161 4472 boc
1193 4403 1266 4480 vitio
1299 4403 1413 4485 prosti-

61 4500 185 4564 tuimus.
231 4496 316 4560 Nihil
339 4495 387 4559 hic
410 4497 492 4561 cirta
514 4496 596 4561 Solis
620 4500 754 4562 maculas
785 4500 931 4582 reliquum
964 4499 1025 4564 tuis
1056 4498 1103 4560 rel
1134 4496 1209 4560 meis
1233 4493 1312 4558 curis
1346 4491 1419 4555 fecit

62 4584 491 4676 audacissimafialilaei
513 4587 682 4669 diligentia,
705 4588 791 4669 cujus
814 4590 959 4670 epistolas
982 4590 1022 4652 ad
1036 4587 1195 4652 Marcum
1209 4583 1418 4648 Welsernrn

61 4700 93 4762 p.
122 4695 162 4739 m.
194 4676 301 4740 Italico
333 4675 463 4758 scriptas
495 4676 640 4741 idiomate
673 4678 786 4742 suadeo
816 4701 835 4742 a
863 4679 1034 4761 bibliopolis
1063 4675 1226 4758 requisitas
1258 4673 1418 4753 diligenter

62 4768 216 4850 perleges:
242 4765 351 4847 dignae
374 4767 492 4832 omniuo
515 4760 615 4843 snut,¹
634 4785 710 4850 qnae
743 4774 775 4830 et
806 4769 899 4832 latins
922 4771 1071 4850 legantur.
1096 4799 1138 4812 -
1162 4763 1337 4827 Maculam
1360 4779 1417 4842 ego

63 4856 161 4920 visam
183 4873 237 4936 pro
251 4854 443 4921 Mercurio
466 4875 623 4940 perperam
646 4856 820 4922 venditavi?
850 4859 938 4926 Felix
960 4879 997 4923 eo
1020 4858 1097 4942 ipso,
1121 4854 1201 4939 quod
1223 4851 1338 4936 primns
1361 4850 1418 4918 hoo

145 4959 233 5012 ΒΜ
245 4961 321 5011 ⁰90¹·
341 4961 368 5004 11.
1162 4957 1207 5012 no
