3476 5532
11 2869 15 2904 l

620 301 701 354 noue
720 302 833 352 norae.
1025 319 1028 326 ·
1336 303 1402 370 329

23 477 92 540 vit;
117 495 183 532 non
206 481 322 536 multum
343 481 414 536 enlm
434 482 571 538 1166161116
597 483 893 552 erat-Neapolitanae.
934 473 1106 538 Flandricam
1134 485 1270 553 depictam
1296 485 1402 544 ridebis

26 561 58 614 in
83 559 206 629 Opticis
229 563 280 616 sub
300 579 421 632 persona
440 565 458 617 J
465 564 612 628 essenii,
634 564 729 618 addita
749 580 811 617 mea
831 563 1032 633 explicatione,
1060 565 1249 634 quemlocum
1268 565 1322 637 ipii
1343 584 1403 622 cum

28 639 208 711 gratiarum
240 642 348 698 actione
378 644 611 700 monstrabis...
648 643 805 700 Stanislaus
836 644 889 707 ait,
919 645 1007 700 visum
1037 645 1148 698 limbum
1174 645 1245 699 Solis
1274 649 1322 718 1¹l,
1346 648 1402 720 dig.

26 721 187 792 juxtaque
211 721 324 779 limbum
343 725 439 778 Lunae
459 725 626 780 albicantem
651 728 679 795 tl,
704 725 760 796 dig.
783 732 813 780 et
839 724 973 796 reliquum
999 743 1097 794 corpus
1126 726 1239 780 fuscum.
1282 732 1320 781 st
1341 729 1406 800 quia

30 802 122 856 nulla
153 810 323 867 causaest,
352 821 400 858 cur
419 805 519 858 limbus
545 807 593 860 ille
613 805 710 860 Lunae
732 803 765 871 (a
783 806 848 860 Sole
874 821 989 860 aversus
1007 815 1040 860 et
1060 808 1095 859 ad
1116 823 1165 858 nos
1183 822 1247 860 una
1266 825 1325 862 cum
1346 816 1405 864 toto

31 882 152 952 reliquo
177 883 259 936 fusco
279 885 482 953 hemisphaerio
497 881 659 955 conversus)
680 886 844 941 albicaverit
857 902 924 955 prae
945 888 1051 956 reliquo
1072 886 1293 955 hemisphaerio,
1315 889 1404 943 dicen·

33 967 103 1018 dum
127 962 249 1033 itaque,
271 965 427 1020 albedinem
452 965 528 1020 illam
549 966 619 1020 nihil
640 967 715 1020 aliud
741 967 841 1030 fuisse,
869 983 950 1036 quam
975 967 1166 1020 dilatationem
1191 983 1271 1022 arcus
1292 969 1405 1032 Solaria,

32 1045 218 1113 impressam
249 1045 359 1098 tunicae
389 1045 520 1110 risoriac,
552 1048 692 1102 confusam
718 1065 778 1102 cum
808 1046 899 1116 specie
929 1047 1050 1116 corporis
1077 1047 1185 1101 Lunae.
1224 1053 1293 1118 (061.
1316 1055 1348 1113 V,
1369 1054 1406 1118 5.)

33 1127 114 1181 Nam
138 1131 290 1194 spectator
311 1144 442 1180 converso
462 1136 562 1182 exortu
583 1128 742 1191 retiforrnis,
772 1145 825 1199 quo
846 1128 905 1180 selo
926 1129 956 1181 fit
978 1128 1082 1182 directa
1103 1127 1180 1190 risio,
1203 1130 1237 1180 ad
1259 1129 1406 1184 santionem

33 1209 146 1262 Lunae
171 1217 205 1258 et
226 1206 306 1270 Solis,
329 1225 383 1260 non
403 1213 498 1277 potest
527 1208 674 1278 prohibere
696 1209 760 1278 quin
781 1215 811 1262 et
830 1207 901 1262 Solis
923 1225 1021 1270 cornu,
1052 1211 1123 1278 quod
1144 1208 1280 1262 lateribus
1301 1210 1408 1264 retinas

35 1285 140 1355 excipi
165 1287 307 1350 debebat,
337 1287 425 1356 ipsum
446 1287 529 1342 etiam
559 1295 686 1342 exortum
713 1289 838 1351 retinae,
870 1290 916 1358 qui
938 1291 972 1342 ad
994 1289 1068 1342 aliud
1096 1289 1240 1342 ridendum
1270 1289 1408 1361 dirigitur,

37 1367 179 1422 irradiet.
226 1367 303 1428 Quae
325 1367 467 1422 irradiatio
487 1368 558 1422 Solis
588 1369 723 1423 indirecta
743 1375 772 1422 et
799 1369 945 1432 lateralis,
977 1385 1037 1422 cum
1063 1369 1099 1422 sit
1127 1367 1225 1422 fortior
1254 1370 1408 1426 radiatione

37 1449 149 1504 Lunae
185 1447 305 1510 directa,
335 1447 432 1502 visioni
461 1449 582 1504 directius
605 1467 682 1504 suam
711 1449 891 1504 radiationem
918 1450 1085 1504 albicantem
1113 1450 1301 1506 communicat.
1333 1457 1409 1520 (Vide

41 1535 197 1600 exemplum
217 1533 322 1597 06111,
341 1533 378 1596 5.)
421 1530 466 1584 lta
486 1531 561 1585 subit
589 1530 721 1594 animum,
751 1531 879 1584 an'haeo
906 1533 1002 1584 eadem
1023 1529 1059 1584 sit
1079 1547 1179 1600 passus
1201 1531 1312 1586 Clarius
1337 1549 1409 1588 anuo

45 1609 152 1680 1567„
166 1625 187 1662 a
208 1609 315 1663 clarore
336 1607 513 1664 substantiae
533 1612 682 1666 aethereae
698 1611 773 1664 circa
786 1611 893 1664 Lunam
913 1612 1002 1672 lusae,
1025 1627 1095 1681 quae
1110 1610 1266 1666 Stanislaus
1287 1629 1306 1666 a
1327 1631 1410 1668 cornu

43 1689 136 1746 Solis.
185 1689 335 1744 Confirmat
359 1691 516 1744 Stanislaus
544 1692 655 1746 mirifice
682 1691 942 1746 demonstrationem
965 1692 1029 1760 061.
1052 1693 1084 1754 V,
1107 1691 1134 1746 3.
1156 1708 1234 1761 prop.
1257 1693 1303 1748 28.
1345 1695 1411 1749 Cum

44 1771 125 1825 enim
150 1775 203 1824 aar
222 1786 276 1824 non
298 1770 334 1824 sit
354 1771 434 1824 unius
454 1771 580 1826 milliaris
602 1772 763 1836 altitudinis,
786 1771 954 1840 impossibile
975 1771 1036 1835 fuit,
1058 1778 1091 1825 ut
1111 1772 1133 1825 is
1155 1778 1217 1835 666,
1240 1774 1286 1844 qui
1308 1776 1409 1844 Hispa·

45 1853 116 1907 niae
140 1850 305 1920 superfusus
327 1858 378 1915 est,
400 1851 475 1905 risus
496 1851 534 1906 sit
548 1854 581 1906 'in
599 1853 737 1916 Flandria,
760 1855 831 1922 quod
852 1852 951 1905 luisset
971 1852 1163 1915 necessarium,
1186 1853 1295 1924 616666
1317 1855 1409 1925 splen·

49 1931 129 1986 doris
153 1932 226 1986 Solis
257 1931 329 1985 16166
349 1933 472 1996 Lunam,
503 1949 569 2002 pars
600 1932 692 1987 circuli
715 1936 751 1986 ad
780 1939 903 1986 austrum
933 1932 1072 1986 haesisset
1093 1933 1120 1986 in
1141 1933 1193 1988 hoc
1214 1935 1309 1988 humili
1338 1941 1412 1992 6166.

48 2018 95 2068 Ac
118 2019 183 2066 esto
205 2029 279 2075 sane,
301 2019 333 2066 ut
354 2013 461 2083 aliquot
481 2015 583 2068 Terrae
605 2015 752 2068 diametros
774 2019 875 2084 aequet
895 2019 945 2067 666
962 2020 1064 2076 666166,
1087 2019 1179 2068 tamen
1201 2015 1224 2067 ei
1246 2034 1299 2069 non
1320 2016 1410 2088 ipsam

49 2097 167 2149 Lunam
189 2093 311 2163 attingit,
333 2093 428 2147 hiatus
448 2095 610 2148 tenebrosus
632 2095 718 2148 multo
743 2094 880 2148 videbitur
905 2093 1022 2164 amplior
1050 2111 1163 2163 corpore
1184 2095 1280 2150 Lunae
1302 2090 1410 2168 (posita

50 2177 141 2230 Luna
163 2173 266 2242 majore
288 2191 368 2244 quam
389 2169 476 2243 Sole).
520 2175 656 2229 Concludo
683 2192 764 2246 ergo,
791 2175 976 2229 substantiam
999 2175 1171 2239 aetheream,
1199 2175 1228 2229 in
1249 2193 1304 2248 qua
1323 2177 1412 2242 Luna,

53 2254 227 2309 crassiorem
247 2271 308 2307 esse
329 2255 464 2310 interdum
484 2263 516 2310 ut
537 2272 608 2310 anua
633 2257 718 2310 1605.
741 2284 780 2294 --
818 2261 939 2311 Adductie
958 2261 1015 2312 dein
1039 2263 1126 2314 iisdem
1145 2265 1280 2330 exemplis,
1305 2280 1369 2330 qnae
1387 2267 1413 2316 in

55 2349 141 2398 textu,
163 2341 303 2392 concludit:
330 2337 402 2390 Tota
429 2337 483 2390 hac
510 2353 570 2389 cum
596 2336 770 2406 supellectile
797 2337 832 2389 ad
847 2336 1032 2390 ‘Aristotelem
1053 2343 1081 2390 te
1111 2339 1205 2392 confer
1230 2346 1259 2391 et
1280 2339 1412 2404 delibera,

54 2433 95 2470 an
119 2416 255 2472 aetherea
276 2416 433 2471 substantia
453 2418 581 2486 patiatur
602 2417 803 2471 alterationem.
847 2419 896 2483 (lix
915 2437 952 2486 66.
975 2421 1016 2472 11.
1037 2425 1096 2474 Feb.
1119 2422 1194 2474 1666.
1214 2425 1313 2492 Progae
1332 2424 1414 2488 data.)

152 2491 198 2555 31)
217 2511 241 2560 p.
261 2492 321 2543 699.
359 2493 415 2550 Vir,
443 2510 514 2559 quem
542 2495 601 2545 dicit
620 2495 741 2559 Keplems
769 2508 869 2558 pravam
894 2499 920 2544 61
946 2494 1153 2554 literatissimum,
1181 2498 1228 2546 fnit
1245 2497 1269 2547 J.
1290 2498 1320 2547 G.
1339 2498 1413 2548 Her-

54 2571 199 2623 wartus,
219 2569 288 2629 cujus
306 2565 452 2614 relationem
470 2581 544 2628 snpra
562 2549 663 2631 (plati
682 2565 857 2630 proposuimus.

153 2635 191 2686 De
211 2637 295 2700 eclipsi
316 2634 347 2696 Θ
369 2633 950 2702 66611605,Κ661666666666116616666666
974 2639 1093 2700 peculiari
1118 2638 1215 2696 libello,
1243 2655 1315 2704 quem
1334 2647 1413 2691 astro-

55 2708 141 2758 nomis
160 2713 186 2757 et
211 2708 265 2757 aliis
293 2722 472 2773 quoquoversus
501 2711 653 2765 transmisit,
681 2710 826 2773 petitionem
854 2709 1010 2773 adjungens,
1039 2715 1067 2759 ut
1085 2711 1274 2774 observationes,
1294 2726 1351 2763 suas
1369 2714 1415 2777 ipsi

58 2781 253 2829 communicent.
291 2779 346 2840 Quo
366 2789 445 2827 motus
465 2781 574 2829 medicus
592 2781 691 2846 quidam
707 2779 730 2829 J.
746 2779 775 2828 G.
790 2781 867 2843 Gbpel
887 2795 926 2836 ea,
946 2795 1010 2845 quae
1029 2781 1094 2830 16166
1109 2781 1247 2830 vehendum
1269 2798 1315 2842 ,ex
1338 2783 1415 2834 rheda

56 2865 146 2901 versus
165 2851 286 2909 thermas,
315 2865 376 2915 quas
395 2851 472 2899 Plinio
491 2849 628 2902 Mattiacas
652 2851 730 2901 dictas
758 2851 864 2916 putant“
885 2853 1069 2909 observaverat,
1089 2852 1196 2916 Keplero
1224 2855 1416 2906 transmittenda

11 2943 16 2976 t
56 2922 169 2973 Nicolao
188 2921 301 2982 Serario,
330 2923 409 2986 presb.
430 2921 487 2972 Soc.
505 2923 578 2982 Jesu,
597 2923 753 2989 Moguntiam
779 2923 871 2972 scribit.
907 2923 937 2972 In
955 2923 993 2972 his
1021 2923 1098 2974 literis
1125 2923 1327 2988 deprehendimus
1348 2927 1414 2986 ,chi-

11 3163 15 3196 1

11 3235 15 3270 Ι

57 2993 188 3058 rurgnm,“
209 3007 283 3058 quem
312 2993 371 3042 dicit
389 2992 529 3056 Keplerus,
558 2997 606 3060 qni,
634 2995 755 3044 referente
776 2994 892 3044 Goebelio
921 2995 983 3057 „ipsi
1009 2996 1133 3058 oppositus
1161 2997 1264 3046 sedebat
1291 2999 1316 3047 in
1344 3013 1416 3061 prora

58 3065 178 3121 vehiculi,
198 3073 223 3114 61
243 3065 393 3122 affirmabat,
407 3064 489 3114 Solem
508 3067 553 3116 sibi
566 3083 614 3116 nou
629 3073 769 3115 contectum
789 3079 916 3130 apparere,
935 3066 979 3114 sed
998 3067 1080 3116 orbem
1099 3068 1229 3130 puniceum
1246 3070 1311 3118 16166
1324 3067 1413 3120 Solem.

58 3138 132 3187 Idem
149 3137 222 3186 homo
240 3137 350 3187 stellulae
369 3151 396 3185 se
416 3138 557 3187 observasse
576 3137 686 3201 ajebat.“
725 3137 755 3186 ln
769 3136 860 3186 ’iisdem
883 3137 959 3186 literis
987 3139 1093 3187 occurrit
1117 3154 1207 3196 ,sonex
1227 3130 1413 3196 (1616661666ςὲ

59 3208 194 3260 Goebelius
212 3209 304 3258 refert:
326 3209 462 3267 ,canebat
479 3209 537 3258 mihi
556 3212 637 3259 senior
655 3208 753 3273 quidam
768 3207 907 3258 Ganouieus
922 3209 1115 3266 Confluentinus,
1136 3224 1200 3259 anno
1219 3210 1291 3260 toto.
1312 3227 1343 3261 ea
1361 3215 1415 3276 1666

58 3281 131 3338 hora,
150 3293 200 3343 qna
218 3280 312 3330 electus
330 3281 426 3328 noviter
444 3279 647 3347 Archiepiscopus
666 3295 696 3329 ex
714 3295 781 3329 more
800 3280 968 3329 collocabatur
985 3295 1059 3345 snpra
1077 3282 1164 3338 altare,
1184 3282 1303 3331 deiecisse
1322 3282 1414 3342 Solem,

59 3360 89 3402 ut
106 3353 132 3400 in
159 3365 256 3401 summa
283 3352 346 3401 6616
372 3351 477 3401 Treviris
505 3368 534 3402 ex
560 3360 665 3418 utreque
692 3359 763 3415 66616
791 3352 857 3404 chori
884 3353 1022 3416 psaltantes
1049 3353 1193 3404 sacerdotes
1212 3368 1238 3402 66
1257 3361 1340 3404 mutuo
1365 3371 1415 3406 non

63 3423 227 3488 agnoverint;
247 3423 389 3486 aperuisse
408 3424 467 3472 item
487 3424 571 3474 stellas
589 3423 732 3488 plurimae.“

153 3491 198 3554 35)
217 3509 240 3558 6.
261 3439 321 3544 iot.
358 3485 562 3560 Brengg¹erus
589 3496 733 3546 medicus
753 3495 783 3544 de
801 3495 849 3544 hac
868 3493 970 3559 Kepleri
995 3495 1108 3558 opinione
1125 3494 1190 3546 haec
1208 3497 1317 3560 profert:
1345 3497 1416 3558 Quod

12 3601 16 3634 t
64 3564 233 3628 crystallinum
251 3564 375 3616 humorem
395 3565 459 3615 oculi
478 3569 567 3616 tunicis
588 3583 711 3617 annexum
724 3581 811 3631 negas,
832 3580 934 3630 eumque
952 3579 1042 3629 vapore
1062 3566 1095 3615 ali
1109 3568 1205 3620 asseris,
1227 3583 1314 3616 norum
1327 3569 1419 3634 dogma

64 3636 198 3687 introducis
216 3637 317 3694 medicis
340 3637 485 3687 inauditnm.
525 3639 598 3689 Certe
626 3647 716 3688 natura
734 3638 799 3687 male
827 3638 991 3700 prospexisset
1015 3638 1088 3696 61661,
1118 3639 1138 3686 61
1162 3654 1217 3687 eum
1241 3641 1293 3688 sine
1320 3641 1418 3690 vinculo

12 3703 13 3706 '
67 3708 133 3757 oculi
150 3706 289 3755 humoribus
309 3709 422 3758 innatare
441 3713 606 3773 permisisset;
633 3711 669 3759 sic
689 3711 754 3759 enim
773 3709 804 3758 ad
824 3709 932 3771 quemvis
951 3709 1042 3756 saltum
1060 3708 1099 3757 rel
1117 3709 1193 3759 ictum
1211 3709 1418 3760 vehementiorem

67 3777 231 3828 descenderet
249 3782 274 3826 et
292 3779 375 3827 sedem
395 3794 465 3830 suam
484 3781 639 3847 relinqueret.
676 3781 765 3844 Itaque
784 3781 917 3830 anatomici
937 3779 1159 3842 deprehenderunt,
1179 3782 1258 3844 ipsum
1277 3787 1328 3830 tum
1348 3783 1417 3833 cilia·

64 3852 132 3900 ribus
152 3849 304 3911 processibus
324 3849 355 3898 ab
372 3865 437 3899 uvea
454 3854 540 3902 tunica
564 3854 693 3910 demissis,
723 3859 775 3900 tum
794 3853 894 3908 166166,
923 3865 987 3915 quae
1012 3853 1115 3900 vitreum
1143 3851 1268 3902 humorem
1296 3855 1374 3918 cingit
1394 3863 1420 3904 et

68 3919 209 3986 crystallino
229 3919 260 3968 ad
279 3914 360 3968 latera
379 3923 530 3972 circulariter
547 3927 669 3980 inseritur,
688 3939 734 3972 ceu
747 3923 887 3988 ligamentis
906 3923 1022 3986 suspendi
1042 3929 1067 3972 et
1085 3924 1211 3972 immotum
1230 3925 1316 3974 teneri.
1347 3925 1420 3986 Quod

68 3999 153 4058 aperto
172 3991 243 4040 oculo
262 3991 417 4054 crystallinus
436 3995 534 4050 excidit,
554 3995 578 4044 id
597 3995 625 4044 111
643 3996 701 4059 quia
720 3995 836 4044 61166616
853 3993 956 4044 humore
975 4007 1053 4057 aqueo
1071 3993 1202 4056 hyaloidis,
1221 3997 1260 4058 qui
1280 3997 1302 4045 ei
1322 3997 1418 4048 aduite-

12 4109 15 4122 .
69 4067 150 4120 batur,
170 4064 256 4112 statim
274 4063 385 4112 succedit
404 4069 429 4113 et
446 4064 587 4127 prolabitur.
624 4067 689 4116 Nam
708 4068 794 4115 tunica
816 4065 884 4114 illum
912 4067 1015 4131 cingens
1034 4071 1059 4114 61
1078 4081 1205 4128 processus
1233 4067 1328 4118 ciliares
1346 4084 1419 4133 praa·

12 4123 16 4218 ξ
71 4137 135 4188 16661
155 4136 278 4184 tenuiores
298 4141 355 4182 sunt
375 4141 400 4184 et
418 4135 568 4194 infirmiores,
588 4153 661 4202 quam
680 4145 707 4186 ut
720 4153 775 4187 eum
788 4138 841 4186 sino
860 4137 950 4185 auxilio
970 4138 1042 4200 aquei
1060 4135 1167 4186 humoris
1186 4138 1298 4188 cohibere
1315 4142 1419 4204 possint,

13 4257 14 4264 ,
67 4212 152 4274 itaque
171 4213 316 4270 rumpuntur
335 4214 360 4254 et
373 4207 540 4268 crystallinum
559 4206 612 4273 (qui
627 4209 657 4258 ab
669 4209 783 4272 hyaloide
801 4205 962 4272 protruditur)
982 4214 1121 4258 sustentare
1140 4208 1262 4259 desinunt.
1288 4209 1328 4261 De
1341 4215 1419 4264 nuut-

66 4288 150 4331 66616
169 4279 204 4328 616
223 4279 336 4327 66611661
354 4277 458 4336 medici,
487 4279 552 4343 quod
569 4281 638 4329 66116
655 4295 712 4344 pars
731 4281 836 4344 corporis
859 4279 961 4329 humani
980 4281 1103 4328 nutriatur
1130 4295 1232 4345 sapore,
1260 4283 1304 4332 sed
1323 4291 1420 4335 tantum

67 4351 208 4404 humoribus
227 4363 287 4399 suae
306 4355 413 4398 naturae
431 4353 628 4414 proportionatis.
653 4351 741 4416 ltaque
760 4350 901 4412 crystallino
919 4351 984 4400 idem
1003 4352 1147 4418 contingere
1166 4353 1295 4403 verisimile
1314 4361 1360 4412 661,
1379 4359 1421 4419 qni

13 4415 14 4448 ³
68 4424 166 4488 quidem
185 4435 272 4486 pamm
290 4423 434 4470 nutrimenti
452 4422 573 4486 66616161,
598 4423 662 4488 quod
680 4426 703 4473 ei
721 4423 889 4472 subministrat
906 4423 992 4471 humor
1009 4423 1116 4480 6116666,
1135 4429 1164 4472 61
1181 4423 1274 4487 placuit
1292 4424 1325 4473 D.
1346 4425 1419 4489 Capi·

68 4497 169 4618 {accio¹
175 4493 304 4615 ί63661666
331 4495 558 4627 666Ξ636616616666
578 4501 603 4544 et
625 4495 721 4545 medico
739 4494 859 4544 Patavina
885 4493 1026 4544 clarissimo.
1066 4491 1115 4556 (Ex
1138 4497 1243 4558 epistola
1259 4495 1301 4544 Br.
1321 4495 1344 4545 d.
1365 4495 1419 4546 Cal.

87 4573 137 4631 661
229 4581 276 4614 ,6.
295 4581 314 4616 6.
333 4579 357 4628 6.
415 4603 420 4614 .

156 4647 324 4712 Κ6616666
343 4647 469 4712 explicans
488 4661 527 4709 ea,
547 4659 610 4712 qnae
628 4648 653 4698 in
671 4647 732 4698 libro
751 4647 856 4705 dixerat,
879 4648 1006 4714 respondit
1024 4645 1059 4709 (d.
1078 4647 1124 4697 ult
1143 4647 1205 4697 Nor.
1227 4643 1324 4708 lton:
1349 4642 1418 4696 Con·

72 4723 157 4778 hundis
182 4719 213 4780 rb
239 4729 349 4778 nectere
371 4729 400 4776 et
420 4721 567 4778 includere.
609 4721 733 4776 Inclusus
755 4729 799 4775 661
818 4721 916 4777 humor
937 4723 985 4776 ille
1007 4722 1114 4784 tunica,
1142 4722 1188 4774 aed
1215 4721 1318 4783 libere,
1341 4729 1418 4776 arete

73 4803 184 4875 quidem,
206 4809 237 4856 ut
257 4803 325 4858 nibil
346 4803 462 4858 intersit.
504 4803 613 4856 Nexum
635 4804 670 4856 ab
691 4821 724 4856 eo
745 4821 818 4875 nego
839 4803 891 4858 hoc
918 4821 1016 4868 seusu,
1039 4819 1092 4872 quo
1114 4801 1253 4854 Fernelius
1280 4801 1349 4853 scite
1370 4805 1418 4856 ad-

73 4885 176 4940 modum
205 4884 249 4938 ani
278 4884 398 4938 tunicam
428 4884 585 4938 interiorem
615 4884 651 4938 ab
676 4884 730 4938 oris
752 4883 846 4937 tunica
876 4885 1003 4938 continuo
1031 4883 1077 4935 tilo
1098 4899 1148 4950 per
1169 4880 1258 4935 omnia
1271 4881 1420 4938 intestina
