3700 5530
291 279 356 378 326
786 308 959 357 Astronomlae
976 304 1039 356 Pare
1057 303 1155 370 Opttea.

291 484 425 548 vicissim
450 505 505 548 ceu
534 485 614 546 saltu
644 481 773 562 quodam
797 481 1005 546 commutabit.
1046 482 1149 565 Atque
1173 482 1229 544 hoo
1253 481 1353 545 dicent
1376 481 1477 563 optici,
1503 487 1646 544 astrono-

291 595 407 638 morum
431 574 524 635 verba
551 571 676 646 imitati,
701 571 1027 633 commutationem
1049 570 1163 647 visus,
1193 589 1246 632 seu
1271 568 1390 634 Graeca
1419 589 1493 634 voce
1521 569 1644 650 paral-

292 665 406 727 laxin.
453 661 680 726 Demonstratio
703 677 779 740 pene
803 661 909 722 eadem
932 668 988 735 est,
1014 679 1103 740 quam
1127 678 1217 740 sopra
1240 679 1307 741 cap.
1323 661 1364 723 V.
1388 659 1525 740 propi.
1550 659 1650 722 obiter

293 753 383 816 attuli
406 771 496 834 super
517 751 705 833 problemate
725 749 901 812 Aristotelis
926 750 963 811 de
987 749 1140 829 geminata
1163 748 1273 829 specie.
1319 749 1427 812 Dicam
1449 751 1552 830 itaque
1576 748 1648 830 quid

292 841 390 905 simile
414 840 501 903 nohis
524 841 553 902 in
578 839 832 919 contemplatione
865 840 996 906 siderum
1027 839 1164 914 accidat3
1194 845 1228 900 ut
1251 841 1355 918 plene,
1390 838 1459 922 quid
1482 836 1647 902 astronomi

290 929 461 1013 parallaxin
486 930 597 1000 dicant,
620 937 772 1010 patescat.

405 1071 436 1137 3.
474 1072 525 1134 De
549 1070 738 1153 parallaxi
762 1069 980 1152 quotidiana
1003 1069 1045 1132 ob
1069 1067 1291 1134 distantiam
1314 1069 1534 1154 superficiei

801 1161 938 1222 Terras
963 1179 982 1220 a
1004 1167 1141 1221 centro.

379 1285 423 1350 Et
446 1285 558 1348 dictum
582 1290 630 1346 est
652 1284 743 1365 paulo
767 1290 848 1358 ante,
873 1283 1036 1346 diametros
1059 1284 1138 1346 oculi
1161 1283 1314 1365 utriusque
1330 1284 1493 1364 parallelos
1517 1283 1555 1344 ad
1573 1301 1647 1346 sen-

291 1395 358 1439 sum
379 1374 536 1448 incedere,
565 1372 591 1435 si
613 1374 697 1436 visus
722 1374 762 1435 ad
785 1372 915 1436 siderum
939 1372 1059 1455 aliquod
1091 1372 1248 1454 dirigatur.
1294 1374 1401 1454 Itaque
1432 1373 1555 1435 sublata
1578 1373 1647 1436 dia-

292 1474 457 1529 metrorum
480 1462 672 1526 inclinatione
696 1462 813 1524 tollitur
832 1463 966 1541 dignatio
991 1463 1156 1525 distantiae
1180 1462 1288 1524 sideris
1312 1462 1350 1524 ab
1374 1463 1469 1535 oculo,
1493 1482 1547 1525 seu
1570 1461 1648 1523 situs

290 1555 357 1636 ejus
380 1561 521 1634 respecto
544 1552 681 1616 diametri
705 1551 817 1614 mundi.
863 1549 954 1614 Etsi
979 1553 1036 1615 doc
1060 1551 1160 1614 sidera
1186 1553 1296 1614 luerint
1325 1551 1363 1612 ad
1386 1552 1484 1616 visum
1512 1557 1648 1614 nostrum

290 1645 319 1706 in
344 1645 451 1707 eadem
474 1642 564 1717 linea,
588 1641 671 1705 visus
694 1649 807 1716 noster,
832 1642 967 1722 quamvis
991 1641 1135 1704 ambobus
1160 1642 1254 1704 oculis
1278 1660 1367 1718 usus,
1391 1641 1470 1704 iuter
1492 1639 1648 1720 utriusque

291 1733 487 1796 remotionem
510 1731 661 1794 diversam
684 1751 743 1794 non
768 1730 966 1810 distinguens,
989 1730 1109 1812 putabit
1132 1731 1184 1794 illa
1208 1731 1377 1812 conjuncta.

380 1823 446 1886 Hoc
469 1830 559 1904 pacto
584 1821 701 1897 evenit,
734 1828 769 1881 ut
790 1819 908 1882 Lunam
932 1827 964 1882 et
987 1838 1091 1882 omnes
1118 1821 1258 1901 planetas
1289 1820 1344 1881 suh
1370 1819 1495 1882 harum
1516 1818 1649 1900 sphaera

294 1913 412 1980 locatos
435 1921 583 1993 putemus,
608 1910 682 1972 nihil
705 1910 868 1990 adjuvante
893 1929 947 1972 nos
971 1910 1119 1972 distantia
1142 1909 1303 1972 oculorum.
1350 1910 1453 1990 Atque
1475 1909 1532 1970 hoc
1556 1916 1648 1988 pacto

290 2003 375 2065 visus
399 2010 502 2065 noster
529 2001 559 2063 in
592 1999 781 2062 aestimando
815 1998 876 2063 situ
907 2000 1096 2080 planetarum
1128 2018 1222 2061 causa
1253 1998 1393 2062 diametri
1425 1999 1527 2060 mundi
1558 1996 1648 2078 plane

290 2092 421 2155 aberret.

379 2180 467 2242 Hunc
499 2198 607 2242 sensus
640 2177 723 2242 visos
756 2177 906 2239 deiectum
937 2184 1046 2240 natura
1075 2197 1190 2240 mrsom
1223 2177 1391 2242 admirabili
1425 2178 1648 2242 machinatione

291 2271 439 2334 sublevat.
487 2269 571 2332 Haec
596 2267 673 2330 enim
697 2265 816 2329 omnino
840 2267 980 2330 voluntas
1005 2268 1061 2331 fuit
1083 2268 1142 2331 Dei
1165 2267 1337 2343 creatoris,
1362 2275 1396 2330 nt
1419 2268 1523 2345 homo,
1547 2270 1648 2350 imago

290 2379 355 2437 sua,
380 2358 484 2422 oculos
509 2359 547 2421 ab
569 2356 618 2420 his
642 2356 771 2419 terrenis
796 2357 835 2417 ad
868 2356 920 2419 illa
943 2357 1090 2421 coelestia
1120 2359 1275 2421 attolleret
1303 2367 1448 2441 tantaque
1479 2361 1648 2441 sapientiae

290 2469 364 2512 suae
389 2455 581 2510 monumenta
604 2445 765 2527 diligenter
788 2446 1051 2527 contemplaretur.
1088 2448 1155 2510 Huc
1179 2448 1275 2510 omnis
1299 2447 1454 2511 machinae
1479 2450 1647 2512 mundanae

290 2537 462 2602 distributio
491 2537 606 2612 tendit,
641 2544 676 2598 ut
704 2533 790 2598 nobis
823 2535 900 2598 hanc
924 2534 1081 2600 Creatoris
1111 2537 1296 2599 voluntatem
1329 2537 1416 2618 quasi
1438 2555 1511 2601 uoce
1536 2540 1648 2602 emissa

288 2635 437 2690 testatam
471 2627 573 2688 saciat.
620 2625 789 2705 Propterea
821 2625 972 2688 sensibilis
1003 2633 1052 2689 est
1079 2625 1188 2690 effecta
1215 2626 1296 2706 globi
1321 2627 1444 2690 Terreni
1476 2629 1515 2690 ad
1543 2627 1647 2691 orbem

288 2717 394 2780 Lunae
417 2715 585 2797 proportio,
611 2721 645 2776 ut
668 2713 746 2794 quod
770 2712 954 2793 singulorum
976 2713 1128 2778 hominurn
1157 2715 1252 2777 oculis
1284 2716 1458 2794 decederet,
1489 2717 1649 2799 diligentia

289 2806 495 2870 universorum
518 2805 548 2866 in
572 2809 639 2865 tota
663 2801 816 2884 superficie
831 2803 962 2866 Telluris
985 2804 1194 2878 habitantium,
1220 2805 1425 2883 magnitudine
1449 2805 1513 2886 ejus
1531 2807 1646 2888 adjuta,

288 2897 462 2978 suppleret:
497 2903 588 2974 atque
616 2892 672 2954 hoc
702 2899 793 2972 pacto
821 2891 898 2955 situs
929 2892 1091 2956 errantium
1120 2892 1151 2954 in
1182 2893 1330 2956 diametro
1362 2895 1463 2956 mnndi
1490 2913 1546 2976 per
1577 2895 1647 2958 illas

288 2985 406 3065 priores
430 2990 571 3063 respectu
594 2981 774 3061 superficiei,
805 2980 855 3044 vel
879 2983 980 3062 anguli
1004 2982 1182 3060 distantias,
1213 2984 1393 3047 addisceret.
1439 2984 1476 3046 In
1499 2983 1646 3066 superiori

290 3074 445 3135 schemate
470 3073 532 3135 sint
555 3071 594 3146 A,
619 3070 645 3132 B
669 3089 729 3133 non
748 3069 815 3150 jam
838 3069 895 3133 duo
921 3071 998 3134 oculi
1027 3070 1162 3150 ejusdem
1190 3072 1331 3148 hominis,
1366 3072 1420 3135 sed
1444 3073 1502 3134 duo
1525 3074 1593 3136 loca
1613 3074 1645 3136 iu

292 3161 449 3242 superficie
473 3159 612 3233 Telluris,
636 3158 666 3221 A
689 3159 719 3220 in
743 3157 882 3239 Europa,
906 3161 933 3222 B
957 3159 988 3223 in
1012 3160 1136 3222 Africae
1160 3166 1294 3224 extremo
1317 3161 1534 3241 promontorio,
1558 3163 1647 3225 Luna

291 3250 334 3312 sit
356 3249 387 3311 in
412 3247 447 3323 O,
471 3247 668 3327 videaturque
694 3247 799 3309 eodem
821 3255 971 3310 momento
995 3250 1033 3311 ab
1057 3249 1224 3312 hominibus
1247 3250 1401 3330 utriusque
1424 3251 1492 3314 loci.
1538 3249 1646 3314 Sensi-

289 3337 360 3401 bilis
383 3338 485 3416 itaqua
519 3355 585 3397 cum
616 3334 658 3396 sit
683 3335 839 3418 proportio
869 3337 1033 3400 distantiae
1065 3338 1197 3400 locorum
1230 3339 1268 3402 ad
1299 3339 1476 3401 distantiam
1499 3340 1604 3403 Lunae
1629 3359 1648 3402 a

290 3427 385 3490 Terra
407 3432 546 3506 respectu
571 3424 710 3486 diametri
733 3425 850 3498 mundi,
875 3428 952 3508 quod
972 3427 1037 3507 jam
1069 3427 1221 3506 ponimus,
1245 3427 1396 3490 sensibilis
1422 3427 1480 3492 erit
1502 3437 1535 3492 et
1556 3429 1647 3492 inoli-

289 3517 373 3579 natio
402 3514 547 3577 linearum
571 3509 628 3576 Ac
652 3519 684 3574 et
706 3511 771 3575 BG.
818 3512 867 3577 Sit
895 3525 996 3578 autem
1019 3513 1078 3578 ΝΟ
1107 3516 1236 3596 sphaera
1268 3517 1393 3580 marum
1424 3517 1461 3579 de
1485 3527 1573 3582 nocto
1596 3519 1648 3582 vel

290 3625 399 3685 corpus
423 3602 504 3666 Solis
529 3601 565 3664 de
590 3601 638 3664 die
668 3601 722 3663 sub
756 3611 936 3666 momentum
968 3603 1122 3668 novilunii.
1170 3603 1246 3668 Gom
1269 3617 1355 3686 ergo,
1384 3605 1434 3687 qui
1457 3614 1530 3669 sunt
1551 3608 1583 3670 in
1605 3608 1646 3683 A,

290 3693 368 3757 inter
392 3691 571 3757 distantiam
594 3691 698 3752 Lunae
731 3699 763 3754 et
787 3691 963 3756 distantiam
986 3693 1069 3757 Solis
1099 3713 1152 3755 seu
1183 3695 1309 3758 finarum
1338 3702 1479 3775 respectu
1507 3695 1648 3759 diametri
1671 3701 1674 3710 '

287 3782 390 3846 mundi
422 3789 576 3863 nequeant
604 3778 789 3855 discemsre,
822 3779 1022 3845 videbiturO
1050 3782 1139 3845 Luna
1168 3783 1329 3863 conjuncta
1360 3801 1425 3846 cum
1450 3781 1477 3846 Ο
1506 3785 1567 3848 fixa
1594 3792 1649 3849 aut

287 3870 423 3952 margine
452 3869 544 3934 Solis.
592 3869 637 3932 At
664 3867 712 3938 iis,
742 3869 792 3949 qui
816 3867 845 3930 in
867 3870 904 3947 B,
930 3870 1035 3934 eodem
1065 3880 1201 3951 tempore
1226 3869 1251 3935 G
1275 3873 1363 3934 Luna
1390 3871 1543 3937 videbitur
1570 3894 1647 3937 con-

283 3958 393 4041 juncta
417 3979 482 4022 cum
505 3959 535 4022 N
558 3957 619 4020 lixa
641 3958 689 4019 vel
713 3957 847 4039 margine
871 3957 963 4036 Solis,
988 3961 1032 4022 sic
1056 3967 1090 4022 ut
1112 3959 1155 4022 illi
1179 3961 1349 4040 portionem
1366 3958 1426 4023 ΝΟ
1449 3959 1584 4026 habeant
1607 3963 1647 4026 ad

288 4050 413 4113 dextras
437 4047 542 4110 Lunae
565 4055 679 4132 partes,
704 4046 735 4110 hi
758 4048 796 4109 ad
820 4047 970 4111 sinistras.
1019 4046 1260 4112 Commutabitur
1283 4069 1354 4131 ergo
1379 4049 1456 4113 situs
1479 4051 1584 4115 Lunae
1608 4053 1647 4115 ab

285 4137 453 4201 hominibus
478 4137 610 4200 locorum
633 4135 769 4198 binomm
792 4135 974 4216 imaginatus
998 4158 1036 4200 ex
1059 4135 1086 4199 Ο
1111 4137 1140 4200 in
1163 4138 1203 4214 N,
1227 4138 1317 4220 plane
1340 4145 1375 4200 ut
1397 4138 1480 4219 prius
1505 4141 1541 4204 de
1564 4141 1647 4205 utri-

284 4243 378 4306 usque
402 4225 481 4289 oculi
500 4225 609 4305 juncta
633 4224 747 4286 visione
772 4225 883 4287 dictum
908 4234 964 4290 est.
1011 4228 1114 4307 Atque
1136 4227 1194 4288 hoc
1217 4228 1305 4289 modo
1335 4228 1365 4289 in
1396 4246 1506 4308 genere
1539 4229 1647 4311 paral-

284 4311 362 4376 laxis
387 4315 518 4377 siderum
542 4312 700 4392 accipitur,
724 4319 758 4374 ut
781 4310 840 4375 ΝΟ
864 4334 952 4377 arcus
976 4316 1107 4377 extimae
1131 4316 1294 4394 sphaerae,
1318 4315 1366 4380 vel
1390 4317 1531 4395 angulus,
1558 4337 1647 4399 qoem

284 4421 373 4464 arcus
396 4403 455 4465 iste
480 4401 611 4476 metitur,
637 4401 678 4464 sit
700 4401 866 4480 parallaxis
889 4404 1004 4467 Lunae.
1052 4401 1115 4466 Sed
1147 4404 1218 4483 quia
1245 4423 1305 4468 non
1335 4403 1453 4486 quoties
1482 4424 1557 4488 opus
1585 4415 1647 4483 est,

283 4487 419 4553 homines
443 4492 473 4554 in
498 4489 653 4571 superficie
678 4490 807 4552 Telluris
832 4499 903 4554 sunt
926 4491 1078 4572 dispositi,
1102 4491 1153 4573 qui
1176 4494 1216 4554 ad
1239 4511 1329 4556 annm
1352 4499 1384 4555 et
1406 4492 1494 4556 idem
1509 4513 1647 4558 momen·

284 4586 348 4642 tom
370 4579 516 4662 temporis
541 4580 579 4641 ad
593 4579 711 4642 Lunam
734 4579 907 4658 respiciant,
932 4580 1097 4644 astronomi
1116 4581 1196 4644 mam
1210 4581 1417 4662 ingrediuntur
1435 4583 1526 4662 paulo
1542 4583 1645 4648 aliam.

285 4661 471 4746 Computant
495 4668 574 4751 euim
594 4667 655 4730 alia
675 4667 826 4744 methodo,
852 4667 888 4729 de
913 4688 971 4748 qua
994 4688 1052 4730 non
1077 4677 1126 4730 est
1148 4669 1237 4749 hujus
1261 4670 1320 4732 loci
1334 4671 1444 4746 dicere,
1469 4691 1544 4752 quas
1564 4671 1647 4753 apud

282 4753 359 4815 fixas
383 4774 436 4818 ssu
460 4775 519 4837 qua
542 4756 597 4819 sub
621 4756 770 4818 distantia
792 4776 812 4818 a
834 4757 948 4819 vertice
963 4757 1051 4820 Luna
1073 4757 1179 4838 quovis
1198 4765 1347 4820 momento
1368 4776 1514 4838 apparere
1534 4759 1649 4824 debeat

284 4839 385 4917 oculo,
420 4844 470 4925 qui
498 4843 529 4906 in
561 4849 664 4906 centro
688 4843 799 4907 Terrae
832 4845 1075 4908 constitueretur.
1121 4841 1240 4909 Eodem
1261 4853 1412 4910 momento
1435 4846 1648 4913 instromentis
