3684 5518
649 371 651 376 .
719 296 801 368 Ceret
818 295 863 354 IV·
883 298 908 354 2·
1426 306 1489 376 179

142 487 287 560 repugnat
309 479 411 542 sensui
430 485 461 540 et
480 475 555 557 Cap.
570 478 594 552 Ι,
603 473 664 542 20.
702 477 818 540 Deinde
842 481 984 543 refractio
1007 479 1203 544 horizontelie
1222 484 1251 544 in
1276 485 1369 548 denso
1393 487 1489 550 recti-

142 569 237 630 lineae
268 567 436 647 eupe'rliciei
463 574 618 628 excrescet
649 565 678 626 iu
711 566 869 629 inlinitum.
915 569 995 632 Nam
1019 566 1073 630 ΟΕ
1103 570 1141 630 od
1163 571 1219 632 DB
1248 582 1297 634 est
1319 580 1353 636 ut
1380 593 1488 637 secans
1584 630 1587 636 Δ
1654 576 1657 582 ’

142 657 241 735 anguli
264 657 385 729 nullius,
411 655 466 717 hoc
482 661 577 717 estut
599 653 701 716 radius
719 655 758 715 ad
782 664 936 718 secantem
956 655 1040 718 OAB
1063 659 1272 736 complemeuti
1297 661 1488 730 incidentiae.

140 743 249 808 Notum
274 753 384 818 autem,
409 753 563 804 secantem
587 737 649 806 90⁰
671 761 739 804 esse
762 741 872 804 lineam
895 744 1050 806 infinitam.
1097 745 1144 807 At
1166 748 1359 826 experientia.
1375 759 1487 826 uotum,

141 851 205 893 esse
236 831 416 894 horizontali
449 828 621 892 refractioui
650 836 763 891 certum
791 849 876 892 suom
906 833 1024 894 modum
1048 832 1077 893 in
1107 852 1194 913 aqua.
1243 834 1380 900 Circeius
1410 839 1488 904 enim

141 921 314 1000 angulorum
336 937 457 998 mensor
479 939 512 980 ae
526 919 592 999 ipso
610 917 715 984 xlinitur
734 929 765 979 et
779 925 907 998 quatuor
929 928 1029 981 rectos
1051 922 1250 1000 amplectitur.
1289 922 1423 1006 Cumque
1447 927 1490 987 sit

140 1008 278 1069 retractio
303 1009 387 1070 uisus
409 1008 447 1068 ad
470 1006 757 1086 perpendicularem,
783 1025 842 1068 nou
865 1015 913 1070 est
936 1007 1031 1086 major
1053 1009 1180 1088 angulus
1204 1011 1278 1089 ejus,
1304 1031 1380 1092 quae
1403 1007 1487 1076 hori-

138 1096 215 1158 zonti
238 1097 403 1176 parallelos
428 1104 476 1156 eet
498 1115 564 1157 cum
586 1095 834 1174 perpendiculari,
860 1115 948 1175 quam
970 1102 1082 1160 rectus.
1119 1097 1187 1159 Nou
1211 1107 1314 1182 potest
1335 1101 1428 1181 igitur
1450 1122 1488 1164 ne

139 1184 267 1246 maxima
291 1185 410 1266 quidem
432 1184 522 1246 medii
546 1181 716 1244 densissimi
740 1201 808 1245 esse
831 1185 927 1263 major
950 1184 1061 1263 angulo
1084 1193 1177 1247 recto.

223 1267 328 1334 TePcio
361 1271 551 1334 refractionis
583 1289 677 1334 causa
708 1271 761 1332 het
793 1272 996 1350 corpulentia,
1030 1272 1109 1352 quod
1141 1292 1232 1353 supra
1262 1273 1354 1356 (Cap.
1378 1278 1403 1352 1,
1432 1277 1487 1351 10)

137 1360 333 1423 refutabatur.

224 1447 343 1519 Quarto
367 1454 458 1510 aucta
480 1446 685 1526 profunditate
704 1446 794 1508 medii
817 1448 975 1526 augebitur
997 1448 1148 1512 refractio.
1186 1447 1386 1515 Continuetnr
1408 1453 1486 1516 enim

136 1537 193 1600 AD
216 1537 247 1600 in
272 1539 311 1598 K.
357 1537 457 1616 Major
479 1535 571 1614 igitur
593 1535 646 1596 fret
668 1535 820 1616 proportio
838 1536 896 1598 ΒΚ
919 1537 957 1597 ad
979 1534 1031 1598 GE
1054 1546 1234 1610 manentem,
1258 1557 1345 1619 quam
1368 1541 1424 1603 BD
1448 1543 1487 1603 ad

137 1625 273 1688 eandem.
320 1626 421 1704 Major
452 1624 543 1702 igitur
575 1623 716 1685 refractio
740 1623 768 1684 in
794 1623 818 1682 B
847 1631 987 1686 manente
1016 1625 1068 1686 illa
1091 1625 1121 1686 in
1145 1623 1180 1688 C.
1227 1628 1305 1690 Hinc
1335 1637 1486 1709 sequetur,

137 1715 212 1795 quod
235 1715 347 1794 ubique
361 1712 545 1774 Rothmauui
569 1721 745 1790 argumenta
768 1713 902 1774 redolere
925 1713 1074 1785 videntur,
1098 1713 1183 1776 BDK
1199 1733 1256 1778 uon
1272 1735 1339 1778 esse
1363 1725 1486 1794 rectam,

137 1803 189 1864 sed
211 1821 326 1876 arcum,
351 1801 429 1882 quod
453 1798 545 1878 (Cap.
567 1800 591 1873 I,
617 1797 675 1874 22)
699 1800 874 1879 negavimus
897 1807 930 1862 et
952 1800 1139 1886 experientia
1163 1803 1249 1866 facile
1274 1813 1321 1866 est
1342 1807 1486 1869 refutare.

137 1889 243 1952 Statue
268 1891 331 1952 tria
363 1897 476 1970 puncta
498 1889 528 1948 in
553 1895 622 1948 atre
646 1890 676 1949 iu
704 1889 809 1950 eadem
842 1895 942 1958 recta,
976 1888 1066 1967 imple
1099 1890 1219 1956 situlam
1257 1911 1352 1973 aqua,
1382 1895 1489 1958 ordina

136 1980 239 2054 vuum,
263 1987 299 2042 ιιι
322 1988 460 2040 extrema
482 1977 569 2038 simul
594 1977 845 2056 comprehendas,
873 1977 1003 2039 medium
1027 1977 1135 2040 iterum
1164 1979 1312 2044 coincidet
1344 1985 1488 2046 extremis

136 2069 225 2146 plane
248 2076 286 2128 ut
315 2066 398 2146 prius
423 2065 453 2127 iu
475 2071 554 2126 aere.
592 2064 636 2126 Et
658 2082 731 2126 cave
755 2073 786 2126 te
805 2073 927 2128 moveat
949 2065 1047 2127 baculi
1065 2066 1095 2127 in
1120 2085 1199 2146 aqua
1221 2068 1346 2145 incurvi,
1368 2070 1398 2132 in
1417 2077 1487 2132 atre

135 2155 207 2218 recti
238 2155 417 2236 phantasia.
464 2153 594 2216 Nomia
624 2153 698 2216 nihil
721 2153 760 2214 ad
790 2153 846 2215 hoc
879 2153 1125 2233 experimentum.
1173 2155 1302 2218 Videtur
1329 2159 1406 2220 euim
1430 2177 1487 2220 nou

135 2245 249 2318 eadem,
274 2245 333 2308 sed
354 2242 482 2304 diversis
506 2237 656 2304 refractis.
703 2240 795 2321 Sequi
819 2249 920 2303 autem
944 2241 973 2302 id
998 2244 1077 2322 quod
1101 2242 1172 2316 dixi,
1196 2245 1240 2306 sic
1263 2253 1359 2324 patet.
1397 2247 1488 2308 ExB

135 2331 304 2394 descendat
336 2332 486 2393 refractus
508 2328 566 2391 BG
598 2330 629 2391 in
663 2329 785 2392 fundum
810 2328 849 2390 G.
895 2330 998 2390 Aucta
1030 2330 1113 2392 fundi
1146 2332 1351 2411 profunditate
1384 2353 1422 2398 ex
1453 2355 1490 2398 ea

134 2429 228 2499 parte,
254 2419 331 2501 quia
353 2419 441 2481 simul
464 2426 591 2497 augetur
614 2418 750 2498 angulus,
776 2417 941 2480 descendat
964 2437 1034 2498 ergo
1059 2439 1096 2480 ex
1119 2420 1144 2480 B
1169 2421 1236 2499 plus
1259 2423 1408 2486 refractus
1423 2423 1487 2487 BL.

134 2507 224 2570 Patet
246 2507 425 2582 manifeste,
450 2507 528 2588 quod
552 2507 587 2580 B,
615 2505 653 2580 G,
678 2505 706 2566 L
733 2514 844 2588 puncta
867 2525 925 2567 nou
955 2507 1017 2568 sint
1044 2507 1144 2570 futura
1167 2510 1195 2570 iu
1219 2519 1314 2572 recta.
1361 2514 1408 2574 Ac
1431 2512 1490 2573 etsi

135 2598 236 2679 quinto
260 2598 338 2658 haec
362 2595 461 2676 opinio
485 2595 604 2657 videtur
626 2613 692 2656 cnm
717 2594 868 2656 densitate
892 2595 1070 2674 conjungere
1099 2595 1307 2672 incidentium,
1331 2607 1433 2662 tamen
1457 2619 1490 2663 re

133 2704 204 2748 vera
227 2694 375 2766 separat3
400 2683 470 2764 qnia
492 2683 685 2745 incidentiam
709 2701 768 2744 uon
792 2683 880 2744 aliter
904 2682 1089 2759 considerat,
1115 2703 1203 2764 quam
1227 2693 1491 2768 quatenusxauget

135 2773 344 2852 prolixitatem
359 2772 517 2846 transitus,
533 2789 609 2850 quae
622 2773 717 2833 etiarn
733 2771 863 2845 aliunde,
880 2779 913 2832 ut
927 2771 1015 2833 niodo
1031 2772 1222 2851 depressione
1238 2774 1330 2848 fundi,
1352 2784 1488 2855 augetur.

220 2863 248 2924 Ε
274 2861 427 2923 contrario
450 2859 603 2922 tenebitur
624 2860 758 2938 ejusdem
778 2860 892 2938 culpae,
919 2860 969 2938 qui
988 2859 1107 2933 dixerit,
1131 2860 1329 2924 differentiam
1353 2863 1490 2925 inciden-
1514 2883 1519 2894 ’

135 2950 243 3012 tiaram
270 2949 349 3011 radii
368 2947 450 3011 Solia
468 2947 498 3009 in
522 2948 695 3028 superficies
719 2947 799 3009 atris
824 2954 856 3008 et
881 2948 992 3008 Terrae
1015 2965 1185 3010 mensnram
1200 2967 1268 3012 esse
1291 2951 1489 3014 retractionis.

137 3039 177 3100 Ut
199 3039 273 3118 quia
297 3046 410 3099 certum
435 3045 492 3110 est,
517 3037 714 3098 refractiores
738 3054 812 3114 quaa
836 3035 1001 3096 astronomi
1024 3038 1216 3101 considerant
1238 3037 1301 3102 lieri
1320 3060 1340 3100 a
1361 3041 1491 3102 circum-

136 3126 200 3188 fuso
224 3126 331 3188 Terris
355 3133 435 3188 aere.
483 3123 534 3186 Sit
556 3141 627 3204 ergo
650 3123 761 3186 Terrae
785 3124 957 3204 superficies
982 3121 1051 3197 OB,
1074 3143 1162 3205 quarn
1190 3133 1298 3204 tangat
1326 3137 1410 3190 recta
1433 3128 1491 3192 GB

137 3214 164 3274 in
187 3221 303 3294 puncto
334 3213 381 3288 B;
415 3214 494 3276 aeris
527 3210 700 3292 superficies
724 3231 762 3272 ex
793 3213 899 3273 eodem
931 3219 1034 3272 centro
1057 3213 1088 3274 A
1120 3214 1162 3276 sit
1184 3213 1239 3274 DE
1272 3225 1304 3276 et
1327 3214 1384 3279 GB
1408 3226 1492 3280 secet

136 3301 212 3365 hanc
236 3303 268 3364 iu
293 3301 331 3362 Ε.
378 3301 498 3381 Tangat
522 3300 614 3380 igitur
643 3299 746 3380 aliqua
775 3299 961 3379 superficiem
984 3299 1040 3362 DE
1204 3319 1257 3384 urg.
1279 3315 1321 3370 aa,

136 3390 164 3452 iu
187 3389 214 3451 Ε
238 3397 353 3470 puncto
377 3389 530 3462 sectionis,
556 3408 631 3470 quae
656 3387 698 3450 sit
720 3387 773 3449 ln.
820 3388 918 3467 Igitur
941 3389 967 3448 si
982 3387 1040 3448 BG

137 3477 190 3540 liat
212 3478 320 3540 radius
344 3478 428 3554 lucis,
452 3479 478 3540 ie
502 3476 653 3540 coincidet
676 3495 741 3538 cum
766 3483 908 3555 tangente
931 3493 1040 3555 euper-

136 3566 210 3628 liciei
233 3567 361 3636 Terrae,
383 3567 515 3646 erigetur
538 3566 577 3627 ad
601 3572 774 3643 tangentem
798 3563 840 3626 ΙΕ
864 3564 902 3625 ad
926 3572 1041 3625 certum

137 3655 296 3732 angulum,
328 3654 497 3716 differentia
529 3653 756 3716 incidentiarum
789 3660 838 3716 est
867 3651 948 3714 IEB.
993 3650 1042 3712 Ea

136 3742 283 3819 paulatim
308 3739 457 3817 minuitur,
480 3743 527 3803 ita
548 3749 582 3802 ut
605 3741 635 3802 iu
658 3740 772 3802 vertice
796 3741 878 3801 nulla
896 3741 947 3815 sit,
972 3739 1042 3818 quia
1080 3733 1091 3802 l

138 3831 296 3892 avertice
324 3829 426 3891 radius
454 3830 492 3890 ad
522 3838 678 3908 utramque
707 3836 882 3907 tangentem
908 3845 1040 3906 perpen-

138 3915 280 3979 dicularis
316 3925 348 3978 et
375 3916 414 3978 ad
451 3927 551 3978 rectos
584 3916 750 3980 descendit.
803 3915 838 3977 Si
870 3933 941 3994 ergo
975 3915 1040 3994 quis

138 4003 258 4077 dixerit,
282 4005 480 4066 refractiores
504 4004 723 4084 proportionari
745 4003 793 4065 hie
817 4005 935 4082 angulis
959 4001 1039 4070 IEB.

138 4092 284 4154 concinna
302 4092 452 4154 videbitur
466 4093 541 4154 haec
559 4093 638 4154 ratio
658 4091 800 4154 metiendi
823 4091 1038 4166 refractioues3

140 4189 301 4262 propterea
335 4181 415 4260 quod
445 4181 485 4242 ad
518 4200 723 4262 quamcunque
757 4178 949 4242 altitudinem
972 4179 1120 4258 sphaerae
1153 4182 1233 4242 aleris
1267 4181 1401 4262 sequitur
1432 4204 1488 4244 sna

140 4269 278 4330 refractio
298 4269 431 4330 maxima
444 4268 650 4344 horizontalis,
674 4269 718 4330 ita
732 4276 766 4328 ut
780 4267 918 4328 videatur
932 4267 1136 4345 experientiae
1155 4269 1344 4332 sabsfocare.
1377 4271 1490 4337 Verum

140 4354 212 4417 haec
236 4377 352 4437 quaque
377 4356 457 4418 falsa
479 4364 537 4430 est,
561 4357 630 4436 quia
649 4356 692 4418 nti
716 4356 837 4429 dictum,
863 4363 988 4434 separat
1010 4356 1157 4418 rationem
1180 4358 1265 4420 denei
1284 4377 1303 4420 a
1320 4359 1416 4437 figura
1437 4377 1491 4421 seu

141 4441 320 4520 incidentia,
354 4463 433 4524 quae
462 4455 548 4508 erant
579 4443 794 4524 conjungenda.
841 4444 920 4506 Nam
948 4444 1006 4503 hac
1038 4443 1158 4521 quidem
1189 4446 1306 4508 ratione
1330 4465 1387 4507 nou
1413 4448 1490 4507 aliae
1518 4473 1523 4484 .

142 4529 257 4594 futurae
289 4532 355 4594 sint
385 4531 583 4594 refractiouee
615 4533 664 4594 vel
696 4533 806 4593 saltem
838 4531 1050 4592 refractionem
1084 4531 1269 4596 incrementa
1292 4554 1311 4596 a
1338 4534 1421 4596 uuila
1452 4537 1491 4596 ad
1545 4543 1548 4550 ’
1575 4605 1577 4610 ,

142 4635 293 4696 summam,
319 4621 387 4682 eive
410 4619 491 4681 tenui
515 4627 584 4682 aere
607 4639 661 4680 seu
684 4619 761 4680 vitro
785 4619 935 4698 pellucida
957 4617 1087 4697 sphaera
1109 4627 1238 4682 constet.
1275 4621 1369 4683 Patet
1392 4631 1491 4685 autem

141 4709 364 4784 experimentis,
388 4707 430 4768 in.
444 4707 622 4769 varietatem
645 4708 804 4768 densorum
827 4705 990 4768 mediorum
1007 4707 1106 4785 spargi
1127 4707 1219 4769 etiam
1242 4709 1490 4773 incrementorum

142 4791 274 4860 diversas
317 4797 445 4857 formas.
494 4795 659 4859 Praeterea
690 4796 715 4856 si
758 4795 953 4856 refractiones
986 4803 1089 4855 esseut
1119 4815 1138 4855 a
1168 4795 1234 4859 sola
1265 4799 1377 4878 figura,
1410 4799 1492 4864 nulla

1219 4901 1279 4956 12*
