3648 5530
325 279 391 346 522
904 274 934 326 ln
952 273 1095 339 Diophlcen

326 475 381 520 seu
405 453 623 534 inconspicuas,
647 451 765 516 omuino
788 469 900 532 magna
922 450 1007 514 deret
1029 451 1170 514 refractio
1200 449 1357 514 radiomm.
1402 450 1483 514 Nam
1504 448 1589 529 ignis
1612 447 1680 511 ideo

327 545 483 625 superiora
505 541 597 622 petit,
626 541 696 622 quia
719 541 863 603 tenuioris
892 547 940 602 est
967 539 1155 602 substantiae
1183 557 1273 620 quam
1295 545 1357 604 adr.
1403 539 1448 604 Ut
1469 539 1551 602 enim
1573 537 1683 600 inflata

328 634 433 696 vesica
455 651 493 692 ex
516 649 611 710 aquae
633 628 780 709 profundo
804 629 931 710 emergit
962 629 1093 708 pondere
1121 647 1217 708 aquae
1245 646 1362 692 sorsum
1392 629 1485 703 elisa,
1519 628 1565 704 sic
1589 624 1682 688 etiam

328 723 417 801 ignea
439 718 611 782 substantia
633 737 756 780 causam
780 737 924 780 ascensus
948 717 993 779 sui
1017 737 1054 780 ex
1077 718 1226 781 tenuitate
1250 736 1305 780 ena
1328 718 1535 798 consequitur,
1559 715 1685 796 pellitur

328 810 407 872 enim
430 828 449 868 a
472 807 654 870 circumduxi
677 807 757 868 aeris
780 806 922 869 crassiori
944 824 1079 886 corpore.

417 894 493 959 Cum
516 895 608 974 igitur
629 895 746 976 physici
769 896 886 970 dicant,
910 913 1003 976 supra
1025 895 1126 975 capita
1149 903 1254 956 nostra
1280 895 1490 960 circumfusam
1514 911 1584 955 esse
1609 891 1684 954 snb-

327 985 471 1048 stantiam
495 983 675 1064 pellucidam
700 983 866 1046 tenuiorem
889 990 959 1045 atre
976 983 1032 1045 hoc
1055 992 1167 1058 nostro,
1193 999 1302 1062 negare
1323 1001 1380 1045 uon
1404 991 1558 1063 poterunt,
1582 979 1685 1043 radios

327 1074 491 1136 visibilium
513 1073 544 1134 in
567 1072 698 1134 transitu
722 1073 880 1134 confinium
903 1072 998 1134 crassi
1021 1072 1100 1135 atris
1124 1071 1256 1152 et‘ignis
1281 1072 1425 1134 tenuioris
1449 1069 1685 1152 superficierum,

329 1180 503 1244 quecunque
527 1161 647 1242 oblique
678 1169 854 1236 transeunt,
886 1161 1028 1241 refringi:
1061 1168 1218 1222 transeunt
1249 1168 1350 1222 autern
1380 1159 1499 1241 oblique
1524 1160 1564 1222 ad
1589 1161 1688 1221 locum

330 1249 499 1331 spectantis
522 1260 643 1330 praeter
665 1268 755 1312 unum
780 1268 892 1312 omnes.
930 1251 1069 1330 Undique
1093 1250 1183 1328 igitur
1206 1267 1334 1329 magnae
1357 1250 1464 1312 flerent
1486 1247 1690 1311 retractiones

329 1339 489 1404 radiorum.

418 1426 597 1506 Argumenti
621 1425 667 1489 vis
691 1426 896 1507 experimento
920 1425 1013 1489 veluti
1037 1427 1075 1486 ad
1099 1425 1216 1489 oculum
1239 1423 1382 1505 explicari
1406 1431 1520 1503 potest.
1568 1423 1691 1486 Luceat

330 1515 385 1579 Sol
415 1524 521 1577 contra
559 1514 715 1595 parietem.
770 1515 968 1578 lnterlocetur
1002 1514 1185 1578 thuribulum
1219 1533 1285 1576 cnm
1319 1513 1499 1578 carbonibus
1532 1511 1630 1574 viris:
1665 1509 1689 1572 si

329 1603 510 1683 tranquillus
534 1603 575 1664 sit
598 1609 663 1678 abr,
688 1623 726 1664 ex
753 1604 904 1666 thuribulo
927 1610 1012 1667 recta
1042 1603 1186 1666 ascendet
1217 1603 1298 1664 rivus
1328 1601 1449 1682 qnidam
1481 1604 1590 1682 igneae
1614 1599 1691 1662 sub-

331 1693 481 1768 stantiae,
513 1691 594 1753 nullo
625 1691 705 1754 fumo
734 1691 885 1766 immixt03
919 1692 964 1754 sin
989 1692 1128 1754 ventulus
1155 1691 1300 1766 interflet,
1333 1690 1416 1752 rivus
1440 1691 1490 1754 ille
1518 1707 1626 1770 pamm
1651 1687 1690 1748 ad

332 1781 413 1844 latus
438 1781 581 1842 deflectet
603 1787 693 1841 vento
724 1782 908 1851 concedens,
933 1799 1052 1842 sursum
1075 1788 1175 1842 tamen
1203 1779 1397 1842 undulatione
1422 1799 1478 1842 sua
1505 1777 1689 1840 scaturiens.

331 1869 442 1932 Rivum
467 1869 544 1930 huno
567 1868 646 1947 ignis
670 1868 764 1930 oeulis
789 1889 846 1931 uon
875 1869 1079 1949 consequeris,
1112 1868 1221 1949 quippe
1249 1869 1347 1930 colore
1371 1869 1451 1929 omni
1469 1877 1637 1930 'carentem
1662 1875 1693 1926 et

332 1957 525 2039 pellucidum.
571 1955 666 2019 Atei
695 1957 840 2037 parietem
871 1959 1043 2038 oppositum
1075 1957 1224 2036 aspicias,
1258 1965 1385 2020 tremere
1418 1955 1538 2018 videbis
1568 1955 1693 2017 umbras

333 2065 432 2109 rerum
457 2053 542 2107 trans
565 2063 697 2126 prunam
714 2045 744 2108 in
760 2044 832 2109 Sole
855 2047 1031 2126 positamm,
1056 2065 1131 2126 quae
1154 2045 1278 2108 umbrae
1295 2062 1351 2124 per
1373 2045 1453 2108 hunc
1476 2045 1556 2124 ignis
1581 2044 1693 2106 fluxum

333 2134 532 2214 trajiciuntur.
580 2133 705 2196 Tremor
727 2153 799 2196 vero
828 2141 927 2196 motus
958 2134 1075 2214 species
1097 2141 1157 2196 eat.
1203 2134 1312 2213 Itaque
1341 2133 1419 2196 radii
1443 2131 1527 2195 Solis
1557 2131 1694 2194 umbram

273 2257 280 2264 ·
334 2221 614 2284 circumscribentes
637 2230 778 2298 tremunt,
802 2229 963 2302 propterea
986 2223 1064 2303 quod
1088 2222 1292 2285 ebullitionem
1320 2220 1404 2283 illam
1435 2221 1558 2300 igneam
1588 2229 1694 2284 trans-

335 2320 442 2372 euntes
473 2310 667 2388 franguntur,
699 2310 787 2390 idque
818 2311 899 2373 varie
921 2330 976 2393 pro
1004 2311 1089 2373 varia
1121 2308 1341 2390 superficierum
1370 2309 1451 2372 illius
1483 2311 1582 2373 fluxum
1615 2306 1696 2387 ignei

334 2396 624 2461 transformatione:
656 2417 693 2459 ex
717 2417 775 2479 qna
801 2399 986 2463 inconstanti
1017 2399 1177 2462 inflexione
1205 2397 1353 2461 radiorum
1377 2397 1406 2459 in
1432 2397 1590 2478 superficie
1614 2395 1697 2458 illius

336 2485 520 2550 ebullitionis
543 2487 675 2549 resultat
706 2487 882 2551 inconstans
905 2489 997 2550 etiam
1030 2488 1204 2550 inflexorum
1227 2505 1280 2550 seu
1304 2487 1504 2549 refractorum
1533 2485 1697 2548 incidentia

335 2576 365 2638 in
389 2574 550 2654 parietem,
575 2569 817 2656 inconstansque,
843 2577 971 2638 hucest
993 2585 1134 2650 tremene,
1161 2575 1282 2638 umbrae
1305 2574 1466 2655 projectio.
1515 2575 1583 2636 Hoc
1607 2573 1698 2651 igitur

336 2662 543 2743 experimento
567 2672 698 2738 constat,
724 2665 824 2728 radios
849 2665 924 2728 lucie
939 2664 967 2727 in
992 2664 1146 2744 superficie
1170 2663 1277 2744 igneae
1300 2663 1507 2738 substantiae,
1533 2668 1697 2743 quantum-

335 2752 382 2814 vis
406 2751 603 2831 inconspicua
625 2753 674 2826 sit,
699 2752 885 2817 sensibiliter
908 2753 1040 2832 refringi.
1081 2753 1174 2815 Nulla
1197 2750 1289 2831 igitur
1311 2751 1383 2812 talis
1408 2751 1501 2830 ignea
1524 2748 1699 2813 substantia

335 2841 391 2904 sub
415 2841 499 2902 coelo
527 2859 664 2920 expansa
687 2849 735 2902 est
762 2843 875 2904 uostris
904 2841 1060 2904 imminens
1088 2841 1254 2920 capitibus,
1289 2857 1384 2920 neque
1415 2841 1570 2904 fluctuans
1603 2857 1699 2919 neque

335 2929 510 3009 tranquilla,
535 2929 606 3008 quia
629 2929 841 2992 observatores
864 2931 995 2993 siderum
1019 2929 1139 3004 nullam,
1165 2947 1259 3008 neque
1284 2927 1444 2990 tremulam
1468 2927 1700 3008 deprehendunt

337 3019 494 3080 stellarum
521 3017 732 3080 refractionem
761 3018 878 3099 locique
910 3017 1160 3098 permutationem
1187 3034 1284 3096 neque
1312 3023 1522 3092 constantem,
1559 3035 1637 3096 quae
1662 3013 1701 3076 sit

337 3112 579 3167 commensurata
600 3105 712 3184 figurae
737 3107 883 3186 sphaerae
912 3108 1034 3187 igneee;
1064 3105 1190 3186 denique
1214 3105 1327 3167 nullam
1351 3105 1445 3168 aliam
1474 3113 1602 3185 praeter
1625 3121 1700 3178 eam,

341 3212 417 3272 qnae
441 3199 489 3254 est
512 3193 680 3272 superficiei
704 3195 793 3258 atris.
1243 3238 1246 3244 ,

427 3281 494 3342 Hoc
517 3281 718 3344 firmissimum
750 3291 957 3362 argumentum
986 3283 1069 3344 l’ena
1099 3279 1215 3343 rursum
1247 3287 1363 3343 tractat
1393 3280 1540 3344 incaute:
1575 3279 1702 3358 dumque

340 3387 439 3430 muros
463 3369 563 3447 quatit
585 3368 732 3449 sphaerae
755 3372 872 3451 igneae,
896 3370 986 3434 nimio
1006 3369 1110 3433 arietis
1129 3368 1217 3448 hujus
1237 3369 1367 3448 impulsu
1382 3391 1401 3432 a
1415 3389 1450 3430 se
1466 3370 1534 3449 ipae
1559 3367 1702 3432 laeditur.

338 3457 433 3518 Putat
456 3456 494 3516 ad
519 3457 691 3520 firmitatem
711 3459 879 3538 argumenti
901 3458 1061 3538 pertinere,
1085 3457 1111 3519 si
1124 3457 1213 3538 plane
1230 3457 1330 3519 nullas
1345 3456 1479 3522 siderum
1504 3457 1704 3521 retractiones

339 3545 493 3608 admittat.
539 3547 647 3625 Itaque
680 3565 737 3606 non
771 3547 890 3609 dubitet
922 3547 1015 3609 etiam
1047 3544 1308 3612 observationibus
1337 3553 1585 3608 astronomorum
1617 3546 1704 3610 tidem

339 3636 502 3714 derogare,
538 3651 613 3713 quas
646 3633 773 3698 Vitellio
807 3635 938 3698 adducit.
989 3635 1119 3698 Dixerat
1138 3632 1290 3708 Vitellio,
1322 3634 1450 3714 refringi
1482 3635 1588 3698 radios
1620 3632 1704 3705 lucis,

339 3723 429 3802 idque
453 3723 484 3784 in
506 3722 595 3784 Luna
628 3722 753 3797 sentiri,
787 3724 871 3803 anus
903 3742 994 3803 saepe
1023 3723 1083 3786 alia
1114 3721 1254 3784 videatur
1285 3721 1433 3797 latitudo,
1467 3743 1559 3804 qoam
1587 3721 1705 3803 qualem

340 3812 464 3874 tabulae
490 3819 622 3874 motuum
646 3811 822 3874 admittant.
868 3811 953 3874 Pena
976 3811 1113 3885 occurrit,
1138 3829 1197 3872 non
1221 3827 1289 3872 esse
1314 3810 1343 3874 iu
1367 3831 1465 3874 cauea
1489 3811 1706 3875 refractionem

340 3900 395 3961 sed
418 3899 599 3979 parallaxin,
624 3919 687 3962 rem
709 3907 812 3962 notam
836 3899 1028 3962 astronomis.
1066 3898 1145 3960 Mira
1171 3897 1340 3976 mehercule
1368 3898 1485 3980 negotii
1508 3899 1706 3982 perplexitas.

339 3989 420 4052 Nam
445 3996 476 4050 et
504 3997 628 4068 uterque
662 4005 764 4051 verum
798 3988 908 4067 dogma
939 3987 1033 4049 habet
1061 3995 1092 4048 et
1121 3994 1245 4068 uterque
1273 3984 1304 4047 id
1331 3986 1567 4068 impertinenter
1599 3987 1708 4068 prohat

341 4077 476 4156 interque
495 4077 682 4157 probandum
704 4077 734 4138 in
754 4095 870 4138 errores
894 4075 999 4138 incidit
1019 4076 1099 4136 circa
1118 4093 1168 4138 res
1188 4081 1345 4154 cognatas.
1370 4075 1456 4138 Vere
1479 4077 1556 4139 dicit
1571 4075 1707 4150 Vitellio,

342 4165 516 4244 contingere
541 4163 764 4228 incurvationes
788 4165 939 4228 radiorum
964 4162 1136 4225 sideralium
1155 4163 1193 4225 ob
1217 4163 1402 4226 densitatem
1427 4165 1522 4227 atris.
1570 4165 1655 4227 Vere
1677 4172 1710 4224 'et

341 4253 398 4314 hoc
422 4254 512 4326 dicit,
549 4252 602 4314 sed
632 4253 772 4327 fortuito,
805 4253 834 4314 id
866 4252 894 4312 in
919 4251 1006 4314 Luna
1039 4249 1230 4332 deprehendi.
1276 4249 1340 4314 Sed
1364 4254 1445 4332 quod
1477 4251 1708 4334 praesupponit,

343 4341 410 4402 loca
437 4341 543 4402 Lunae
575 4340 736 4403 irretracta
766 4359 803 4402 ex
836 4341 951 4402 calculo
983 4339 1063 4402 illius
1096 4340 1141 4401 sui
1173 4339 1318 4419 temporis
1350 4340 1527 4405 certissime
1564 4339 1708 4422 depromi,

344 4446 437 4508 eoque
465 4429 601 4508 regulam
631 4427 740 4490 statuit
772 4429 1027 4490 aestimandarnm
1061 4427 1302 4490 observationum
1327 4436 1360 4490 et
1384 4430 1708 4509 depreb‘endendamnr

344 4530 398 4591 per
422 4535 474 4576 eae
498 4516 726 4588 refractionem,
751 4516 944 4578 vehementer
967 4516 1086 4596 quidem
1115 4517 1257 4596 deceptus
1282 4516 1347 4578 fnit.
1397 4517 1511 4600 Itaque
1536 4538 1598 4582 non
1623 4518 1709 4582 facile

346 4599 485 4677 dixerim,
519 4611 589 4664 anta
619 4604 789 4684 Tychonem
817 4603 917 4665 Brahe
941 4623 960 4664 a
988 4622 1133 4683 quoquam
1165 4604 1370 4684 deprehensas
1404 4625 1476 4668 esse
1510 4608 1711 4671 refractionea
1800 4611 1801 4624 ³

348 4685 461 4762 Lunae,
495 4707 553 4752 nou
578 4697 695 4752 tantum
718 4691 756 4752 ob
780 4689 1020 4752 incertitudinem
1052 4692 1168 4774 antiqui
1190 4692 1314 4767 calculi,
1344 4694 1522 4758 sedetiam
1547 4697 1587 4760 ob
1612 4695 1709 4776 negli-

349 4774 481 4848 gentiam
511 4776 739 4840 observatorum
771 4779 912 4858 priomm.
941 4777 1166 4857 ·Deprehendit
1197 4788 1298 4842 antam
1330 4781 1474 4846 Braheua
1507 4785 1711 4850 refractiones
