3700 5530
369 301 435 372 644
844 303 884 357 ne
903 299 1240 368 serenovasupemmr

370 502 464 560 suurn,
488 483 519 546 in
542 500 628 564 quern
650 481 822 562 respiciunt,
848 480 992 544 indidisse
1015 479 1123 544 mundo
1147 480 1280 561 adeoque
1305 485 1340 542 ct
1359 478 1516 562 sibiipsis.
1563 481 1632 544 Inro
1652 497 1720 542 vero

369 575 453 655 ipsae
475 572 531 635 hae
556 569 706 634 essentiae
730 570 902 650 spirituales
926 572 1042 653 corpori
1065 570 1211 632 movendo
1234 575 1360 650 aptatae
1387 572 1559 652 suscepisse
1582 569 1723 632 videntur

369 665 479 744 figuras
503 661 710 744 geometricas,
736 660 903 724 admirabili
927 661 1054 742 quodam
1077 660 1166 722 modo
1185 666 1216 721 et
1230 659 1307 721 citra
1320 659 1475 736 materiae,
1499 679 1560 742 qua
1583 659 1724 722 videntur

370 769 487 828 carere,
520 749 735 813 distensionem
757 750 786 813 in
814 751 923 832 spatia.
968 749 1090 813 Dixeris
1116 749 1186 810 illas
1217 767 1285 811 esse
1313 757 1425 828 puncta
1452 750 1571 831 quidem
1600 749 1722 811 matbe-

369 840 507 914 metica,¹
531 841 584 904 sed
608 858 684 920 quae
706 840 865 920 plagarum
888 839 1108 902 distinctionem
1133 838 1162 900 in
1187 857 1254 900 sese
1278 838 1455 914 admittant;
1478 847 1593 920 puncta
1615 857 1723 919 nempe
1818 915 1819 924 ρ

369 929 527 1012 aliqualis,
557 937 668 1012 puncta
691 929 780 1005 talia,
812 929 913 1012 qualia
935 929 1009 992 llunt
1031 948 1068 990 ex
1091 927 1224 990 sectione
1248 934 1397 990 certorum
1419 928 1493 991 lucis
1517 929 1670 992 radiorum
1694 929 1723 990 in
1818 995 1819 1012 ,

368 1039 457 1082 unum
481 1017 726 1082 concurrentium.
1818 1017 1819 1046 ¹

456 1109 624 1190 Propterea
653 1108 765 1188 figuras
792 1108 912 1171 oblatas
939 1106 1125 1170 extrinsecus
1152 1105 1231 1168 intro
1264 1104 1411 1186 recipiunt
1440 1126 1459 1167 a
1490 1105 1580 1169 rebus
1603 1104 1724 1186 quidem

369 1198 520 1279 cognatis,
554 1205 589 1260 ut
611 1217 630 1258 a
652 1197 717 1260 luce
741 1207 772 1260 et
795 1197 975 1260 coelestibus
999 1195 1181 1265 lucentibus,
1213 1203 1244 1256 et
1273 1195 1391 1275 quoties
1420 1194 1495 1257 radii
1518 1195 1658 1258 binorum
1681 1195 1725 1256 sio
1818 1245 1819 1266 ,

251 1327 255 1343 ›
369 1293 494 1356 coeunt,
524 1294 558 1350 υι
589 1287 787 1350 rudimentum
810 1291 1052 1368 repraesentetur
1075 1285 1187 1365 figurae
1219 1283 1376 1366 aptabilis,
1410 1303 1463 1346 seu
1495 1287 1534 1348 ad
1566 1283 1725 1366 planitiem
1818 1337 1819 1346 ι

370 1377 603 1439 continuandam
627 1395 679 1437 seu
703 1377 742 1438 ad
766 1376 893 1439 solidam
916 1377 1039 1456 figuram
1063 1374 1092 1435 in
1115 1392 1181 1434 sese
1197 1373 1443 1446 concludendam,
1466 1375 1558 1437 toties
1583 1383 1619 1436 et
1640 1373 1724 1454 ipsae

369 1485 453 1528 suam
476 1465 560 1528 illam
583 1465 744 1528 creationis
767 1465 943 1546 imaginem,
976 1464 1006 1526 h.
1031 1484 1056 1527 e.
1086 1481 1241 1544 corporum
1270 1482 1389 1526 suorum
1417 1465 1580 1527 motionem
1609 1463 1724 1543 impetu

369 1564 460 1638 capto
483 1553 655 1617 instaurant
678 1555 810 1631 alacres,
835 1563 926 1636 atque
949 1554 994 1629 id,
1028 1553 1106 1634 quod
1128 1560 1272 1634 perpetuo
1296 1553 1414 1633 quidem
1438 1561 1544 1634 agunt,
1570 1553 1634 1616 illis
1658 1571 1725 1615 mo·

368 1643 478 1708 mentis
502 1652 596 1726 agunt
618 1643 722 1705 sedulo
746 1653 867 1706 etcum
890 1643 999 1722 insigni
1023 1659 1165 1710 excessu,
1190 1641 1306 1705 fervore
1330 1643 1457 1723 quodam
1480 1643 1665 1706 concitatae.

457 1733 562 1814 Neque
595 1739 696 1795 tamen
728 1734 773 1796 sic
812 1740 914 1794 amant
948 1731 1114 1813 promiscue
1156 1749 1259 1792 omnes
1296 1733 1407 1812 figuras
1438 1749 1725 1810 conmonuemus:

370 1823 423 1885 sed
450 1822 480 1885 in
504 1821 564 1885 illis
588 1821 737 1885 delectum
759 1822 873 1885 habent
894 1821 986 1896 hunc,
1017 1829 1051 1882 ut
1073 1819 1185 1882 minore
1209 1838 1330 1882 numero
1354 1841 1374 1882 a
1395 1823 1508 1902 majore
1538 1831 1569 1885 et
1593 1844 1612 1884 a
1637 1823 1724 1884 diffe-

368 1912 483 1989 rentia,
516 1912 565 1974 vel
588 1911 646 1973 hac
669 1911 782 1974 abillo
806 1911 945 1974 continue
969 1908 1147 1984 subtractis,
1177 1927 1281 1972 omnes
1313 1929 1405 1992 usque
1429 1911 1467 1973 ad
1491 1913 1642 1974 unitatem
1666 1911 1726 1973 siut

369 2003 530 2084 figurarum
563 2021 840 2080 ooporozocqarme
870 2008 970 2061 notae.
1025 1999 1069 2061 Ut
1099 1997 1175 2061 ratio
1209 1996 1292 2062 5ad
1315 1996 1336 2063 8
1361 2007 1409 2061 εει
1434 2001 1626 2077 harmonica,
1657 2001 1726 2080 quia

370 2089 390 2155 5
416 2091 452 2152 de
476 2087 497 2154 8
520 2090 624 2152 ablata
646 2090 818 2172 relinquunt
840 2088 871 2165 3,
896 2109 970 2170 quae
990 2085 1043 2150 a5
1063 2088 1167 2150 ablata
1189 2088 1360 2168 relinquunt
1374 2087 1405 2165 2,
1430 2108 1506 2170 quae
1528 2107 1549 2152 a
1573 2088 1593 2154 3
1619 2090 1726 2152 ablata

371 2179 544 2260 relinquunt
569 2177 598 2241 1.
643 2177 686 2242 Et
711 2178 739 2249 1,
763 2177 793 2255 2,
819 2177 849 2252 3,
874 2176 903 2254 5,
928 2174 949 2241 8
979 2197 1082 2240 omnes
1108 2177 1222 2239 numeri
1255 2186 1325 2240 sunt
1355 2177 1516 2259 figurarum
1545 2179 1725 2262 optabilium

371 2267 627 2330 denominationes
647 2277 699 2330 aut
719 2277 809 2330 notae
822 2266 920 2350 partis
934 2267 1092 2330 rationalis
1107 2265 1143 2327 de
1159 2267 1277 2342 circulo,
1302 2268 1483 2347 geometrice
1505 2268 1725 2349 designandae.

369 2357 450 2423 Nam
476 2355 490 2420 1
518 2355 667 2436 significat
698 2365 810 2434 totum,
844 2354 865 2419 2
898 2356 1049 2419 dimidium
1082 2355 1232 2418 circulum.
1278 2355 1325 2418 Ex
1358 2375 1417 2438 qua
1446 2357 1725 2439 circumscriptione
1820 2431 1821 2434 Ἴ

370 2454 439 2512 octo
462 2445 596 2509 oriuntur
618 2447 762 2523 rationes,
788 2445 894 2528 quibus
918 2445 1001 2508 nulla
1024 2445 1139 2518 deesse,
1165 2445 1248 2506 nulla
1267 2445 1337 2508 addi
1349 2453 1463 2528 potest,
1486 2466 1611 2528 quarum
1629 2466 1724 2528 quae-
1820 2469 1821 2474 ¹

369 2535 446 2599 libet
477 2535 506 2596 in
536 2535 677 2598 circulum
710 2538 863 2599 translata
896 2535 1016 2597 modum
1048 2533 1097 2595 uni
1130 2533 1310 2614 praescribit
1341 2536 1541 2599 radiationum
1575 2536 1723 2618 aspectui.

370 2623 455 2698 Quas
478 2624 610 2687 rationes
634 2645 653 2687 a
675 2633 784 2688 natura
808 2645 904 2688 rerum
930 2623 1114 2704 approbatas
1138 2641 1220 2700 esse,
1250 2624 1299 2706 qui
1323 2643 1379 2686 non
1402 2633 1505 2706 potest
1529 2628 1671 2689 credere:
1700 2626 1724 2686 is
1820 2627 1821 2658 ³

370 2733 437 2778 cunr
460 2713 497 2776 iis
521 2714 563 2776 sic
588 2714 726 2777 formatis
749 2715 779 2777 in
803 2715 946 2777 musicam
971 2732 1003 2773 se
1027 2712 1172 2786 conferat,
1196 2732 1254 2775 non
1277 2713 1458 2793 probatnms
1481 2715 1670 2778 radiationes
1689 2733 1724 2776 eu

369 2803 503 2876 vocibus,
529 2804 582 2865 sed
606 2803 739 2866 rationes
762 2823 833 2866 vere
855 2801 1055 2877 harmonicas,
1081 2819 1156 2881 quas
1179 2801 1209 2863 in
1224 2803 1425 2865 radiationum
1444 2804 1724 2886 exemploobscuro
1820 2845 1821 2866 2

369 2893 467 2956 minus
489 2891 659 2974 perspicere
682 2901 795 2975 potest,
817 2893 998 2973 probaturus
1021 2891 1050 2952 in
1075 2891 1203 2952 musices
1226 2891 1356 2954 clariori.
1402 2893 1485 2956 h'ihil
1505 2893 1644 2975 equidem
1659 2893 1725 2954 voci
1820 2899 1821 2902 ’

373 3001 527 3045 commune
552 3000 617 3044 cum
641 2980 761 3057 lumine,
786 2991 818 3043 at
833 2979 1047 3044 consonantiae
1071 2998 1176 3042 vocum
1200 2998 1266 3042 cum
1289 2981 1462 3062 aspectibus
1486 2983 1628 3045 luminum
1654 3001 1723 3045 coe-
1820 3017 1821 3022 κ

371 3071 492 3135 Iastium
516 3071 679 3134 communis
702 3079 751 3134 est
773 3069 939 3134 numeratio
964 3077 995 3131 et
1017 3069 1099 3149 origo
1123 3069 1307 3148 geometrica
1330 3080 1362 3133 et
1384 3071 1615 3152 cosmopoetica.
1820 3149 1821 3152 Ἴ

459 3161 598 3222 Inveniet
621 3168 720 3223 autern
748 3161 778 3223 in
809 3161 923 3223 musica
946 3158 1121 3221 chordarum
1144 3159 1352 3240 proportiones
1376 3161 1415 3222 ad
1438 3179 1565 3242 unguem
1588 3162 1724 3236 easdem,
1820 3239 1821 3244 ἵ

373 3247 491 3332 quoties
521 3249 596 3310 bene
625 3257 792 3312 consonant
820 3250 894 3312 soni.
939 3249 982 3311 At
1015 3255 1101 3322 tunc,
1134 3267 1170 3308 ne
1202 3247 1273 3311 mibi
1305 3259 1481 3312 annumeret
1511 3269 1602 3312 voces
1637 3251 1724 3313 unius
1820 3261 1821 3312 l

357 3345 500 3400 'octavae
525 3337 564 3398 ad
587 3337 674 3418 algua
696 3339 821 3414 zodiaci,
847 3338 917 3420 quid
941 3337 1020 3400 enim
1043 3336 1178 3410 interest,
1204 3335 1273 3399 'lan
1290 3336 1332 3400 10
1349 3339 1509 3402 intervalla
1532 3341 1599 3420 quis
1622 3340 1653 3401 in
1667 3359 1725 3402 uno

374 3433 541 3510 systemata
564 3430 612 3488 oea
634 3447 738 3491 aanor
764 3427 920 3490 numeret?
965 3425 1027 3488 Sed
1059 3426 1116 3487 hoo
1146 3435 1233 3507 agat,
1267 3427 1410 3508 spatium,
1445 3447 1534 3509 snper
1565 3429 1645 3510 quod
1677 3437 1727 3492 est

375 3515 490 3578 chorda
514 3523 611 3584 tensa,
635 3516 678 3576 ad'
697 3525 797 3600 typum
822 3515 936 3579 zodiaci
960 3532 1013 3595 per
1037 3513 1056 3576 7
1080 3523 1221 3596 aspectus
1244 3515 1333 3578 divisi
1356 3525 1386 3579 et
1410 3517 1439 3578 in
1460 3517 1579 3598 longum
1596 3517 1725 3594 extensi,
1819 3583 1821 3612 r

376 3604 470 3686 siguis
495 3604 620 3680 dividat,
645 3624 683 3667 ne
700 3606 794 3688 pilum
818 3627 838 3667 a
859 3604 1042 3686 geometrica
1064 3605 1122 3667 hac
1145 3605 1277 3666 sectione
1301 3606 1469 3682 declinane;
1493 3608 1601 3670 deinde
1616 3627 1725 3688 maga·
1820 3613 1821 3686 j

374 3695 454 3757 dium
479 3693 543 3756 sive
568 3693 737 3777 ephippinm
761 3695 887 3776 singulis
911 3693 1088 3756 divisionum
1111 3694 1191 3755 notis
1214 3695 1358 3776 applicet,
1392 3704 1424 3758 et
1444 3697 1570 3776 primurn
1600 3697 1725 3759 liberam

378 3783 520 3846 chordam
542 3785 651 3865 pulset,
677 3784 783 3846 deinde
806 3791 961 3865 utramque
985 3783 1113 3846 chordae
1131 3791 1248 3863 partem
1268 3785 1463 3848 incumbentis
1482 3785 1623 3868 ephippio
1638 3806 1728 3867 super

375 3873 460 3936 illam
483 3880 587 3936 notam
610 3873 780 3937 divisionis:
804 3881 876 3938 tunc
900 3870 1070 3955 apparebit,
1095 3873 1221 3935 totidem
1244 3874 1385 3936 constitui
1408 3876 1528 3956 copulas
1552 3895 1605 3936 seu
1629 3877 1726 3957 trigas

377 3980 483 4024 vocum
507 3963 747 4040 consonantium,
782 3970 855 4044 quot
877 3962 999 4024 exhibet
1021 3981 1089 4024 mea
1112 3961 1243 4024 definitio
1266 3964 1399 4025 rationes
1421 3965 1624 4038 harmonicas,
1654 3973 1726 4046 quot

260 4065 263 4068 ·
380 4051 470 4113 etiam
501 4051 533 4113 in
566 4052 648 4115 coelo
681 4070 801 4116 numero
834 4059 990 4133 aspectus,
1025 4050 1129 4112 addita
1161 4051 1378 4133 conjunctione.
1434 4052 1508 4116 Cum
1540 4073 1615 4116 voce
1648 4056 1726 4117 enirn

378 4146 522 4220 suscepta
543 4141 667 4221 primum
699 4142 779 4223 ipsa,
804 4141 872 4203 dein
896 4147 1010 4222 septem
1032 4140 1120 4220 bigae
1143 4139 1236 4217 aliae,
1269 4149 1321 4204 ut:
1345 4143 1387 4204 11.
1415 4143 1506 4205 tertia
1536 4143 1636 4206 mollis
1661 4163 1728 4206 cum

379 4230 483 4312 quinta
515 4247 606 4310 supra
636 4238 773 4293 octavam
807 4229 967 4311 duplicem;
1000 4229 1056 4292 III.
1081 4229 1173 4291 tertia
1205 4230 1280 4292 dura
1307 4251 1373 4294 cum
1402 4233 1493 4295 tertia
1527 4233 1603 4294 dura
1634 4251 1728 4315 supra

379 4326 518 4380 octavam
542 4317 705 4400 duplicem;
732 4321 789 4382 IV.
815 4329 923 4401 quarta
952 4339 1017 4382 cum
1040 4326 1149 4380 octava
1173 4319 1297 4401 duplici;
1327 4320 1365 4383 V.
1391 4320 1493 4402 quinta
1520 4341 1585 4384 curn
1621 4324 1728 4403 quinta

381 4427 471 4491 supra
493 4414 646 4484 octavam;
674 4409 732 4472 VI.
762 4418 851 4471 sexta
877 4409 977 4471 mollis
1004 4427 1069 4471 cum
1099 4415 1207 4489 quarta
1236 4428 1327 4492 supra
1350 4418 1501 4486 octavam3
1531 4411 1606 4473 VH.
1636 4419 1728 4472 sexta

380 4498 455 4560 dura
477 4516 543 4560 cum
566 4498 658 4560 tertia
680 4499 753 4560 dura
776 4516 867 4580 supra
889 4507 1043 4572 octavam3
1076 4497 1163 4561 VIII.
1189 4505 1298 4560 octava
1320 4519 1386 4561 curn
1410 4500 1471 4562 alia
1494 4508 1615 4575 octava,
1651 4519 1726 4562 con-

380 4587 519 4662 cordant3
544 4605 618 4669 quae
640 4588 746 4649 ultima
769 4605 834 4650 cunr
857 4587 997 4650 chordam
1020 4586 1144 4662 hisecet,
1165 4587 1228 4668 jam
1245 4588 1275 4650 in
1289 4589 1403 4670 reliqua
1417 4589 1578 4652 medietate
1592 4589 1725 4651 chordae

381 4674 512 4738 secanda
526 4675 647 4738 eaedem
667 4675 768 4740 ordine
785 4677 933 4738 contrario
949 4677 1161 4738 consonantiae
1175 4677 1370 4754 invenientur,
1393 4685 1428 4741 ut
1449 4680 1480 4740 in
1495 4679 1591 4740 altera
1607 4677 1727 4740 zodiaci

335 4839 338 4843 .
382 4764 543 4826 medietate
575 4764 666 4827 iidem
699 4773 848 4846 aspectus.
894 4765 958 4828 Nec
985 4766 1086 4844 plures
1113 4785 1168 4828 nec
1200 4766 1277 4829 aliae
1304 4765 1429 4830 inveniri
1460 4775 1586 4848 possunt
1618 4768 1725 4830 auditu

378 4849 478 4939 judice
500 4852 529 4918 in
553 4851 666 4916 chorda
686 4855 784 4935 trIgae
807 4873 922 4918 vocum.
969 4855 1011 4918 Ει
1032 4855 1101 4936 quid
1129 4854 1232 4918 multis
1257 4856 1353 4918 alieno
1382 4857 1468 4920 loco?
1513 4857 1655 4928 Postulo,
1689 4864 1725 4917 υι
1820 4909 1821 4920 ,
