<?xml version="1.0" encoding="UTF-8"?>
<!DOCTYPE html PUBLIC "-//W3C//DTD XHTML 1.0 Transitional//EN"
    "http://www.w3.org/TR/xhtml1/DTD/xhtml1-transitional.dtd">
<html xmlns="http://www.w3.org/1999/xhtml" xml:lang="en" lang="en">
 <head>
  <title>
</title>
<meta http-equiv="Content-Type" content="text/html;charset=utf-8" />
  <meta name='ocr-system' content='tesseract 3.04.00' />
  <meta name='ocr-capabilities' content='ocr_page ocr_carea ocr_par ocr_line ocrx_word'/>
</head>
<body>
  <div class='ocr_page' id='page_1' title='image "./joanniskepleria02unkngoog/joanniskepleria02unkngoog_0618.png"; bbox 0 0 3700 5530; ppageno 0'>
   <div class='ocr_carea' id='block_1_1' title="bbox 769 267 1563 348">
    <p class='ocr_par' dir='ltr' id='par_1_1' title="bbox 769 267 1563 348">
     <span class='ocr_line' id='line_1_1' title="bbox 769 267 1563 348; baseline -0.003 -26"><span class='ocrx_word' id='word_1_1' title='bbox 769 269 800 324; x_wconf 86' lang='lat' dir='ltr'>de</span> <span class='ocrx_word' id='word_1_2' title='bbox 818 267 899 322; x_wconf 83' lang='lat' dir='ltr'>Stella</span> <span class='ocrx_word' id='word_1_3' title='bbox 914 268 996 322; x_wconf 83' lang='lat' dir='ltr'>Nora.</span> <span class='ocrx_word' id='word_1_4' title='bbox 1145 342 1148 348; x_wconf 17' lang='grc' dir='ltr'>ἱ</span> <span class='ocrx_word' id='word_1_5' title='bbox 1498 271 1563 342; x_wconf 76' lang='lat'>585</span> 
     </span>
    </p>
   </div>
   <div class='ocr_carea' id='block_1_2' title="bbox 204 443 1576 1239">
    <p class='ocr_par' dir='ltr' id='par_1_2' title="bbox 204 443 1576 1239">
     <span class='ocr_line' id='line_1_2' title="bbox 293 443 1564 528; baseline 0.006 -20"><span class='ocrx_word' id='word_1_6' title='bbox 293 443 392 526; x_wconf 76' lang='lat' dir='ltr'>Atqui</span> <span class='ocrx_word' id='word_1_7' title='bbox 414 462 473 506; x_wconf 91' lang='lat' dir='ltr'>non</span> <span class='ocrx_word' id='word_1_8' title='bbox 497 452 616 511; x_wconf 88' lang='lat' dir='ltr'>tantam</span> <span class='ocrx_word' id='word_1_9' title='bbox 646 446 777 513; x_wconf 84' lang='lat' dir='ltr'>ecelesia</span> <span class='ocrx_word' id='word_1_10' title='bbox 807 448 838 510; x_wconf 91' lang='lat' dir='ltr'>ia</span> <span class='ocrx_word' id='word_1_11' title='bbox 871 465 996 528; x_wconf 79' lang='lat' dir='ltr'>genere,</span> <span class='ocrx_word' id='word_1_12' title='bbox 1030 445 1084 510; x_wconf 88' lang='lat' dir='ltr'>sed</span> <span class='ocrx_word' id='word_1_13' title='bbox 1116 447 1208 510; x_wconf 87' lang='lat' dir='ltr'>etiam</span> <span class='ocrx_word' id='word_1_14' title='bbox 1237 447 1266 510; x_wconf 91' lang='lat' dir='ltr'>in</span> <span class='ocrx_word' id='word_1_15' title='bbox 1300 447 1401 528; x_wconf 85' lang='lat' dir='ltr'>specie</span> <span class='ocrx_word' id='word_1_16' title='bbox 1424 448 1564 516; x_wconf 84' lang='lat' dir='ltr'>Romana</span> 
     </span>
     <span class='ocr_line' id='line_1_3' title="bbox 205 533 1561 616; baseline 0.007 -22"><span class='ocrx_word' id='word_1_17' title='bbox 205 533 336 596; x_wconf 88' lang='lat' dir='ltr'>ecclesia</span> <span class='ocrx_word' id='word_1_18' title='bbox 358 554 377 594; x_wconf 87' lang='lat' dir='ltr'>a</span> <span class='ocrx_word' id='word_1_19' title='bbox 400 534 484 595; x_wconf 89' lang='lat' dir='ltr'>coelo</span> <span class='ocrx_word' id='word_1_20' title='bbox 508 534 694 613; x_wconf 87' lang='lat' dir='ltr'>significatur</span> <span class='ocrx_word' id='word_1_21' title='bbox 717 555 754 598; x_wconf 82' lang='lat' dir='ltr'>ex</span> <span class='ocrx_word' id='word_1_22' title='bbox 777 536 917 598; x_wconf 87' lang='lat' dir='ltr'>instituto</span> <span class='ocrx_word' id='word_1_23' title='bbox 936 535 1010 609; x_wconf 92' lang='lat' dir='ltr'>Dei,</span> <span class='ocrx_word' id='word_1_24' title='bbox 1035 537 1166 598; x_wconf 88' lang='lat' dir='ltr'>volentis</span> <span class='ocrx_word' id='word_1_25' title='bbox 1190 537 1269 616; x_wconf 91' lang='lat' dir='ltr'>loqui</span> <span class='ocrx_word' id='word_1_26' title='bbox 1292 538 1561 604; x_wconf 84' lang='lat' dir='ltr'>onmhominibus.</span> 
     </span>
     <span class='ocr_line' id='line_1_4' title="bbox 204 621 1561 708; baseline 0.004 -24"><span class='ocrx_word' id='word_1_27' title='bbox 204 621 326 684; x_wconf 81' lang='lat' dir='ltr'>Etenim</span> <span class='ocrx_word' id='word_1_28' title='bbox 352 621 378 684; x_wconf 91' lang='lat' dir='ltr'>sl</span> <span class='ocrx_word' id='word_1_29' title='bbox 403 621 458 682; x_wconf 87' lang='lat' dir='ltr'>hon</span> <span class='ocrx_word' id='word_1_30' title='bbox 481 622 679 702; x_wconf 79' lang='lat' dir='ltr'><strong>probabiliter</strong></span> <span class='ocrx_word' id='word_1_31' title='bbox 711 627 857 699; x_wconf 80' lang='lat' dir='ltr'>concessi,</span> <span class='ocrx_word' id='word_1_32' title='bbox 882 642 940 685; x_wconf 91' lang='lat' dir='ltr'>non</span> <span class='ocrx_word' id='word_1_33' title='bbox 966 643 1032 685; x_wconf 83' lang='lat' dir='ltr'>esse</span> <span class='ocrx_word' id='word_1_34' title='bbox 1057 625 1234 697; x_wconf 89' lang='lat' dir='ltr'>absurdum,</span> <span class='ocrx_word' id='word_1_35' title='bbox 1260 634 1294 686; x_wconf 91' lang='lat' dir='ltr'>nt</span> <span class='ocrx_word' id='word_1_36' title='bbox 1317 626 1456 708; x_wconf 88' lang='lat' dir='ltr'>loquatur</span> <span class='ocrx_word' id='word_1_37' title='bbox 1478 629 1561 690; x_wconf 91' lang='lat' dir='ltr'>Deus</span> 
     </span>
     <span class='ocr_line' id='line_1_5' title="bbox 205 712 1563 789; baseline 0.005 -17"><span class='ocrx_word' id='word_1_38' title='bbox 205 730 271 772; x_wconf 92' lang='lat' dir='ltr'>cum</span> <span class='ocrx_word' id='word_1_39' title='bbox 314 719 402 788; x_wconf 90' lang='lat' dir='ltr'>gente</span> <span class='ocrx_word' id='word_1_40' title='bbox 441 712 658 789; x_wconf 78' lang='lat' dir='ltr'>astrologorum</span> <span class='ocrx_word' id='word_1_41' title='bbox 701 713 822 774; x_wconf 89' lang='lat' dir='ltr'>minime</span> <span class='ocrx_word' id='word_1_42' title='bbox 863 728 1039 788; x_wconf 88' lang='lat' dir='ltr'>numerosa,</span> <span class='ocrx_word' id='word_1_43' title='bbox 1081 721 1113 773; x_wconf 90' lang='lat' dir='ltr'>et</span> <span class='ocrx_word' id='word_1_44' title='bbox 1155 715 1282 774; x_wconf 82' lang='lat' dir='ltr'>formare</span> <span class='ocrx_word' id='word_1_45' title='bbox 1319 735 1373 776; x_wconf 90' lang='lat' dir='ltr'>sna</span> <span class='ocrx_word' id='word_1_46' title='bbox 1402 717 1495 778; x_wconf 90' lang='lat' dir='ltr'>verba</span> <span class='ocrx_word' id='word_1_47' title='bbox 1525 737 1563 778; x_wconf 84' lang='lat' dir='ltr'>ex</span> 
     </span>
     <span class='ocr_line' id='line_1_6' title="bbox 205 792 1576 883; baseline 0.007 -23"><span class='ocrx_word' id='word_1_48' title='bbox 205 798 359 879; x_wconf 84' lang='lat' dir='ltr'>principiis</span> <span class='ocrx_word' id='word_1_49' title='bbox 384 800 566 880; x_wconf 79' lang='lat' dir='ltr'>astrologiae</span> <span class='ocrx_word' id='word_1_50' title='bbox 589 800 728 881; x_wconf 87' lang='lat' dir='ltr'>propriis,</span> <span class='ocrx_word' id='word_1_51' title='bbox 754 801 825 864; x_wconf 89' lang='lat' dir='ltr'>licet</span> <span class='ocrx_word' id='word_1_52' title='bbox 839 792 945 882; x_wconf 85' lang='lat' dir='ltr'>parum</span> <span class='ocrx_word' id='word_1_53' title='bbox 960 801 1063 874; x_wconf 90' lang='lat' dir='ltr'>certis,</span> <span class='ocrx_word' id='word_1_54' title='bbox 1086 803 1180 864; x_wconf 91' lang='lat' dir='ltr'>multo</span> <span class='ocrx_word' id='word_1_55' title='bbox 1201 803 1298 865; x_wconf 90' lang='lat' dir='ltr'>minus</span> <span class='ocrx_word' id='word_1_56' title='bbox 1318 803 1376 865; x_wconf 90' lang='lat' dir='ltr'>erit</span> <span class='ocrx_word' id='word_1_57' title='bbox 1389 803 1576 883; x_wconf 75' lang='lat' dir='ltr'>absurdum·</span> 
     </span>
     <span class='ocr_line' id='line_1_7' title="bbox 207 887 1561 971; baseline 0.004 -21"><span class='ocrx_word' id='word_1_58' title='bbox 207 888 287 968; x_wconf 90' lang='lat' dir='ltr'>loqui</span> <span class='ocrx_word' id='word_1_59' title='bbox 309 887 407 950; x_wconf 86' lang='lat' dir='ltr'>Deum</span> <span class='ocrx_word' id='word_1_60' title='bbox 431 887 543 967; x_wconf 88' lang='lat' dir='ltr'>aliquid</span> <span class='ocrx_word' id='word_1_61' title='bbox 565 907 619 968; x_wconf 90' lang='lat' dir='ltr'>per</span> <span class='ocrx_word' id='word_1_62' title='bbox 646 889 732 970; x_wconf 87' lang='lat' dir='ltr'>signa</span> <span class='ocrx_word' id='word_1_63' title='bbox 754 890 901 952; x_wconf 89' lang='lat' dir='ltr'>coelestia</span> <span class='ocrx_word' id='word_1_64' title='bbox 934 909 1000 950; x_wconf 91' lang='lat' dir='ltr'>curn</span> <span class='ocrx_word' id='word_1_65' title='bbox 1029 909 1130 952; x_wconf 91' lang='lat' dir='ltr'>eorum</span> <span class='ocrx_word' id='word_1_66' title='bbox 1153 903 1261 970; x_wconf 89' lang='lat' dir='ltr'>gente,</span> <span class='ocrx_word' id='word_1_67' title='bbox 1293 891 1343 971; x_wconf 91' lang='lat' dir='ltr'>qni</span> <span class='ocrx_word' id='word_1_68' title='bbox 1365 891 1481 956; x_wconf 88' lang='lat' dir='ltr'>Rornae</span> <span class='ocrx_word' id='word_1_69' title='bbox 1505 914 1561 955; x_wconf 91' lang='lat' dir='ltr'>vo-</span> 
     </span>
     <span class='ocr_line' id='line_1_8' title="bbox 206 977 1563 1056; baseline 0.004 -18"><span class='ocrx_word' id='word_1_70' title='bbox 206 977 343 1038; x_wconf 88' lang='lat' dir='ltr'>cabulum</span> <span class='ocrx_word' id='word_1_71' title='bbox 366 996 420 1055; x_wconf 91' lang='lat' dir='ltr'>per</span> <span class='ocrx_word' id='word_1_72' title='bbox 443 995 560 1038; x_wconf 90' lang='lat' dir='ltr'>omnem</span> <span class='ocrx_word' id='word_1_73' title='bbox 584 978 729 1040; x_wconf 88' lang='lat' dir='ltr'>eeclesiae</span> <span class='ocrx_word' id='word_1_74' title='bbox 754 979 921 1040; x_wconf 88' lang='lat' dir='ltr'>catholicae</span> <span class='ocrx_word' id='word_1_75' title='bbox 945 978 1169 1056; x_wconf 85' lang='lat' dir='ltr'>amplitudinem</span> <span class='ocrx_word' id='word_1_76' title='bbox 1199 981 1365 1042; x_wconf 82' lang='lat' dir='ltr'>extendunt</span> <span class='ocrx_word' id='word_1_77' title='bbox 1373 1000 1381 1054; x_wconf 93' lang='lat'>;</span> <span class='ocrx_word' id='word_1_78' title='bbox 1413 991 1462 1043; x_wconf 88' lang='lat' dir='ltr'>est</span> <span class='ocrx_word' id='word_1_79' title='bbox 1484 984 1563 1044; x_wconf 90' lang='lat' dir='ltr'>enim</span> 
     </span>
     <span class='ocr_line' id='line_1_9' title="bbox 207 1064 1561 1150; baseline 0.005 -25"><span class='ocrx_word' id='word_1_80' title='bbox 207 1064 295 1126; x_wconf 88' lang='lat' dir='ltr'>hodie</span> <span class='ocrx_word' id='word_1_81' title='bbox 319 1065 564 1126; x_wconf 89' lang='lat' dir='ltr'>numerosissima</span> <span class='ocrx_word' id='word_1_82' title='bbox 588 1067 721 1148; x_wconf 87' lang='lat' dir='ltr'>adeoque</span> <span class='ocrx_word' id='word_1_83' title='bbox 744 1068 904 1147; x_wconf 89' lang='lat' dir='ltr'>potissima</span> <span class='ocrx_word' id='word_1_84' title='bbox 925 1083 997 1145; x_wconf 89' lang='lat' dir='ltr'>pars</span> <span class='ocrx_word' id='word_1_85' title='bbox 1021 1067 1101 1128; x_wconf 92' lang='lat' dir='ltr'>orbis</span> <span class='ocrx_word' id='word_1_86' title='bbox 1129 1068 1305 1130; x_wconf 80' lang='lat' dir='ltr'>Terrarum:</span> <span class='ocrx_word' id='word_1_87' title='bbox 1336 1077 1367 1130; x_wconf 89' lang='lat' dir='ltr'>et</span> <span class='ocrx_word' id='word_1_88' title='bbox 1391 1071 1470 1150; x_wconf 91' lang='lat' dir='ltr'>loqui</span> <span class='ocrx_word' id='word_1_89' title='bbox 1494 1071 1561 1150; x_wconf 89' lang='lat' dir='ltr'>qni-</span> 
     </span>
     <span class='ocr_line' id='line_1_10' title="bbox 207 1153 1562 1239; baseline 0.005 -25"><span class='ocrx_word' id='word_1_90' title='bbox 207 1153 275 1215; x_wconf 90' lang='lat' dir='ltr'>dem</span> <span class='ocrx_word' id='word_1_91' title='bbox 298 1153 336 1214; x_wconf 92' lang='lat' dir='ltr'>ad</span> <span class='ocrx_word' id='word_1_92' title='bbox 361 1173 462 1215; x_wconf 89' lang='lat' dir='ltr'>eorum</span> <span class='ocrx_word' id='word_1_93' title='bbox 485 1164 607 1233; x_wconf 87' lang='lat' dir='ltr'>captum</span> <span class='ocrx_word' id='word_1_94' title='bbox 631 1175 669 1216; x_wconf 84' lang='lat' dir='ltr'>ex</span> <span class='ocrx_word' id='word_1_95' title='bbox 692 1156 754 1217; x_wconf 90' lang='lat' dir='ltr'>suis</span> <span class='ocrx_word' id='word_1_96' title='bbox 777 1155 941 1237; x_wconf 89' lang='lat' dir='ltr'>principiis.</span> <span class='ocrx_word' id='word_1_97' title='bbox 979 1154 1086 1236; x_wconf 89' lang='lat' dir='ltr'>Itaque</span> <span class='ocrx_word' id='word_1_98' title='bbox 1101 1157 1149 1218; x_wconf 91' lang='lat' dir='ltr'>bis</span> <span class='ocrx_word' id='word_1_99' title='bbox 1168 1157 1257 1233; x_wconf 82' lang='lat' dir='ltr'>datis,</span> <span class='ocrx_word' id='word_1_100' title='bbox 1283 1157 1449 1238; x_wconf 90' lang='lat' dir='ltr'>quaemihi</span> <span class='ocrx_word' id='word_1_101' title='bbox 1473 1160 1562 1239; x_wconf 89' lang='lat' dir='ltr'>plane</span> 
     </span>
    </p>
   </div>
   <div class='ocr_carea' id='block_1_3' title="bbox 207 1242 1664 1330">
    <p class='ocr_par' dir='ltr' id='par_1_3' title="bbox 207 1242 1664 1330">
     <span class='ocr_line' id='line_1_11' title="bbox 207 1242 1664 1330; baseline 0.003 -26"><span class='ocrx_word' id='word_1_102' title='bbox 207 1250 277 1304; x_wconf 87' lang='lat' dir='ltr'>sunt</span> <span class='ocrx_word' id='word_1_103' title='bbox 310 1242 499 1318; x_wconf 87' lang='lat' dir='ltr'>verisimilia,</span> <span class='ocrx_word' id='word_1_104' title='bbox 531 1244 647 1324; x_wconf 88' lang='lat' dir='ltr'>siquis</span> <span class='ocrx_word' id='word_1_105' title='bbox 678 1265 715 1306; x_wconf 85' lang='lat' dir='ltr'>err</span> <span class='ocrx_word' id='word_1_106' title='bbox 739 1265 785 1308; x_wconf 93' lang='lat' dir='ltr'>me</span> <span class='ocrx_word' id='word_1_107' title='bbox 814 1252 956 1326; x_wconf 87' lang='lat' dir='ltr'>quaerat,</span> <span class='ocrx_word' id='word_1_108' title='bbox 983 1245 1119 1322; x_wconf 89' lang='lat' dir='ltr'>possitne</span> <span class='ocrx_word' id='word_1_109' title='bbox 1152 1247 1257 1308; x_wconf 89' lang='lat' dir='ltr'>melior</span> <span class='ocrx_word' id='word_1_110' title='bbox 1288 1247 1404 1308; x_wconf 90' lang='lat' dir='ltr'>institui</span> <span class='ocrx_word' id='word_1_111' title='bbox 1437 1267 1562 1329; x_wconf 87' lang='lat' dir='ltr'>compa-</span> <span class='ocrx_word' id='word_1_112' title='bbox 1661 1323 1664 1330; x_wconf 70' lang='lat'>.</span> 
     </span>
    </p>
   </div>
   <div class='ocr_carea' id='block_1_4' title="bbox 207 1331 1565 3278">
    <p class='ocr_par' dir='ltr' id='par_1_4' title="bbox 207 1331 1561 1499">
     <span class='ocr_line' id='line_1_12' title="bbox 207 1331 1561 1412; baseline 0.003 -18"><span class='ocrx_word' id='word_1_113' title='bbox 207 1331 284 1394; x_wconf 86' lang='lat' dir='ltr'>ratio</span> <span class='ocrx_word' id='word_1_114' title='bbox 308 1349 406 1392; x_wconf 90' lang='lat' dir='ltr'>rerum</span> <span class='ocrx_word' id='word_1_115' title='bbox 429 1333 604 1394; x_wconf 88' lang='lat' dir='ltr'>coelestium</span> <span class='ocrx_word' id='word_1_116' title='bbox 628 1351 693 1394; x_wconf 88' lang='lat' dir='ltr'>oum</span> <span class='ocrx_word' id='word_1_117' title='bbox 716 1335 805 1396; x_wconf 88' lang='lat' dir='ltr'>rebus</span> <span class='ocrx_word' id='word_1_118' title='bbox 830 1333 988 1406; x_wconf 88' lang='lat' dir='ltr'>ecclesiae,</span> <span class='ocrx_word' id='word_1_119' title='bbox 1011 1334 1188 1412; x_wconf 86' lang='lat' dir='ltr'>praesertim</span> <span class='ocrx_word' id='word_1_120' title='bbox 1213 1335 1374 1396; x_wconf 79' lang='lat' dir='ltr'>hodiernae</span> <span class='ocrx_word' id='word_1_121' title='bbox 1389 1336 1561 1398; x_wconf 88' lang='lat' dir='ltr'>Romanae:</span> 
     </span>
     <span class='ocr_line' id='line_1_13' title="bbox 207 1420 508 1499; baseline 0.003 -19"><span class='ocrx_word' id='word_1_122' title='bbox 207 1420 325 1480; x_wconf 92' lang='lat' dir='ltr'>omnino</span> <span class='ocrx_word' id='word_1_123' title='bbox 349 1437 508 1499; x_wconf 84' lang='lat' dir='ltr'>negavero.</span> 
     </span>
    </p>

    <p class='ocr_par' dir='ltr' id='par_1_5' title="bbox 208 1507 1565 3278">
     <span class='ocr_line' id='line_1_14' title="bbox 298 1507 1560 1592; baseline 0.006 -24"><span class='ocrx_word' id='word_1_124' title='bbox 298 1507 392 1586; x_wconf 88' lang='lat' dir='ltr'>igitur</span> <span class='ocrx_word' id='word_1_125' title='bbox 416 1510 523 1569; x_wconf 90' lang='lat' dir='ltr'>stellae</span> <span class='ocrx_word' id='word_1_126' title='bbox 548 1511 624 1570; x_wconf 86' lang='lat' dir='ltr'>fixae</span> <span class='ocrx_word' id='word_1_127' title='bbox 649 1509 820 1588; x_wconf 87' lang='lat' dir='ltr'>significant</span> <span class='ocrx_word' id='word_1_128' title='bbox 843 1509 1014 1588; x_wconf 90' lang='lat' dir='ltr'>episcopos,</span> <span class='ocrx_word' id='word_1_129' title='bbox 1049 1510 1190 1592; x_wconf 87' lang='lat' dir='ltr'>planetae</span> <span class='ocrx_word' id='word_1_130' title='bbox 1215 1521 1423 1588; x_wconf 85' lang='lat' dir='ltr'>sacramenta,</span> <span class='ocrx_word' id='word_1_131' title='bbox 1450 1511 1560 1575; x_wconf 89' lang='lat' dir='ltr'>Satur-</span> 
     </span>
     <span class='ocr_line' id='line_1_15' title="bbox 210 1597 1563 1676; baseline 0.004 -18"><span class='ocrx_word' id='word_1_132' title='bbox 210 1617 266 1659; x_wconf 88' lang='lat' dir='ltr'>nus</span> <span class='ocrx_word' id='word_1_133' title='bbox 289 1611 455 1658; x_wconf 82' lang='lat' dir='ltr'>extremam</span> <span class='ocrx_word' id='word_1_134' title='bbox 479 1599 663 1672; x_wconf 89' lang='lat' dir='ltr'>unctionem,</span> <span class='ocrx_word' id='word_1_135' title='bbox 687 1597 808 1676; x_wconf 89' lang='lat' dir='ltr'>Jupiter</span> <span class='ocrx_word' id='word_1_136' title='bbox 832 1598 1061 1672; x_wconf 86' lang='lat' dir='ltr'>eucharistiam,</span> <span class='ocrx_word' id='word_1_137' title='bbox 1089 1600 1175 1660; x_wconf 86' lang='lat' dir='ltr'>Mars</span> <span class='ocrx_word' id='word_1_138' title='bbox 1203 1600 1468 1663; x_wconf 87' lang='lat' dir='ltr'>confirmationem.</span> <span class='ocrx_word' id='word_1_139' title='bbox 1514 1602 1563 1664; x_wconf 86' lang='lat' dir='ltr'>Ex</span> 
     </span>
     <span class='ocr_line' id='line_1_16' title="bbox 209 1686 1561 1767; baseline 0.004 -21"><span class='ocrx_word' id='word_1_140' title='bbox 209 1687 257 1747; x_wconf 92' lang='lat' dir='ltr'>bis</span> <span class='ocrx_word' id='word_1_141' title='bbox 279 1686 433 1764; x_wconf 83' lang='lat' dir='ltr'>principiis</span> <span class='ocrx_word' id='word_1_142' title='bbox 457 1687 608 1766; x_wconf 90' lang='lat' dir='ltr'>sequitur,</span> <span class='ocrx_word' id='word_1_143' title='bbox 639 1706 748 1750; x_wconf 90' lang='lat' dir='ltr'>novam</span> <span class='ocrx_word' id='word_1_144' title='bbox 771 1688 893 1748; x_wconf 87' lang='lat' dir='ltr'>stellam</span> <span class='ocrx_word' id='word_1_145' title='bbox 917 1688 1031 1765; x_wconf 91' lang='lat' dir='ltr'>(posito</span> <span class='ocrx_word' id='word_1_146' title='bbox 1056 1688 1135 1767; x_wconf 90' lang='lat' dir='ltr'>qnod</span> <span class='ocrx_word' id='word_1_147' title='bbox 1157 1705 1215 1748; x_wconf 92' lang='lat' dir='ltr'>non</span> <span class='ocrx_word' id='word_1_148' title='bbox 1239 1698 1395 1763; x_wconf 88' lang='lat' dir='ltr'>naturam,</span> <span class='ocrx_word' id='word_1_149' title='bbox 1427 1691 1481 1752; x_wconf 88' lang='lat' dir='ltr'>sed</span> <span class='ocrx_word' id='word_1_150' title='bbox 1503 1691 1561 1752; x_wconf 92' lang='lat' dir='ltr'>Dei</span> 
     </span>
     <span class='ocr_line' id='line_1_17' title="bbox 210 1774 1561 1859; baseline 0.006 -25"><span class='ocrx_word' id='word_1_151' title='bbox 210 1774 366 1836; x_wconf 82' lang='lat' dir='ltr'>arbitrium</span> <span class='ocrx_word' id='word_1_152' title='bbox 389 1793 443 1854; x_wconf 92' lang='lat' dir='ltr'>pro</span> <span class='ocrx_word' id='word_1_153' title='bbox 468 1793 560 1836; x_wconf 88' lang='lat' dir='ltr'>cansa</span> <span class='ocrx_word' id='word_1_154' title='bbox 583 1777 709 1850; x_wconf 88' lang='lat' dir='ltr'>habeat)</span> <span class='ocrx_word' id='word_1_155' title='bbox 741 1774 911 1856; x_wconf 86' lang='lat' dir='ltr'>significare</span> <span class='ocrx_word' id='word_1_156' title='bbox 944 1794 1050 1836; x_wconf 87' lang='lat' dir='ltr'>novum</span> <span class='ocrx_word' id='word_1_157' title='bbox 1079 1785 1112 1837; x_wconf 90' lang='lat' dir='ltr'>et</span> <span class='ocrx_word' id='word_1_158' title='bbox 1139 1778 1408 1840; x_wconf 87' lang='lat' dir='ltr'>extraordinarium</span> <span class='ocrx_word' id='word_1_159' title='bbox 1442 1780 1561 1859; x_wconf 85' lang='lat' dir='ltr'>episco-</span> 
     </span>
     <span class='ocr_line' id='line_1_18' title="bbox 208 1864 1561 1948; baseline 0.005 -24"><span class='ocrx_word' id='word_1_160' title='bbox 208 1881 278 1942; x_wconf 90' lang='lat' dir='ltr'>pum</span> <span class='ocrx_word' id='word_1_161' title='bbox 304 1865 475 1944; x_wconf 88' lang='lat' dir='ltr'>etquidem</span> <span class='ocrx_word' id='word_1_162' title='bbox 505 1866 675 1944; x_wconf 87' lang='lat' dir='ltr'>generalem</span> <span class='ocrx_word' id='word_1_163' title='bbox 704 1864 851 1946; x_wconf 87' lang='lat' dir='ltr'>aliquem,</span> <span class='ocrx_word' id='word_1_164' title='bbox 885 1865 954 1944; x_wconf 88' lang='lat' dir='ltr'>qnia</span> <span class='ocrx_word' id='word_1_165' title='bbox 986 1865 1077 1926; x_wconf 88' lang='lat' dir='ltr'>stella</span> <span class='ocrx_word' id='word_1_166' title='bbox 1106 1865 1162 1927; x_wconf 87' lang='lat' dir='ltr'>init</span> <span class='ocrx_word' id='word_1_167' title='bbox 1185 1866 1323 1930; x_wconf 81' lang='lat' dir='ltr'>maxima.</span> <span class='ocrx_word' id='word_1_168' title='bbox 1372 1865 1561 1948; x_wconf 84' lang='lat' dir='ltr'>Congressus</span> 
     </span>
     <span class='ocr_line' id='line_1_19' title="bbox 211 1951 1560 2033; baseline 0.003 -19"><span class='ocrx_word' id='word_1_169' title='bbox 211 1951 300 2014; x_wconf 86' lang='lat' dir='ltr'>trium</span> <span class='ocrx_word' id='word_1_170' title='bbox 323 1951 513 2031; x_wconf 86' lang='lat' dir='ltr'>planetarum</span> <span class='ocrx_word' id='word_1_171' title='bbox 534 1953 562 2016; x_wconf 95' lang='lat' dir='ltr'>in</span> <span class='ocrx_word' id='word_1_172' title='bbox 578 1953 643 2015; x_wconf 88' lang='lat' dir='ltr'>loco</span> <span class='ocrx_word' id='word_1_173' title='bbox 667 1954 775 2016; x_wconf 90' lang='lat' dir='ltr'>stellae</span> <span class='ocrx_word' id='word_1_174' title='bbox 791 1953 950 2032; x_wconf 88' lang='lat' dir='ltr'>siguificat,</span> <span class='ocrx_word' id='word_1_175' title='bbox 975 1953 1133 2016; x_wconf 85' lang='lat' dir='ltr'>materiam</span> <span class='ocrx_word' id='word_1_176' title='bbox 1152 1953 1307 2016; x_wconf 88' lang='lat' dir='ltr'>doctrinae</span> <span class='ocrx_word' id='word_1_177' title='bbox 1324 1973 1377 2018; x_wconf 89' lang='lat' dir='ltr'>sen</span> <span class='ocrx_word' id='word_1_178' title='bbox 1391 1957 1560 2033; x_wconf 87' lang='lat' dir='ltr'>haereseos,</span> 
     </span>
     <span class='ocr_line' id='line_1_20' title="bbox 213 2040 1560 2124; baseline 0.004 -23"><span class='ocrx_word' id='word_1_179' title='bbox 213 2040 350 2102; x_wconf 90' lang='lat' dir='ltr'>nimirum</span> <span class='ocrx_word' id='word_1_180' title='bbox 375 2042 410 2102; x_wconf 91' lang='lat' dir='ltr'>de</span> <span class='ocrx_word' id='word_1_181' title='bbox 435 2053 571 2104; x_wconf 80' lang='lat' dir='ltr'>extrema</span> <span class='ocrx_word' id='word_1_182' title='bbox 594 2042 743 2110; x_wconf 87' lang='lat' dir='ltr'>unctione,</span> <span class='ocrx_word' id='word_1_183' title='bbox 768 2043 960 2114; x_wconf 87' lang='lat' dir='ltr'>eucharistia,</span> <span class='ocrx_word' id='word_1_184' title='bbox 984 2042 1225 2116; x_wconf 83' lang='lat' dir='ltr'>confirmatione,</span> <span class='ocrx_word' id='word_1_185' title='bbox 1256 2046 1325 2106; x_wconf 91' lang='lat' dir='ltr'>novi</span> <span class='ocrx_word' id='word_1_186' title='bbox 1349 2048 1419 2124; x_wconf 90' lang='lat' dir='ltr'>quid</span> <span class='ocrx_word' id='word_1_187' title='bbox 1443 2048 1560 2119; x_wconf 86' lang='lat' dir='ltr'>afferre,</span> 
     </span>
     <span class='ocr_line' id='line_1_21' title="bbox 210 2130 1562 2212; baseline 0.003 -22"><span class='ocrx_word' id='word_1_188' title='bbox 210 2138 264 2190; x_wconf 88' lang='lat' dir='ltr'>ant</span> <span class='ocrx_word' id='word_1_189' title='bbox 286 2130 323 2190; x_wconf 92' lang='lat' dir='ltr'>de</span> <span class='ocrx_word' id='word_1_190' title='bbox 346 2131 434 2190; x_wconf 87' lang='lat' dir='ltr'>rebus</span> <span class='ocrx_word' id='word_1_191' title='bbox 459 2133 497 2191; x_wconf 88' lang='lat' dir='ltr'>ad</span> <span class='ocrx_word' id='word_1_192' title='bbox 520 2133 581 2192; x_wconf 86' lang='lat' dir='ltr'>ista</span> <span class='ocrx_word' id='word_1_193' title='bbox 606 2137 797 2192; x_wconf 83' lang='lat' dir='ltr'>sacramenta</span> <span class='ocrx_word' id='word_1_194' title='bbox 828 2131 1044 2211; x_wconf 83' lang='lat' dir='ltr'>spectantibus.</span> <span class='ocrx_word' id='word_1_195' title='bbox 1090 2131 1133 2192; x_wconf 85' lang='lat' dir='ltr'>Et</span> <span class='ocrx_word' id='word_1_196' title='bbox 1162 2131 1232 2212; x_wconf 91' lang='lat' dir='ltr'>qnia</span> <span class='ocrx_word' id='word_1_197' title='bbox 1259 2133 1288 2193; x_wconf 92' lang='lat' dir='ltr'>in</span> <span class='ocrx_word' id='word_1_198' title='bbox 1322 2133 1478 2212; x_wconf 85' lang='lat' dir='ltr'>ecliptica,</span> <span class='ocrx_word' id='word_1_199' title='bbox 1512 2135 1562 2194; x_wconf 88' lang='lat' dir='ltr'>via</span> 
     </span>
     <span class='ocr_line' id='line_1_22' title="bbox 209 2216 1562 2298; baseline 0.002 -18"><span class='ocrx_word' id='word_1_200' title='bbox 209 2216 310 2298; x_wconf 90' lang='lat' dir='ltr'>regia,</span> <span class='ocrx_word' id='word_1_201' title='bbox 345 2218 403 2281; x_wconf 91' lang='lat' dir='ltr'>erit</span> <span class='ocrx_word' id='word_1_202' title='bbox 433 2219 522 2298; x_wconf 88' lang='lat' dir='ltr'>igitur</span> <span class='ocrx_word' id='word_1_203' title='bbox 554 2219 601 2282; x_wconf 90' lang='lat' dir='ltr'>hic</span> <span class='ocrx_word' id='word_1_204' title='bbox 634 2239 728 2282; x_wconf 81' lang='lat' dir='ltr'>novus</span> <span class='ocrx_word' id='word_1_205' title='bbox 752 2219 866 2281; x_wconf 84' lang='lat' dir='ltr'>Ductor</span> <span class='ocrx_word' id='word_1_206' title='bbox 899 2237 952 2282; x_wconf 93' lang='lat' dir='ltr'>sen</span> <span class='ocrx_word' id='word_1_207' title='bbox 983 2219 1153 2283; x_wconf 89' lang='lat' dir='ltr'>haereticus</span> <span class='ocrx_word' id='word_1_208' title='bbox 1183 2220 1215 2282; x_wconf 91' lang='lat' dir='ltr'>in</span> <span class='ocrx_word' id='word_1_209' title='bbox 1247 2220 1398 2284; x_wconf 85' lang='lat' dir='ltr'>ordinaria</span> <span class='ocrx_word' id='word_1_210' title='bbox 1431 2222 1501 2282; x_wconf 90' lang='lat' dir='ltr'>sede</span> <span class='ocrx_word' id='word_1_211' title='bbox 1531 2221 1562 2284; x_wconf 94' lang='lat' dir='ltr'>in</span> 
     </span>
     <span class='ocr_line' id='line_1_23' title="bbox 209 2305 1562 2390; baseline 0.001 -20"><span class='ocrx_word' id='word_1_212' title='bbox 209 2305 349 2384; x_wconf 85' lang='lat' dir='ltr'>ecelesia,</span> <span class='ocrx_word' id='word_1_213' title='bbox 373 2309 403 2370; x_wconf 92' lang='lat' dir='ltr'>in</span> <span class='ocrx_word' id='word_1_214' title='bbox 426 2309 615 2372; x_wconf 87' lang='lat' dir='ltr'>successione</span> <span class='ocrx_word' id='word_1_215' title='bbox 640 2309 818 2390; x_wconf 88' lang='lat' dir='ltr'>apostolica.</span> <span class='ocrx_word' id='word_1_216' title='bbox 856 2307 992 2390; x_wconf 90' lang='lat' dir='ltr'>Denique</span> <span class='ocrx_word' id='word_1_217' title='bbox 1016 2329 1121 2390; x_wconf 91' lang='lat' dir='ltr'>parum</span> <span class='ocrx_word' id='word_1_218' title='bbox 1145 2309 1232 2375; x_wconf 88' lang='lat' dir='ltr'>abest</span> <span class='ocrx_word' id='word_1_219' title='bbox 1256 2311 1325 2390; x_wconf 90' lang='lat' dir='ltr'>quin</span> <span class='ocrx_word' id='word_1_220' title='bbox 1340 2309 1562 2374; x_wconf 86' lang='lat' dir='ltr'>Antichristum</span> 
     </span>
     <span class='ocr_line' id='line_1_24' title="bbox 209 2395 1559 2480; baseline 0.003 -22"><span class='ocrx_word' id='word_1_221' title='bbox 209 2397 359 2474; x_wconf 83' lang='lat' dir='ltr'>significet</span> <span class='ocrx_word' id='word_1_222' title='bbox 382 2417 419 2458; x_wconf 84' lang='lat' dir='ltr'>ex</span> <span class='ocrx_word' id='word_1_223' title='bbox 442 2395 489 2459; x_wconf 91' lang='lat' dir='ltr'>his</span> <span class='ocrx_word' id='word_1_224' title='bbox 511 2399 676 2477; x_wconf 83' lang='lat' dir='ltr'>principiis.</span> <span class='ocrx_word' id='word_1_225' title='bbox 722 2398 764 2460; x_wconf 83' lang='lat' dir='ltr'>Et</span> <span class='ocrx_word' id='word_1_226' title='bbox 788 2397 857 2477; x_wconf 90' lang='lat' dir='ltr'>quia</span> <span class='ocrx_word' id='word_1_227' title='bbox 879 2399 1005 2476; x_wconf 87' lang='lat' dir='ltr'>pulchra</span> <span class='ocrx_word' id='word_1_228' title='bbox 1032 2400 1139 2473; x_wconf 86' lang='lat' dir='ltr'>stella,</span> <span class='ocrx_word' id='word_1_229' title='bbox 1170 2400 1308 2478; x_wconf 90' lang='lat' dir='ltr'>speciose</span> <span class='ocrx_word' id='word_1_230' title='bbox 1340 2399 1430 2479; x_wconf 88' lang='lat' dir='ltr'>igitur</span> <span class='ocrx_word' id='word_1_231' title='bbox 1456 2401 1559 2480; x_wconf 57' lang='lat' dir='ltr'>loque*</span> 
     </span>
     <span class='ocr_line' id='line_1_25' title="bbox 208 2485 1559 2568; baseline 0.002 -22"><span class='ocrx_word' id='word_1_232' title='bbox 208 2495 266 2559; x_wconf 89' lang='lat' dir='ltr'>tnr,</span> <span class='ocrx_word' id='word_1_233' title='bbox 292 2487 346 2546; x_wconf 90' lang='lat' dir='ltr'>sed</span> <span class='ocrx_word' id='word_1_234' title='bbox 371 2485 441 2568; x_wconf 90' lang='lat' dir='ltr'>quia</span> <span class='ocrx_word' id='word_1_235' title='bbox 464 2487 546 2548; x_wconf 88' lang='lat' dir='ltr'>brevi</span> <span class='ocrx_word' id='word_1_236' title='bbox 571 2485 699 2558; x_wconf 87' lang='lat' dir='ltr'>evanuit,</span> <span class='ocrx_word' id='word_1_237' title='bbox 726 2494 888 2547; x_wconf 87' lang='lat' dir='ltr'>evanescet</span> <span class='ocrx_word' id='word_1_238' title='bbox 911 2494 943 2546; x_wconf 87' lang='lat' dir='ltr'>et</span> <span class='ocrx_word' id='word_1_239' title='bbox 965 2487 1050 2548; x_wconf 90' lang='lat' dir='ltr'>haec.</span> <span class='ocrx_word' id='word_1_240' title='bbox 1096 2488 1189 2548; x_wconf 91' lang='lat' dir='ltr'>Porro</span> <span class='ocrx_word' id='word_1_241' title='bbox 1217 2487 1305 2548; x_wconf 90' lang='lat' dir='ltr'>video</span> <span class='ocrx_word' id='word_1_242' title='bbox 1333 2507 1370 2549; x_wconf 78' lang='lat' dir='ltr'>en</span> <span class='ocrx_word' id='word_1_243' title='bbox 1398 2489 1453 2549; x_wconf 90' lang='lat' dir='ltr'>bac</span> <span class='ocrx_word' id='word_1_244' title='bbox 1488 2507 1559 2568; x_wconf 90' lang='lat' dir='ltr'>spe-</span> 
     </span>
     <span class='ocr_line' id='line_1_26' title="bbox 208 2573 1558 2656; baseline 0.002 -20"><span class='ocrx_word' id='word_1_245' title='bbox 208 2575 357 2636; x_wconf 91' lang='lat' dir='ltr'>culatione</span> <span class='ocrx_word' id='word_1_246' title='bbox 390 2575 602 2637; x_wconf 88' lang='lat' dir='ltr'>meditationes</span> <span class='ocrx_word' id='word_1_247' title='bbox 634 2575 676 2638; x_wconf 88' lang='lat' dir='ltr'>M.</span> <span class='ocrx_word' id='word_1_248' title='bbox 702 2575 737 2636; x_wconf 85' lang='lat' dir='ltr'>T.</span> <span class='ocrx_word' id='word_1_249' title='bbox 763 2573 939 2656; x_wconf 90' lang='lat' dir='ltr'>quibusdam</span> <span class='ocrx_word' id='word_1_250' title='bbox 972 2575 1046 2636; x_wconf 89' lang='lat' dir='ltr'>meis</span> <span class='ocrx_word' id='word_1_251' title='bbox 1080 2575 1207 2656; x_wconf 91' lang='lat' dir='ltr'>quaein</span> <span class='ocrx_word' id='word_1_252' title='bbox 1240 2573 1292 2638; x_wconf 88' lang='grc'>30.</span> <span class='ocrx_word' id='word_1_253' title='bbox 1318 2576 1417 2656; x_wconf 89' lang='lat' dir='ltr'>capite</span> <span class='ocrx_word' id='word_1_254' title='bbox 1450 2578 1558 2654; x_wconf 89' lang='lat' dir='ltr'>insunt,</span> 
     </span>
     <span class='ocr_line' id='line_1_27' title="bbox 208 2663 1559 2745; baseline 0.003 -21"><span class='ocrx_word' id='word_1_255' title='bbox 208 2665 314 2726; x_wconf 86' lang='lat' dir='ltr'>aflines</span> <span class='ocrx_word' id='word_1_256' title='bbox 339 2683 417 2728; x_wconf 88' lang='lat' dir='ltr'>esse.</span> <span class='ocrx_word' id='word_1_257' title='bbox 465 2663 579 2728; x_wconf 88' lang='lat' dir='ltr'>Stellas</span> <span class='ocrx_word' id='word_1_258' title='bbox 603 2685 658 2744; x_wconf 90' lang='lat' dir='ltr'>ego</span> <span class='ocrx_word' id='word_1_259' title='bbox 683 2663 855 2743; x_wconf 84' lang='lat' dir='ltr'>comparavi</span> <span class='ocrx_word' id='word_1_260' title='bbox 879 2665 1021 2737; x_wconf 90' lang='lat' dir='ltr'>urbibus,</span> <span class='ocrx_word' id='word_1_261' title='bbox 1055 2671 1086 2725; x_wconf 89' lang='lat' dir='ltr'>tu</span> <span class='ocrx_word' id='word_1_262' title='bbox 1119 2663 1255 2726; x_wconf 88' lang='lat' dir='ltr'>ecclesiis</span> <span class='ocrx_word' id='word_1_263' title='bbox 1279 2665 1452 2728; x_wconf 68' lang='lat' dir='ltr'>veleamus</span> <span class='ocrx_word' id='word_1_264' title='bbox 1476 2665 1559 2745; x_wconf 90' lang='lat' dir='ltr'>epis-</span> 
     </span>
     <span class='ocr_line' id='line_1_28' title="bbox 208 2752 1559 2833; baseline 0.004 -21"><span class='ocrx_word' id='word_1_265' title='bbox 208 2752 302 2830; x_wconf 88' lang='lat' dir='ltr'>eopis.</span> <span class='ocrx_word' id='word_1_266' title='bbox 339 2754 446 2833; x_wconf 91' lang='lat' dir='ltr'>Itaque</span> <span class='ocrx_word' id='word_1_267' title='bbox 469 2756 540 2833; x_wconf 91' lang='lat' dir='ltr'>quia</span> <span class='ocrx_word' id='word_1_268' title='bbox 561 2754 730 2833; x_wconf 86' lang='lat' dir='ltr'>speculatio</span> <span class='ocrx_word' id='word_1_269' title='bbox 753 2753 853 2833; x_wconf 90' lang='lat' dir='ltr'>coepit</span> <span class='ocrx_word' id='word_1_270' title='bbox 873 2753 1041 2826; x_wconf 89' lang='lat' dir='ltr'>vaticinari,</span> <span class='ocrx_word' id='word_1_271' title='bbox 1066 2753 1145 2833; x_wconf 91' lang='lat' dir='ltr'>quod</span> <span class='ocrx_word' id='word_1_272' title='bbox 1170 2753 1259 2815; x_wconf 89' lang='lat' dir='ltr'>desiit</span> <span class='ocrx_word' id='word_1_273' title='bbox 1281 2755 1312 2816; x_wconf 94' lang='lat' dir='ltr'>in</span> <span class='ocrx_word' id='word_1_274' title='bbox 1341 2755 1406 2832; x_wconf 89' lang='lat' dir='ltr'>ipso</span> <span class='ocrx_word' id='word_1_275' title='bbox 1428 2756 1559 2830; x_wconf 83' lang='lat' dir='ltr'>exordio,</span> 
     </span>
     <span class='ocr_line' id='line_1_29' title="bbox 211 2841 1562 2923; baseline 0.003 -21"><span class='ocrx_word' id='word_1_276' title='bbox 211 2849 355 2902; x_wconf 91' lang='lat' dir='ltr'>contenta</span> <span class='ocrx_word' id='word_1_277' title='bbox 377 2843 432 2902; x_wconf 93' lang='lat' dir='ltr'>boc</span> <span class='ocrx_word' id='word_1_278' title='bbox 457 2844 621 2922; x_wconf 87' lang='lat' dir='ltr'>praeludio,</span> <span class='ocrx_word' id='word_1_279' title='bbox 647 2861 703 2922; x_wconf 88' lang='lat' dir='ltr'>ego</span> <span class='ocrx_word' id='word_1_280' title='bbox 719 2843 837 2903; x_wconf 89' lang='lat' dir='ltr'>l&#39;abulae</span> <span class='ocrx_word' id='word_1_281' title='bbox 853 2841 1077 2904; x_wconf 89' lang='lat' dir='ltr'>convenientem</span> <span class='ocrx_word' id='word_1_282' title='bbox 1094 2841 1274 2921; x_wconf 90' lang='lat' dir='ltr'>subjungere</span> <span class='ocrx_word' id='word_1_283' title='bbox 1298 2842 1378 2903; x_wconf 90' lang='lat' dir='ltr'>volui</span> <span class='ocrx_word' id='word_1_284' title='bbox 1402 2845 1562 2923; x_wconf 85' lang='lat' dir='ltr'>epilogum.</span> 
     </span>
     <span class='ocr_line' id='line_1_30' title="bbox 209 2929 1563 3014; baseline 0.001 -21"><span class='ocrx_word' id='word_1_285' title='bbox 209 2929 288 2993; x_wconf 89' lang='lat' dir='ltr'>Nam</span> <span class='ocrx_word' id='word_1_286' title='bbox 312 2933 448 3010; x_wconf 87' lang='lat' dir='ltr'>prolecto</span> <span class='ocrx_word' id='word_1_287' title='bbox 472 2953 529 2993; x_wconf 93' lang='lat' dir='ltr'>non</span> <span class='ocrx_word' id='word_1_288' title='bbox 562 2939 609 2993; x_wconf 87' lang='lat' dir='ltr'>est</span> <span class='ocrx_word' id='word_1_289' title='bbox 639 2931 700 2992; x_wconf 89' lang='lat' dir='ltr'>alia</span> <span class='ocrx_word' id='word_1_290' title='bbox 732 2949 862 2992; x_wconf 87' lang='lat' dir='ltr'>mearum</span> <span class='ocrx_word' id='word_1_291' title='bbox 894 2931 1129 3010; x_wconf 88' lang='lat' dir='ltr'>praedictionum</span> <span class='ocrx_word' id='word_1_292' title='bbox 1153 2931 1329 3006; x_wconf 85' lang='lat' dir='ltr'>methodus,</span> <span class='ocrx_word' id='word_1_293' title='bbox 1369 2950 1456 3014; x_wconf 89' lang='lat' dir='ltr'>qnam</span> <span class='ocrx_word' id='word_1_294' title='bbox 1489 2933 1563 2994; x_wconf 87' lang='lat' dir='ltr'>baec</span> 
     </span>
     <span class='ocr_line' id='line_1_31' title="bbox 210 3019 1565 3100; baseline 0.001 -20"><span class='ocrx_word' id='word_1_295' title='bbox 210 3019 285 3097; x_wconf 86' lang='lat' dir='ltr'>ipsa,</span> <span class='ocrx_word' id='word_1_296' title='bbox 312 3039 370 3099; x_wconf 91' lang='lat' dir='ltr'>qua</span> <span class='ocrx_word' id='word_1_297' title='bbox 392 3041 447 3082; x_wconf 87' lang='lat' dir='ltr'>usa</span> <span class='ocrx_word' id='word_1_298' title='bbox 471 3030 520 3082; x_wconf 91' lang='lat' dir='ltr'>est</span> <span class='ocrx_word' id='word_1_299' title='bbox 543 3021 721 3100; x_wconf 88' lang='lat' dir='ltr'>speculatio.</span> <span class='ocrx_word' id='word_1_300' title='bbox 768 3020 906 3100; x_wconf 88' lang='lat' dir='ltr'>Acujus</span> <span class='ocrx_word' id='word_1_301' title='bbox 929 3020 1044 3082; x_wconf 90' lang='lat' dir='ltr'>intento</span> <span class='ocrx_word' id='word_1_302' title='bbox 1075 3020 1101 3080; x_wconf 91' lang='lat' dir='ltr'>si</span> <span class='ocrx_word' id='word_1_303' title='bbox 1132 3039 1188 3098; x_wconf 89' lang='lat' dir='ltr'>ego</span> <span class='ocrx_word' id='word_1_304' title='bbox 1218 3019 1342 3094; x_wconf 91' lang='lat' dir='ltr'>aberro,</span> <span class='ocrx_word' id='word_1_305' title='bbox 1374 3019 1430 3082; x_wconf 91' lang='lat' dir='ltr'>boc</span> <span class='ocrx_word' id='word_1_306' title='bbox 1461 3029 1510 3084; x_wconf 85' lang='lat' dir='ltr'>est</span> <span class='ocrx_word' id='word_1_307' title='bbox 1537 3020 1565 3082; x_wconf 90' lang='lat' dir='ltr'>si</span> 
     </span>
     <span class='ocr_line' id='line_1_32' title="bbox 208 3108 1564 3190; baseline 0.001 -22"><span class='ocrx_word' id='word_1_308' title='bbox 208 3109 305 3170; x_wconf 88' lang='lat' dir='ltr'>noluit</span> <span class='ocrx_word' id='word_1_309' title='bbox 328 3110 381 3170; x_wconf 86' lang='lat' dir='ltr'>illa</span> <span class='ocrx_word' id='word_1_310' title='bbox 405 3111 433 3170; x_wconf 93' lang='lat' dir='ltr'>in</span> <span class='ocrx_word' id='word_1_311' title='bbox 457 3111 693 3189; x_wconf 85' lang='lat' dir='ltr'>praedictionem</span> <span class='ocrx_word' id='word_1_312' title='bbox 719 3108 870 3182; x_wconf 85' lang='lat' dir='ltr'>desiner·e;</span> <span class='ocrx_word' id='word_1_313' title='bbox 894 3119 966 3170; x_wconf 89' lang='lat' dir='ltr'>tuuc</span> <span class='ocrx_word' id='word_1_314' title='bbox 989 3127 1047 3170; x_wconf 89' lang='lat' dir='ltr'>non</span> <span class='ocrx_word' id='word_1_315' title='bbox 1071 3109 1168 3182; x_wconf 90' lang='lat' dir='ltr'>video,</span> <span class='ocrx_word' id='word_1_316' title='bbox 1194 3109 1243 3188; x_wconf 92' lang='lat' dir='ltr'>qui</span> <span class='ocrx_word' id='word_1_317' title='bbox 1266 3128 1319 3188; x_wconf 88' lang='lat' dir='ltr'>per</span> <span class='ocrx_word' id='word_1_318' title='bbox 1343 3109 1419 3172; x_wconf 88' lang='lat' dir='ltr'>hanc</span> <span class='ocrx_word' id='word_1_319' title='bbox 1434 3110 1564 3190; x_wconf 87' lang='lat' dir='ltr'>objectio</span> 
     </span>
     <span class='ocr_line' id='line_1_33' title="bbox 208 3197 1565 3278; baseline 0.001 -20"><span class='ocrx_word' id='word_1_320' title='bbox 208 3199 261 3258; x_wconf 88' lang='lat' dir='ltr'>illa</span> <span class='ocrx_word' id='word_1_321' title='bbox 285 3197 386 3260; x_wconf 90' lang='lat' dir='ltr'>soluta</span> <span class='ocrx_word' id='word_1_322' title='bbox 409 3199 467 3260; x_wconf 90' lang='lat' dir='ltr'>sit:</span> <span class='ocrx_word' id='word_1_323' title='bbox 501 3201 570 3260; x_wconf 91' lang='lat' dir='ltr'>dnm</span> <span class='ocrx_word' id='word_1_324' title='bbox 601 3208 795 3278; x_wconf 88' lang='lat' dir='ltr'>quaerentem</span> <span class='ocrx_word' id='word_1_325' title='bbox 825 3198 1004 3271; x_wconf 87' lang='lat' dir='ltr'>introducit,</span> <span class='ocrx_word' id='word_1_326' title='bbox 1038 3216 1108 3258; x_wconf 92' lang='lat' dir='ltr'>num</span> <span class='ocrx_word' id='word_1_327' title='bbox 1137 3198 1214 3258; x_wconf 84' lang='lat' dir='ltr'>forie</span> <span class='ocrx_word' id='word_1_328' title='bbox 1245 3197 1365 3258; x_wconf 83' lang='lat' dir='ltr'>fortuna</span> <span class='ocrx_word' id='word_1_329' title='bbox 1387 3197 1565 3277; x_wconf 90' lang='lat' dir='ltr'>contingant</span> 
     </span>
    </p>
   </div>
   <div class='ocr_carea' id='block_1_5' title="bbox 208 3286 1401 3442">
    <p class='ocr_par' dir='ltr' id='par_1_6' title="bbox 208 3286 1401 3442">
     <span class='ocr_line' id='line_1_34' title="bbox 208 3286 1401 3368; baseline -0.002 -20"><span class='ocrx_word' id='word_1_330' title='bbox 208 3287 270 3362; x_wconf 88' lang='lat' dir='ltr'>illa,</span> <span class='ocrx_word' id='word_1_331' title='bbox 297 3307 372 3368; x_wconf 89' lang='lat' dir='ltr'>quae</span> <span class='ocrx_word' id='word_1_332' title='bbox 397 3289 426 3348; x_wconf 94' lang='lat' dir='ltr'>in</span> <span class='ocrx_word' id='word_1_333' title='bbox 451 3288 534 3350; x_wconf 89' lang='lat' dir='ltr'>coelo</span> <span class='ocrx_word' id='word_1_334' title='bbox 561 3295 744 3368; x_wconf 87' lang='lat' dir='ltr'>spectentur,</span> <span class='ocrx_word' id='word_1_335' title='bbox 770 3305 825 3348; x_wconf 89' lang='lat' dir='ltr'>neo</span> <span class='ocrx_word' id='word_1_336' title='bbox 848 3286 1016 3348; x_wconf 90' lang='lat' dir='ltr'>hominibus</span> <span class='ocrx_word' id='word_1_337' title='bbox 1040 3286 1197 3366; x_wconf 88' lang='lat' dir='ltr'>quicquam</span> <span class='ocrx_word' id='word_1_338' title='bbox 1219 3286 1345 3368; x_wconf 90' lang='lat' dir='ltr'>prosint.</span> <span class='ocrx_word' id='word_1_339' title='bbox 1365 3319 1401 3330; x_wconf 89' lang='lat'><em>-</em></span> 
     </span>
     <span class='ocr_line' id='line_1_35' title="bbox 297 3373 1015 3442; baseline -0.003 -16"><span class='ocrx_word' id='word_1_340' title='bbox 297 3373 369 3438; x_wconf 82' lang='lat' dir='ltr'>Quae</span> <span class='ocrx_word' id='word_1_341' title='bbox 387 3384 531 3442; x_wconf 85' lang='lat' dir='ltr'>sequuntur,</span> <span class='ocrx_word' id='word_1_342' title='bbox 550 3375 666 3442; x_wconf 81' lang='lat' dir='ltr'>leguntur</span> <span class='ocrx_word' id='word_1_343' title='bbox 682 3377 709 3426; x_wconf 92' lang='lat' dir='ltr'>in</span> <span class='ocrx_word' id='word_1_344' title='bbox 729 3375 843 3442; x_wconf 79' lang='lat' dir='ltr'>„Eulogis</span> <span class='ocrx_word' id='word_1_345' title='bbox 862 3374 1015 3426; x_wconf 84' lang='lat' dir='ltr'>Chronicis.“</span> 
     </span>
    </p>
   </div>
   <div class='ocr_carea' id='block_1_6' title="bbox 1394 3533 1400 3570">
    <p class='ocr_par' dir='ltr' id='par_1_7' title="bbox 1394 3533 1400 3570">
     <span class='ocr_line' id='line_1_36' title="bbox 1394 3533 1400 3570; baseline 0 0"><span class='ocrx_word' id='word_1_346' title='bbox 1394 3533 1400 3570; x_wconf 86' lang='lat' dir='ltr'>l</span> 
     </span>
    </p>
   </div>
   <div class='ocr_carea' id='block_1_7' title="bbox 209 3621 1567 4260">
    <p class='ocr_par' dir='ltr' id='par_1_8' title="bbox 209 3621 1567 4188">
     <span class='ocr_line' id='line_1_37' title="bbox 297 3621 1565 3690; baseline -0.003 -15"><span class='ocrx_word' id='word_1_347' title='bbox 297 3625 328 3675; x_wconf 87' lang='lat' dir='ltr'>In</span> <span class='ocrx_word' id='word_1_348' title='bbox 348 3624 443 3690; x_wconf 85' lang='lat' dir='ltr'>Optieis</span> <span class='ocrx_word' id='word_1_349' title='bbox 460 3621 495 3688; x_wconf 88' lang='lat' dir='ltr'>(p.</span> <span class='ocrx_word' id='word_1_350' title='bbox 516 3621 549 3672; x_wconf 78' lang='lat'>³7</span> <span class='ocrx_word' id='word_1_351' title='bbox 570 3621 616 3686; x_wconf 82' lang='lat' dir='ltr'>ee.)</span> <span class='ocrx_word' id='word_1_352' title='bbox 641 3625 727 3674; x_wconf 81' lang='lat' dir='ltr'>literas</span> <span class='ocrx_word' id='word_1_353' title='bbox 747 3623 899 3674; x_wconf 80' lang='lat' dir='ltr'>exhibuimus</span> <span class='ocrx_word' id='word_1_354' title='bbox 916 3623 1022 3676; x_wconf 84' lang='lat' dir='ltr'>Joannir</span> <span class='ocrx_word' id='word_1_355' title='bbox 1041 3623 1141 3690; x_wconf 76' lang='lat' dir='ltr'>Georgii</span> <span class='ocrx_word' id='word_1_356' title='bbox 1164 3622 1348 3689; x_wconf 80' lang='lat' dir='ltr'>Brenggeri</span> <span class='ocrx_word' id='word_1_357' title='bbox 1375 3621 1466 3674; x_wconf 83' lang='lat' dir='ltr'>medici</span> <span class='ocrx_word' id='word_1_358' title='bbox 1483 3621 1565 3672; x_wconf 82' lang='lat' dir='ltr'>Kaul-</span> 
     </span>
     <span class='ocr_line' id='line_1_38' title="bbox 210 3695 1565 3762; baseline -0.003 -16"><span class='ocrx_word' id='word_1_359' title='bbox 210 3695 348 3754; x_wconf 79' lang='lat' dir='ltr'>tamenne,</span> <span class='ocrx_word' id='word_1_360' title='bbox 368 3702 487 3761; x_wconf 83' lang='lat' dir='ltr'>qnantum</span> <span class='ocrx_word' id='word_1_361' title='bbox 505 3695 565 3744; x_wconf 91' lang='lat' dir='ltr'>illud</span> <span class='ocrx_word' id='word_1_362' title='bbox 584 3699 722 3762; x_wconf 80' lang='lat' dir='ltr'>attigerunt</span> <span class='ocrx_word' id='word_1_363' title='bbox 733 3711 802 3760; x_wconf 88' lang='lat' dir='ltr'>opur.</span> <span class='ocrx_word' id='word_1_364' title='bbox 828 3696 927 3745; x_wconf 84' lang='lat' dir='ltr'>Literae</span> <span class='ocrx_word' id='word_1_365' title='bbox 947 3695 1057 3758; x_wconf 75' lang='lat' dir='ltr'>ejusdem</span> <span class='ocrx_word' id='word_1_366' title='bbox 1070 3695 1101 3746; x_wconf 91' lang='lat' dir='ltr'>de</span> <span class='ocrx_word' id='word_1_367' title='bbox 1114 3695 1187 3746; x_wconf 88' lang='lat' dir='ltr'>stella</span> <span class='ocrx_word' id='word_1_368' title='bbox 1198 3696 1225 3745; x_wconf 90' lang='lat' dir='ltr'>in</span> <span class='ocrx_word' id='word_1_369' title='bbox 1238 3695 1324 3759; x_wconf 81' lang='lat' dir='ltr'>Cygno</span> <span class='ocrx_word' id='word_1_370' title='bbox 1335 3695 1401 3744; x_wconf 82' lang='lat' dir='ltr'>inire</span> <span class='ocrx_word' id='word_1_371' title='bbox 1418 3701 1565 3758; x_wconf 70' lang='lat' dir='ltr'>sequenturr</span> 
     </span>
     <span class='ocr_line' id='line_1_39' title="bbox 209 3762 1564 3832; baseline -0.003 -14"><span class='ocrx_word' id='word_1_372' title='bbox 209 3769 263 3832; x_wconf 77' lang='lat' dir='ltr'>jam</span> <span class='ocrx_word' id='word_1_373' title='bbox 292 3781 323 3818; x_wconf 84' lang='lat' dir='ltr'>ee</span> <span class='ocrx_word' id='word_1_374' title='bbox 350 3781 414 3832; x_wconf 85' lang='lat' dir='ltr'>qnae</span> <span class='ocrx_word' id='word_1_375' title='bbox 442 3768 473 3816; x_wconf 89' lang='lat' dir='ltr'>de</span> <span class='ocrx_word' id='word_1_376' title='bbox 501 3765 653 3832; x_wconf 84' lang='lat' dir='ltr'>Serpentarli</span> <span class='ocrx_word' id='word_1_377' title='bbox 685 3768 759 3818; x_wconf 84' lang='lat' dir='ltr'>stella</span> <span class='ocrx_word' id='word_1_378' title='bbox 785 3781 841 3816; x_wconf 88' lang='lat' dir='ltr'>enm</span> <span class='ocrx_word' id='word_1_379' title='bbox 868 3766 977 3830; x_wconf 84' lang='lat' dir='ltr'>Keplero</span> <span class='ocrx_word' id='word_1_380' title='bbox 1005 3767 1057 3830; x_wconf 82' lang='lat' dir='ltr'>egit</span> <span class='ocrx_word' id='word_1_381' title='bbox 1086 3766 1247 3830; x_wconf 87' lang='lat' dir='ltr'>proponenda</span> <span class='ocrx_word' id='word_1_382' title='bbox 1272 3771 1338 3816; x_wconf 81' lang='lat' dir='ltr'>eant.</span> <span class='ocrx_word' id='word_1_383' title='bbox 1385 3766 1458 3814; x_wconf 82' lang='lat' dir='ltr'>Anno</span> <span class='ocrx_word' id='word_1_384' title='bbox 1488 3762 1564 3814; x_wconf 78' lang='lat' dir='ltr'>lton.</span> 
     </span>
     <span class='ocr_line' id='line_1_40' title="bbox 211 3836 1566 3907; baseline -0.002 -20"><span class='ocrx_word' id='word_1_385' title='bbox 211 3836 250 3900; x_wconf 86' lang='lat' dir='ltr'>(d.</span> <span class='ocrx_word' id='word_1_386' title='bbox 273 3837 313 3887; x_wconf 78' lang='grc'>10.</span> <span class='ocrx_word' id='word_1_387' title='bbox 335 3838 387 3890; x_wconf 83' lang='lat' dir='ltr'>cal.</span> <span class='ocrx_word' id='word_1_388' title='bbox 407 3837 479 3900; x_wconf 83' lang='lat' dir='ltr'>Jan.)</span> <span class='ocrx_word' id='word_1_389' title='bbox 498 3839 561 3889; x_wconf 84' lang='lat' dir='ltr'>baec</span> <span class='ocrx_word' id='word_1_390' title='bbox 584 3839 653 3890; x_wconf 85' lang='lat' dir='ltr'>dedit</span> <span class='ocrx_word' id='word_1_391' title='bbox 669 3839 796 3904; x_wconf 83' lang='lat' dir='ltr'>Keplero:</span> <span class='ocrx_word' id='word_1_392' title='bbox 816 3839 920 3888; x_wconf 82' lang='lat' dir='ltr'>Gratum</span> <span class='ocrx_word' id='word_1_393' title='bbox 941 3837 1002 3887; x_wconf 88' lang='lat' dir='ltr'>mihi</span> <span class='ocrx_word' id='word_1_394' title='bbox 1028 3839 1125 3895; x_wconf 83' lang='lat' dir='ltr'>iecisti,</span> <span class='ocrx_word' id='word_1_395' title='bbox 1154 3839 1219 3902; x_wconf 88' lang='lat' dir='ltr'>qnod</span> <span class='ocrx_word' id='word_1_396' title='bbox 1237 3837 1269 3886; x_wconf 90' lang='lat' dir='ltr'>de</span> <span class='ocrx_word' id='word_1_397' title='bbox 1291 3836 1346 3885; x_wconf 91' lang='lat' dir='ltr'>loco</span> <span class='ocrx_word' id='word_1_398' title='bbox 1372 3836 1460 3886; x_wconf 66' lang='lat' dir='ltr'>sullae</span> <span class='ocrx_word' id='word_1_399' title='bbox 1487 3849 1566 3907; x_wconf 81' lang='lat' dir='ltr'>norae</span> 
     </span>
     <span class='ocr_line' id='line_1_41' title="bbox 212 3904 1567 3975; baseline -0.004 -15"><span class='ocrx_word' id='word_1_400' title='bbox 212 3911 343 3962; x_wconf 85' lang='lat' dir='ltr'>certiorem</span> <span class='ocrx_word' id='word_1_401' title='bbox 361 3925 402 3959; x_wconf 85' lang='lat' dir='ltr'>nne</span> <span class='ocrx_word' id='word_1_402' title='bbox 426 3909 525 3968; x_wconf 84' lang='lat' dir='ltr'>l&#39;eclsti;</span> <span class='ocrx_word' id='word_1_403' title='bbox 553 3909 652 3960; x_wconf 87' lang='lat' dir='ltr'>dabitur</span> <span class='ocrx_word' id='word_1_404' title='bbox 677 3910 817 3975; x_wconf 87' lang='lat' dir='ltr'>propediem</span> <span class='ocrx_word' id='word_1_405' title='bbox 845 3911 943 3959; x_wconf 77' lang='lat' dir='ltr'>occulo</span> <span class='ocrx_word' id='word_1_406' title='bbox 970 3923 1052 3958; x_wconf 84' lang='lat' dir='ltr'>rursus</span> <span class='ocrx_word' id='word_1_407' title='bbox 1070 3923 1127 3957; x_wconf 81' lang='lat' dir='ltr'>eam</span> <span class='ocrx_word' id='word_1_408' title='bbox 1154 3907 1306 3957; x_wconf 81' lang='lat' dir='ltr'>observandi.</span> <span class='ocrx_word' id='word_1_409' title='bbox 1344 3904 1432 3956; x_wconf 82' lang='lat' dir='ltr'>Ortum</span> <span class='ocrx_word' id='word_1_410' title='bbox 1451 3908 1504 3969; x_wconf 76' lang='lat' dir='ltr'>elus</span> <span class='ocrx_word' id='word_1_411' title='bbox 1522 3921 1567 3956; x_wconf 83' lang='lat' dir='ltr'>aen</span> 
     </span>
     <span class='ocr_line' id='line_1_42' title="bbox 211 3978 1566 4047; baseline -0.004 -15"><span class='ocrx_word' id='word_1_412' title='bbox 211 3985 330 4047; x_wconf 79' lang='lat' dir='ltr'>originem</span> <span class='ocrx_word' id='word_1_413' title='bbox 348 3983 430 4031; x_wconf 89' lang='lat' dir='ltr'>relero</span> <span class='ocrx_word' id='word_1_414' title='bbox 448 3983 473 4030; x_wconf 94' lang='lat' dir='ltr'>in</span> <span class='ocrx_word' id='word_1_415' title='bbox 493 3981 557 4030; x_wconf 87' lang='lat' dir='ltr'>diem</span> <span class='ocrx_word' id='word_1_416' title='bbox 576 3980 602 4031; x_wconf 80' lang='lat' dir='ltr'>l.</span> <span class='ocrx_word' id='word_1_417' title='bbox 616 3980 673 4031; x_wconf 87' lang='lat' dir='ltr'>Oct.</span> <span class='ocrx_word' id='word_1_418' title='bbox 692 3995 739 4046; x_wconf 83' lang='lat' dir='ltr'>qno</span> <span class='ocrx_word' id='word_1_419' title='bbox 752 3981 848 4044; x_wconf 84' lang='lat' dir='ltr'>Jupiter</span> <span class='ocrx_word' id='word_1_420' title='bbox 860 3987 886 4030; x_wconf 86' lang='lat' dir='ltr'>et</span> <span class='ocrx_word' id='word_1_421' title='bbox 898 3979 967 4030; x_wconf 83' lang='lat' dir='ltr'>Mara</span> <span class='ocrx_word' id='word_1_422' title='bbox 985 3982 1009 4028; x_wconf 96' lang='lat' dir='ltr'>in</span> <span class='ocrx_word' id='word_1_423' title='bbox 1030 3979 1116 4028; x_wconf 90' lang='lat' dir='ltr'>eodem</span> <span class='ocrx_word' id='word_1_424' title='bbox 1135 3979 1222 4044; x_wconf 72' lang='lat' dir='ltr'>gratim</span> <span class='ocrx_word' id='word_1_425' title='bbox 1240 3979 1283 4028; x_wconf 91' lang='lat' dir='ltr'>nbi</span> <span class='ocrx_word' id='word_1_426' title='bbox 1295 3991 1362 4026; x_wconf 91' lang='lat' dir='ltr'>nunc</span> <span class='ocrx_word' id='word_1_427' title='bbox 1380 3978 1453 4027; x_wconf 81' lang='lat' dir='ltr'>atella</span> <span class='ocrx_word' id='word_1_428' title='bbox 1470 3978 1566 4034; x_wconf 82' lang='lat' dir='ltr'>haeret,</span> 
     </span>
     <span class='ocr_line' id='line_1_43' title="bbox 210 4049 1567 4116; baseline -0.004 -14"><span class='ocrx_word' id='word_1_429' title='bbox 210 4055 292 4116; x_wconf 70' lang='lat' dir='ltr'>iuneti</span> <span class='ocrx_word' id='word_1_430' title='bbox 311 4053 411 4102; x_wconf 84' lang='lat' dir='ltr'>inerunt</span> <span class='ocrx_word' id='word_1_431' title='bbox 428 4055 500 4116; x_wconf 77' lang='lat' dir='ltr'>Juxta</span> <span class='ocrx_word' id='word_1_432' title='bbox 517 4051 622 4102; x_wconf 85' lang='lat' dir='ltr'>Leoritii</span> <span class='ocrx_word' id='word_1_433' title='bbox 641 4059 789 4116; x_wconf 88' lang='lat' dir='ltr'>computum.</span> <span class='ocrx_word' id='word_1_434' title='bbox 827 4053 861 4100; x_wconf 84' lang='lat' dir='ltr'>Et</span> <span class='ocrx_word' id='word_1_435' title='bbox 878 4053 899 4100; x_wconf 85' lang='lat' dir='ltr'>si</span> <span class='ocrx_word' id='word_1_436' title='bbox 915 4053 999 4101; x_wconf 89' lang='lat' dir='ltr'>lamen</span> <span class='ocrx_word' id='word_1_437' title='bbox 1018 4053 1071 4112; x_wconf 80' lang='lat' dir='ltr'>elna</span> <span class='ocrx_word' id='word_1_438' title='bbox 1088 4051 1224 4110; x_wconf 88' lang='lat' dir='ltr'>intuemur,</span> <span class='ocrx_word' id='word_1_439' title='bbox 1246 4049 1356 4098; x_wconf 84' lang='lat' dir='ltr'>ridemus</span> <span class='ocrx_word' id='word_1_440' title='bbox 1374 4062 1431 4098; x_wconf 85' lang='lat' dir='ltr'>eam</span> <span class='ocrx_word' id='word_1_441' title='bbox 1448 4049 1567 4098; x_wconf 84' lang='lat' dir='ltr'>aemulari</span> 
     </span>
     <span class='ocr_line' id='line_1_44' title="bbox 210 4119 1362 4188; baseline -0.005 -14"><span class='ocrx_word' id='word_1_442' title='bbox 210 4125 319 4183; x_wconf 63' lang='lat' dir='ltr'>Jorenn</span> <span class='ocrx_word' id='word_1_443' title='bbox 340 4124 383 4173; x_wconf 88' lang='lat' dir='ltr'>sed</span> <span class='ocrx_word' id='word_1_444' title='bbox 402 4126 461 4188; x_wconf 86' lang='lat' dir='ltr'>qnia</span> <span class='ocrx_word' id='word_1_445' title='bbox 478 4123 583 4174; x_wconf 81' lang='lat' dir='ltr'>rutilans</span> <span class='ocrx_word' id='word_1_446' title='bbox 602 4131 715 4188; x_wconf 78' lang='lat' dir='ltr'>apparet.</span> <span class='ocrx_word' id='word_1_447' title='bbox 733 4124 830 4174; x_wconf 82' lang='lat' dir='ltr'>ridetur</span> <span class='ocrx_word' id='word_1_448' title='bbox 848 4124 924 4172; x_wconf 88' lang='lat' dir='ltr'>etiam</span> <span class='ocrx_word' id='word_1_449' title='bbox 941 4123 1090 4185; x_wconf 83' lang='lat' dir='ltr'>participare</span> <span class='ocrx_word' id='word_1_450' title='bbox 1110 4121 1140 4170; x_wconf 91' lang='lat' dir='ltr'>de</span> <span class='ocrx_word' id='word_1_451' title='bbox 1158 4126 1249 4170; x_wconf 82' lang='lat' dir='ltr'>uatma</span> <span class='ocrx_word' id='word_1_452' title='bbox 1265 4119 1362 4170; x_wconf 84' lang='lat' dir='ltr'>Martia.</span> 
     </span>
    </p>

    <p class='ocr_par' dir='ltr' id='par_1_9' title="bbox 298 4191 1566 4260">
     <span class='ocr_line' id='line_1_45' title="bbox 298 4191 1566 4260; baseline -0.006 -13"><span class='ocrx_word' id='word_1_453' title='bbox 298 4197 320 4246; x_wconf 86' lang='lat' dir='ltr'><strong>E</strong></span> <span class='ocrx_word' id='word_1_454' title='bbox 347 4195 489 4259; x_wconf 86' lang='lat' dir='ltr'>Kepleri</span> <span class='ocrx_word' id='word_1_455' title='bbox 518 4199 676 4260; x_wconf 82' lang='lat' dir='ltr'>responsione</span> <span class='ocrx_word' id='word_1_456' title='bbox 700 4193 735 4256; x_wconf 84' lang='lat' dir='ltr'>(d.</span> <span class='ocrx_word' id='word_1_457' title='bbox 764 4195 787 4244; x_wconf 91' lang='lat' dir='ltr'>d.</span> <span class='ocrx_word' id='word_1_458' title='bbox 820 4193 860 4242; x_wconf 75' lang='lat' dir='ltr'>li.</span> <span class='ocrx_word' id='word_1_459' title='bbox 890 4191 962 4255; x_wconf 88' lang='lat' dir='ltr'>Jan.)</span> <span class='ocrx_word' id='word_1_460' title='bbox 989 4205 1052 4257; x_wconf 85' lang='lat' dir='ltr'>quae</span> <span class='ocrx_word' id='word_1_461' title='bbox 1079 4192 1129 4242; x_wconf 89' lang='lat' dir='ltr'>bno</span> <span class='ocrx_word' id='word_1_462' title='bbox 1155 4191 1281 4256; x_wconf 83' lang='lat' dir='ltr'>pertinent</span> <span class='ocrx_word' id='word_1_463' title='bbox 1306 4191 1355 4240; x_wconf 87' lang='lat' dir='ltr'>bno</span> <span class='ocrx_word' id='word_1_464' title='bbox 1381 4204 1458 4256; x_wconf 81' lang='lat' dir='ltr'>usqae</span> <span class='ocrx_word' id='word_1_465' title='bbox 1488 4203 1566 4240; x_wconf 81' lang='lat' dir='ltr'>reter-</span> 
     </span>
    </p>
   </div>
   <div class='ocr_carea' id='block_1_8' title="bbox 209 4263 1568 4882">
    <p class='ocr_par' dir='ltr' id='par_1_10' title="bbox 209 4263 1568 4882">
     <span class='ocr_line' id='line_1_46' title="bbox 209 4263 1567 4346; baseline -0.004 -20"><span class='ocrx_word' id='word_1_466' title='bbox 209 4277 337 4328; x_wconf 79' lang='lat' dir='ltr'>vavtmns:</span> <span class='ocrx_word' id='word_1_467' title='bbox 384 4269 502 4328; x_wconf 88' lang='lat' dir='ltr'>Novam</span> <span class='ocrx_word' id='word_1_468' title='bbox 538 4269 677 4341; x_wconf 88' lang='lat' dir='ltr'>stellam,</span> <span class='ocrx_word' id='word_1_469' title='bbox 722 4275 818 4339; x_wconf 83' lang='lat' dir='ltr'>lnquit,</span> <span class='ocrx_word' id='word_1_470' title='bbox 853 4265 931 4326; x_wconf 86' lang='lat' dir='ltr'>vidit</span> <span class='ocrx_word' id='word_1_471' title='bbox 968 4265 1088 4346; x_wconf 90' lang='lat' dir='ltr'>qnidam</span> <span class='ocrx_word' id='word_1_472' title='bbox 1132 4263 1273 4324; x_wconf 90' lang='lat' dir='ltr'>Veronae</span> <span class='ocrx_word' id='word_1_473' title='bbox 1316 4263 1350 4324; x_wconf 86' lang='lat' dir='ltr'>F.</span> <span class='ocrx_word' id='word_1_474' title='bbox 1393 4263 1567 4324; x_wconf 89' lang='lat' dir='ltr'>Altobelloe</span> 
     </span>
     <span class='ocr_line' id='line_1_47' title="bbox 211 4345 1565 4434; baseline -0.007 -13"><span class='ocrx_word' id='word_1_475' title='bbox 211 4353 242 4421; x_wconf 89' lang='grc'>9.</span> <span class='ocrx_word' id='word_1_476' title='bbox 269 4355 349 4432; x_wconf 84' lang='lat' dir='ltr'>Oct,</span> <span class='ocrx_word' id='word_1_477' title='bbox 374 4355 405 4420; x_wconf 88' lang='lat'>8.</span> <span class='ocrx_word' id='word_1_478' title='bbox 432 4355 502 4417; x_wconf 90' lang='lat' dir='ltr'>Oct.</span> <span class='ocrx_word' id='word_1_479' title='bbox 536 4377 594 4418; x_wconf 92' lang='lat' dir='ltr'>non</span> <span class='ocrx_word' id='word_1_480' title='bbox 626 4363 676 4418; x_wconf 89' lang='lat' dir='ltr'>est</span> <span class='ocrx_word' id='word_1_481' title='bbox 706 4355 774 4416; x_wconf 84' lang='lat' dir='ltr'>visa</span> <span class='ocrx_word' id='word_1_482' title='bbox 796 4355 931 4434; x_wconf 90' lang='lat' dir='ltr'>Pragae,</span> <span class='ocrx_word' id='word_1_483' title='bbox 963 4353 993 4412; x_wconf 91' lang='lat' dir='ltr'>in</span> <span class='ocrx_word' id='word_1_484' title='bbox 1022 4351 1181 4426; x_wconf 86' lang='lat' dir='ltr'>Ostlrisia,</span> <span class='ocrx_word' id='word_1_485' title='bbox 1214 4350 1346 4413; x_wconf 83' lang='lat' dir='ltr'>Alsatia.</span> <span class='ocrx_word' id='word_1_486' title='bbox 1392 4349 1438 4411; x_wconf 87' lang='lat' dir='ltr'>Eo</span> <span class='ocrx_word' id='word_1_487' title='bbox 1463 4351 1509 4412; x_wconf 90' lang='lat' dir='ltr'>die</span> <span class='ocrx_word' id='word_1_488' title='bbox 1534 4345 1565 4412; x_wconf 88' lang='grc'>9.</span> 
     </span>
     <span class='ocr_line' id='line_1_48' title="bbox 211 4439 1567 4522; baseline -0.006 -14"><span class='ocrx_word' id='word_1_489' title='bbox 211 4446 291 4508; x_wconf 86' lang='lat' dir='ltr'>circa</span> <span class='ocrx_word' id='word_1_490' title='bbox 314 4445 468 4508; x_wconf 87' lang='lat' dir='ltr'>meridiem</span> <span class='ocrx_word' id='word_1_491' title='bbox 492 4445 548 4506; x_wconf 84' lang='lat' dir='ltr'>fuit</span> <span class='ocrx_word' id='word_1_492' title='bbox 572 4445 602 4522; x_wconf 70' lang='grc' dir='ltr'><em>ό</em></span> <span class='ocrx_word' id='word_1_493' title='bbox 622 4443 662 4519; x_wconf 61' lang='grc' dir='ltr'>Ἃ,</span> <span class='ocrx_word' id='word_1_494' title='bbox 683 4451 717 4514; x_wconf 87' lang='lat'>0¹·</span> <span class='ocrx_word' id='word_1_495' title='bbox 764 4442 825 4506; x_wconf 87' lang='lat' dir='ltr'>Sed</span> <span class='ocrx_word' id='word_1_496' title='bbox 849 4452 891 4516; x_wconf 88' lang='lat' dir='ltr'>tu,</span> <span class='ocrx_word' id='word_1_497' title='bbox 916 4442 965 4522; x_wconf 91' lang='lat' dir='ltr'>qui</span> <span class='ocrx_word' id='word_1_498' title='bbox 989 4451 1087 4504; x_wconf 90' lang='lat' dir='ltr'>ortum</span> <span class='ocrx_word' id='word_1_499' title='bbox 1111 4441 1218 4502; x_wconf 89' lang='lat' dir='ltr'>stellae</span> <span class='ocrx_word' id='word_1_500' title='bbox 1242 4439 1448 4502; x_wconf 87' lang='lat' dir='ltr'>ratiocinando</span> <span class='ocrx_word' id='word_1_501' title='bbox 1473 4439 1567 4500; x_wconf 86' lang='lat' dir='ltr'>audes</span> 
     </span>
     <span class='ocr_line' id='line_1_49' title="bbox 210 4528 1566 4614; baseline -0.003 -20"><span class='ocrx_word' id='word_1_502' title='bbox 210 4534 268 4595; x_wconf 89' lang='lat' dir='ltr'>huo</span> <span class='ocrx_word' id='word_1_503' title='bbox 291 4536 403 4597; x_wconf 79' lang='lat' dir='ltr'>referre</span> <span class='ocrx_word' id='word_1_504' title='bbox 427 4534 466 4596; x_wconf 88' lang='lat' dir='ltr'>ad</span> <span class='ocrx_word' id='word_1_505' title='bbox 491 4534 729 4614; x_wconf 88' lang='lat' dir='ltr'>conjunctionem</span> <span class='ocrx_word' id='word_1_506' title='bbox 751 4531 782 4606; x_wconf 71' lang='lat' dir='ltr'>ll</span> <span class='ocrx_word' id='word_1_507' title='bbox 805 4539 836 4594; x_wconf 91' lang='lat' dir='ltr'>et</span> <span class='ocrx_word' id='word_1_508' title='bbox 859 4540 895 4605; x_wconf 71' lang='grc' dir='ltr'>ό,</span> <span class='ocrx_word' id='word_1_509' title='bbox 918 4528 990 4593; x_wconf 89' lang='lat' dir='ltr'>mibi</span> <span class='ocrx_word' id='word_1_510' title='bbox 1014 4531 1146 4593; x_wconf 86' lang='lat' dir='ltr'>edissere</span> <span class='ocrx_word' id='word_1_511' title='bbox 1171 4548 1188 4590; x_wconf 94' lang='lat' dir='ltr'>o</span> <span class='ocrx_word' id='word_1_512' title='bbox 1212 4529 1335 4608; x_wconf 90' lang='lat' dir='ltr'>elegans</span> <span class='ocrx_word' id='word_1_513' title='bbox 1358 4529 1465 4605; x_wconf 89' lang='lat' dir='ltr'>homo,</span> <span class='ocrx_word' id='word_1_514' title='bbox 1490 4545 1566 4609; x_wconf 91' lang='lat' dir='ltr'>quae</span> 
     </span>
     <span class='ocr_line' id='line_1_50' title="bbox 212 4618 1568 4700; baseline -0.004 -18"><span class='ocrx_word' id='word_1_515' title='bbox 212 4623 358 4684; x_wconf 89' lang='lat' dir='ltr'>naturalis</span> <span class='ocrx_word' id='word_1_516' title='bbox 380 4622 528 4685; x_wconf 84' lang='lat' dir='ltr'>connexio</span> <span class='ocrx_word' id='word_1_517' title='bbox 553 4641 590 4683; x_wconf 84' lang='lat' dir='ltr'>ex</span> <span class='ocrx_word' id='word_1_518' title='bbox 613 4622 708 4683; x_wconf 86' lang='lat' dir='ltr'>Terra</span> <span class='ocrx_word' id='word_1_519' title='bbox 731 4621 769 4682; x_wconf 90' lang='lat' dir='ltr'>ad</span> <span class='ocrx_word' id='word_1_520' title='bbox 793 4639 962 4700; x_wconf 89' lang='lat' dir='ltr'>supremum</span> <span class='ocrx_word' id='word_1_521' title='bbox 987 4618 1161 4680; x_wconf 87' lang='lat' dir='ltr'>aetherem?</span> <span class='ocrx_word' id='word_1_522' title='bbox 1189 4619 1224 4680; x_wconf 91' lang='lat' dir='ltr'>In</span> <span class='ocrx_word' id='word_1_523' title='bbox 1248 4618 1342 4679; x_wconf 85' lang='lat' dir='ltr'>Terra</span> <span class='ocrx_word' id='word_1_524' title='bbox 1364 4626 1568 4697; x_wconf 87' lang='lat' dir='ltr'>apparuerunt</span> 
     </span>
     <span class='ocr_line' id='line_1_51' title="bbox 214 4705 1567 4792; baseline -0.002 -22"><span class='ocrx_word' id='word_1_525' title='bbox 214 4711 377 4789; x_wconf 86' lang='lat' dir='ltr'>conjuncti,</span> <span class='ocrx_word' id='word_1_526' title='bbox 402 4713 539 4792; x_wconf 91' lang='lat' dir='ltr'>nuspiam</span> <span class='ocrx_word' id='word_1_527' title='bbox 564 4709 635 4772; x_wconf 89' lang='lat' dir='ltr'>alibi</span> <span class='ocrx_word' id='word_1_528' title='bbox 659 4710 689 4770; x_wconf 92' lang='lat' dir='ltr'>in</span> <span class='ocrx_word' id='word_1_529' title='bbox 713 4715 778 4770; x_wconf 89' lang='lat' dir='ltr'>toto</span> <span class='ocrx_word' id='word_1_530' title='bbox 808 4710 917 4770; x_wconf 90' lang='lat' dir='ltr'>mundo</span> <span class='ocrx_word' id='word_1_531' title='bbox 941 4717 975 4770; x_wconf 89' lang='lat' dir='ltr'>nt</span> <span class='ocrx_word' id='word_1_532' title='bbox 998 4707 1091 4780; x_wconf 88' lang='lat' dir='ltr'>nosti,</span> <span class='ocrx_word' id='word_1_533' title='bbox 1115 4707 1293 4787; x_wconf 88' lang='lat' dir='ltr'>praesertim</span> <span class='ocrx_word' id='word_1_534' title='bbox 1317 4706 1343 4766; x_wconf 93' lang='lat' dir='ltr'>si</span> <span class='ocrx_word' id='word_1_535' title='bbox 1368 4705 1567 4785; x_wconf 84' lang='lat' dir='ltr'>Copernieom</span> 
     </span>
     <span class='ocr_line' id='line_1_52' title="bbox 213 4795 1567 4882; baseline -0.001 -24"><span class='ocrx_word' id='word_1_536' title='bbox 213 4797 262 4860; x_wconf 81' lang='lat' dir='ltr'>uel</span> <span class='ocrx_word' id='word_1_537' title='bbox 286 4799 377 4862; x_wconf 89' lang='lat' dir='ltr'>etiam</span> <span class='ocrx_word' id='word_1_538' title='bbox 399 4799 571 4882; x_wconf 87' lang='lat' dir='ltr'>Tychonem</span> <span class='ocrx_word' id='word_1_539' title='bbox 594 4816 737 4880; x_wconf 84' lang='lat' dir='ltr'>sequare;</span> <span class='ocrx_word' id='word_1_540' title='bbox 762 4816 833 4878; x_wconf 88' lang='lat' dir='ltr'>ergo</span> <span class='ocrx_word' id='word_1_541' title='bbox 856 4805 966 4860; x_wconf 88' lang='lat' dir='ltr'>natura</span> <span class='ocrx_word' id='word_1_542' title='bbox 989 4798 1104 4877; x_wconf 89' lang='lat' dir='ltr'>aliqua,</span> <span class='ocrx_word' id='word_1_543' title='bbox 1128 4815 1204 4878; x_wconf 87' lang='lat' dir='ltr'>quoe</span> <span class='ocrx_word' id='word_1_544' title='bbox 1227 4795 1305 4857; x_wconf 89' lang='lat' dir='ltr'>hanc</span> <span class='ocrx_word' id='word_1_545' title='bbox 1329 4795 1567 4877; x_wconf 86' lang='lat' dir='ltr'>conjunctionem</span> 
     </span>
    </p>
   </div>
   <div class='ocr_carea' id='block_1_9' title="bbox 0 0 1860 5530">
    <p class='ocr_par' dir='ltr' id='par_1_11' title="bbox 0 0 1860 5530">
     <span class='ocr_line' id='line_1_53' title="bbox 0 0 1860 5530; baseline 0 0"><span class='ocrx_word' id='word_1_546' title='bbox 0 0 1860 5530; x_wconf 95' lang='lat' dir='ltr'> </span> 
     </span>
    </p>
   </div>
  </div>
 </body>
</html>
