3672 5528
770 269 853 340 espa
872 271 905 322 V·
924 269 949 324 ὓ·
1467 271 1532 344 tta

173 463 265 528 srrper
285 447 399 512 eadem
422 447 507 512 basi:
531 465 618 512 arens
641 451 743 530 itaque
765 447 821 514 ΒΟ
844 449 942 530 major
963 447 1054 531 justo,
1080 449 1150 532 quia
1172 451 1251 514 oculi
1271 449 1463 532 prolanditas
1482 451 1532 518 Es

175 555 235 600 non
254 537 377 615 patitur
400 543 506 600 centra
527 561 559 613 a,
581 539 609 600 Ε
631 537 823 602 instrumenti
846 547 878 602 et
901 541 980 603 oculi
1003 537 1151 620 conjungi.

263 624 299 687 Id
324 627 422 688 multo
449 627 546 706 magis
577 628 760 704 cavendum,
794 627 913 708 quaudo
947 628 1040 690 exiles
1073 627 1231 690 admodum
1260 627 1448 708 quantitates
1476 630 1531 694 suh

180 713 278 794 anguli
300 733 475 778 mensnram
498 723 663 783 vocentur:
694 724 729 778 ut
750 735 816 780 cum
844 717 1009 780 diametros
1033 715 1221 780 luminarium
1245 715 1428 796 inquirimus,
1454 719 1533 800 quod

179 801 365 866 fundamenti
380 804 446 866 loco
469 803 640 866 laciendum
658 812 707 868 est
724 805 860 868 omnibns
884 807 1085 868 astronomiae
1099 803 1348 868 restaurationem
1368 808 1531 885 aggressis.

264 891 466 954 Archimedes
489 893 582 972 igitur
594 894 625 954 in
644 893 745 956 libello
760 894 798 956 de
812 891 933 956 Arenae
948 911 1069 956 numero
1092 893 1260 956 cautionem
1279 892 1356 956 hanc
1379 895 1532 958 adhibuit:

176 980 304 1060 primum
323 988 411 1048 certa
424 982 554 1062 quadam
577 989 722 1061 suscepta
738 981 857 1044 ratione
880 983 1081 1062 quantitatem
1103 981 1303 1061 investigavit
1317 999 1376 1044 non
1389 983 1532 1048 minorem

177 1068 264 1130 risu:
289 1069 318 1130 ei
342 1069 499 1148 aequalem
523 1069 688 1151 cylindrum
710 1071 740 1134 in
759 1095 781 1134 α
803 1077 906 1135 centro
929 1070 1119 1134 instrumenti
1143 1071 1257 1133 locavit
1275 1078 1307 1132 et
1329 1069 1425 1134 lineas
1448 1073 1534 1136 duxit

176 1177 197 1217 a
217 1156 255 1232 B,
281 1155 307 1219 G
338 1157 527 1238 pinnaeidiis,
558 1158 745 1238 attingentes
767 1160 845 1222 huuc
877 1157 1044 1239 cylindmm
1068 1167 1099 1220 et
1121 1166 1349 1232 concurrentes,
1382 1159 1445 1222 sint
1467 1161 1531 1236 ΒΕ,

176 1243 241 1308 ΟΕ.
289 1246 398 1326 Itaque
419 1245 502 1310 ΒΕΟ
526 1248 667 1326 angulum
690 1247 825 1327 proxime
856 1247 1000 1310 minorem
1023 1265 1091 1310 ease
1122 1247 1233 1310 statuit
1255 1248 1364 1326 angulo
1389 1266 1440 1322 eo,
1474 1267 1531 1331 quo

176 1333 327 1396 distantia
339 1333 399 1398 FG
412 1335 599 1398 cernebatur.
628 1335 691 1400 Sed
704 1333 779 1398 Bac
795 1336 936 1416 angulum
949 1335 1084 1416 proxime
1098 1335 1251 1416 majorem.
1276 1335 1370 1398 Porro
1385 1354 1531 1418 quaenam

176 1423 219 1484 sit
241 1423 399 1503 quantitas
421 1442 479 1486 non
502 1424 599 1487 minor
621 1425 701 1500 visu,
736 1424 779 1486 sic
803 1424 1068 1487 determinandum.
1115 1423 1164 1487 Sit
1186 1429 1253 1498 (rig.
1272 1428 1320 1494 86)
1342 1423 1400 1486 AB
1424 1443 1531 1504 snper-

176 1511 259 1574 deles
273 1529 412 1587 corneae,
437 1521 470 1574 et
487 1513 526 1575 ab
540 1513 567 1576 Ε
581 1521 692 1594 puncto
706 1513 818 1574 visibili
841 1520 994 1576 extremae
1011 1513 1206 1587 radiationes‚
1232 1531 1307 1592 quae
1321 1531 1375 1592 per
1398 1513 1531 1576 foramen

176 1617 271 1662 ureae
294 1599 505 1677 admittantur,
529 1601 591 1664 sint
613 1601 681 1676 EA,
704 1601 777 1676 ΕΒ,
801 1621 877 1682 quae
900 1601 1051 1664 retractae
1074 1601 1105 1664 in
1128 1603 1168 1677 A,
1192 1601 1229 1670 Β,
1253 1609 1433 1664 concurrant
1453 1602 1483 1664 in
1507 1603 1533 1664 F

175 1695 289 1768 puncto
318 1689 483 1752 retiiormis
511 1691 561 1752 vel
593 1689 729 1770 proxime
759 1690 840 1752 illins
871 1691 1069 1768 superficiem.
1116 1688 1166 1752 Sit
1194 1691 1260 1770 jam
1291 1687 1345 1752 OD
1378 1690 1532 1772 quantitas

176 1776 288 1848 minor,
320 1797 410 1858 quarn
442 1797 518 1857 quae
544 1797 599 1858 per
620 1779 694 1855 EA,
717 1779 772 1842 ΕΒ
803 1785 944 1841 trauseat
971 1786 1003 1841 et
1032 1779 1154 1860 propior
1179 1778 1237 1841 AB
1268 1778 1353 1840 oculo
1384 1797 1473 1858 quarn
1495 1779 1531 1841 Ε.

176 1865 295 1940 Vides,
329 1866 388 1928 etsi
412 1863 467 1930 OD
500 1866 638 1948 objicitur
669 1867 783 1930 directe
813 1873 924 1946 puncto
951 1867 997 1941 Ε,
1030 1886 1088 1929 non
1118 1885 1222 1929 omnes
1256 1875 1356 1930 tamen
1387 1867 1531 1946 ipsiusE

175 1953 365 2018 radiationes
388 1955 499 2031 averti,
524 1956 578 2020 aed
601 1975 620 2018 a
644 1955 788 2018 lateribus
811 1955 927 2036 ingredi
950 1955 1158 2030 circumcirca,
1181 1963 1213 2018 et
1233 1956 1266 2018 in

174 2045 199 2106 F
227 2043 328 2106 iocum
358 2043 494 2106 omnibus
518 2045 711 2109 destinatum
745 2063 940 2110 concurrere:
975 2043 1082 2123 quibus
1113 2043 1207 2106 radiis
1230 2044 1259 2105 in

174 2149 266 2194 unum
298 2132 450 2207 collectis,
480 2133 514 2194 lit
534 2133 612 2196 visio
642 2132 747 2212 puncti
769 2132 812 2206 Ε,
840 2133 895 2194 sed
919 2131 1056 2194 admixta
1083 2133 1197 2195 visione
1220 2132 1265 2196 rei

175 2219 241 2288 OD.
288 2221 369 2284 Nam
392 2221 422 2282 D
445 2219 591 2284 terminus
614 2222 721 2285 dexter
751 2221 857 2303 pinget
879 2221 908 2284 N
932 2219 1088 2284 sinistram
1120 2221 1216 2301 ipsius
1239 2221 1265 2282 F

175 2309 292 2372 rednae
315 2317 445 2390 partem,
468 2308 494 2372 0
513 2309 637 2372 sinister
654 2310 689 2372 Μ
711 2313 849 2373 dextram
872 2309 971 2388 hans.
1009 2307 1111 2380 Quare
1135 2309 1264 2373 medinm

175 2395 231 2462 GD
254 2397 299 2462 rei
322 2398 428 2479 pinget
450 2398 547 2477 ipsum
569 2400 608 2474 F,
633 2399 712 2478 quod
735 2399 817 2479 priua
845 2398 938 2460 etiam
961 2397 988 2460 Ε
1010 2399 1164 2478 pingebat
1212 2397 1264 2460 Sic

174 2487 252 2549 dnae
274 2505 327 2549 res
349 2505 407 2548 uuo
432 2487 498 2550 loco
527 2487 724 2561 videbuntur,
756 2487 812 2548 boc
836 2495 937 2550 tamen
967 2486 1154 2562 discrimine,
1184 2487 1263 2568 qnod

172 2575 199 2638 Ε
221 2576 382 2656 putabitur
404 2575 576 2638 distinctius
598 2575 703 2652 videri,
728 2573 783 2638 GD
803 2593 873 2638 vero
897 2575 955 2638 erit
977 2575 1061 2638 velut
1082 2575 1187 2638 umbra
1210 2584 1264 2637 aut

173 2665 239 2727 tela
262 2683 404 2726 araneae.
450 2664 515 2726 Nee
539 2664 656 2726 mimm.
702 2663 782 2728 Nam
805 2683 898 2745 supra
929 2663 1052 2736 dictum,
1075 2663 1262 2726 radiationes

173 2754 277 2836 puncti
293 2751 319 2816 G
338 2753 370 2814 iu
393 2753 519 2825 oculum,
546 2751 571 2816 C
595 2762 657 2816 tam
675 2751 841 2834 propinquo
864 2751 1024 2822 existente,
1048 2751 1149 2832 colligi
1173 2751 1262 2830 longe

172 2851 244 2923 post
267 2843 310 2911 F.
344 2841 456 2904 larium
482 2841 574 2920 igitur
605 2841 733 2905 retinam
756 2843 782 2904 F
805 2843 934 2904 nondum
956 2841 1112 2904 collectae.
1159 2839 1260 2920 Atque

173 2931 230 2995 hoc
254 2949 330 2994 sane
352 2929 441 2991 modo
465 2929 521 2992 OD
543 2931 640 2994 minor
663 2931 722 2994 erit
748 2931 909 2994 latitudine
935 2930 1028 2992 visus.
1074 2927 1142 2992 Nou
1166 2929 1261 2990 multo
1333 2982 1335 2985 ,

173 3021 264 3086 aliter
285 3018 487 3083 Archimedes
522 3019 580 3100 ipsi
608 3017 664 3082 GD
693 3020 850 3103 aequalem
880 3018 967 3099 ponit
989 3015 1050 3080 GH
1072 3017 1262 3080 remotiorem

1372 2007 1425 2074 Fig.
1448 2005 1492 2060 88.

61 3185 64 3190 Δ
173 3109 344 3190 cylindrum
377 3114 410 3169 et
439 3107 538 3170 album
570 3127 640 3170 esse
675 3109 781 3188 jubet,
815 3109 975 3170 distinctae
998 3105 1124 3168 visionis
1157 3123 1261 3167 cansa.

174 3195 263 3269 Quod
283 3197 310 3258 si
329 3196 463 3279 cylinder
478 3194 538 3258 GH
556 3203 638 3259 totus
657 3205 807 3270 cernatur,
830 3196 905 3259 nihil
923 3195 1104 3277 impediente
1127 3195 1260 3276 cylindro

175 3285 242 3356 OD,
266 3285 362 3348 multo
385 3284 516 3348 minorm
539 3284 605 3347 visu
628 3285 825 3365 pronunciat;
850 3286 896 3348 sin
919 3285 1081 3366 aliquado
1106 3281 1167 3345 GH
1188 3300 1261 3362 pars

175 3374 338 3449 emittitur,
361 3373 452 3453 paulo
469 3373 600 3436 minores
610 3391 619 3447 ;
643 3373 688 3436 aio
709 3382 790 3438 totns
805 3372 865 3436 GH
884 3373 1052 3436 occultetur
1070 3371 1260 3452 (aequalibus

173 3481 296 3543 semper
325 3461 525 3525 existentibus
551 3462 687 3526 intense
715 3464 855 3544 utroque)
888 3463 1019 3542 majores
1042 3461 1108 3524 visu
1140 3459 1260 3522 asserit
1351 3483 1372 3526 x
1466 3484 1495 3524 rr

173 3553 253 3616 liuio
284 3551 437 3613 affirmato
467 3567 574 3630 pamm
609 3551 723 3631 aliquid
756 3551 852 3614 deest
911 3551 1046 3631 Majores
1079 3549 1198 3631 quidem
1231 3555 1262 3610 et

173 3641 308 3704 minem
339 3639 407 3700 visu
438 3646 489 3702 sat
517 3647 600 3704 certo
636 3638 787 3716 delinivit,
821 3658 877 3702 nec
909 3639 991 3702 eliud
1019 3637 1191 3720 requirebat
1220 3635 1258 3698 ad
1289 3655 1374 3700 snam
1404 3635 1530 3697 demon-

173 3729 376 3794 strationem:
401 3735 533 3791 eetemm
554 3729 710 3810 proportio
734 3728 850 3792 institui
869 3747 927 3790 non
950 3735 1064 3808 potest,
1088 3735 1121 3789 nt
1140 3733 1251 3806 quanto
1266 3725 1320 3788 OD
1339 3723 1435 3786 minor
1452 3720 1530 3797 visu,

173 3826 261 3882 tanto
286 3817 324 3880 de
349 3813 409 3881 GH
432 3816 500 3898 plus
523 3818 672 3880 videatur.
718 3817 798 3882 Nam
821 3817 848 3880 si
868 3815 928 3880 GH
951 3815 1180 3897 appropinquet,
1204 3815 1300 3876 minus
1324 3814 1360 3875 de
1385 3831 1420 3874 eo
1444 3809 1530 3872 vide-

174 3907 274 3982 bitur,
300 3924 391 3986 quam
414 3905 440 3969 si
463 3925 483 3970 a
505 3903 561 3969 CD
585 3906 722 3978 recedat,
746 3906 881 3988 quamvis
905 3906 1047 3986 aequales
1073 3911 1217 3966 maneant
1240 3901 1299 3965 GH
1323 3908 1355 3963 et
1377 3898 1442 3964 OD.
1489 3899 1533 3962 Ut

172 4005 292 4060 mam
316 3994 396 4074 quod
418 3995 550 4074 pupillae
574 3995 740 4075 amplitudo
764 3994 943 4058 determinet
964 3995 1046 4056 visus
1070 3990 1305 4072 amplitudinem,
1330 4007 1406 4070 qnae
1430 3995 1531 4050 tamen

174 4085 251 4148 alias
274 4091 326 4146 est
348 4081 419 4144 alia.
465 4083 550 4146 Haec
573 4092 691 4146 tantum
715 4083 854 4146 monendi
877 4102 971 4146 causa
994 4081 1070 4154 dixi,
1094 4088 1127 4144 nt
1150 4087 1236 4142 tanto
1259 4077 1371 4142 rectius
1393 4077 1474 4139 inter
1497 4093 1531 4137 se

173 4179 423 4254 compararentur
440 4171 631 4237 Archimedis
648 4173 741 4236 verbe
760 4181 791 4236 et
809 4191 877 4234 mea
900 4171 1067 4234 derisione
1091 4168 1250 4233 sententia.
1263 4162 1298 4239 *)
1321 4165 1411 4238 Quod
1434 4165 1531 4246 ipsam

258 4406 286 4478 *l
308 4405 489 4464 Archimedes
509 4406 562 4460 hoc
583 4405 670 4459 solum
696 4403 847 4474 spectarit,
877 4405 1064 4476 clangulum
1085 4407 1246 4474 quaereret,
1278 4400 1323 4472 qni
1349 4403 1425 4454 certo
1444 4395 1532 4452 minor

171 4497 245 4548 esses
265 4507 302 4544 ee
323 4486 442 4560 angelo,
463 4501 517 4556 qno
537 4485 585 4540 Sol
606 4490 758 4555 spectatur.
787 4485 818 4538 Id
839 4490 932 4538 anum
954 4486 1043 4555 quoad
1058 4483 1150 4540 Solem
1170 4480 1329 4551 impetravit
1349 4493 1402 4535 ana
1420 4480 1531 4535 demon·

169 4571 318 4628 straeione.
349 4567 422 4622 Nam
434 4565 504 4620 radii
518 4567 555 4620 eh
569 4563 703 4639 oppositis
717 4563 789 4620 Solia
803 4565 1028 4620 extremitatibus
1041 4565 1170 4618 radentes
1188 4560 1372 4632 quantitatem
1387 4559 1531 4631 aequalem

166 4654 237 4709 risui
258 4652 347 4721 eique
376 4646 545 4717 proximam,
574 4650 742 4700 concurrunt
760 4661 815 4700 noa
836 4644 864 4698 in
885 4651 980 4699 centro
1000 4643 1097 4706 vitrei,
1118 4643 1166 4697 ubi
1191 4641 1274 4711 juata
1299 4647 1377 4696 esset
1401 4653 1531 4696 mensura

165 4733 282 4808 anguli,
305 4730 359 4786 sed
380 4731 446 4797 poet
465 4727 546 4791 illud,
572 4725 620 4782 nbi
640 4741 707 4780 rere
732 4725 864 4780 mineram
884 4725 991 4780 ladnm
1009 4723 1156 4796 angulum,
1187 4723 1258 4794 qnod
1279 4721 1415 4793 quaesivit
1434 4719 1532 4776 Archi·

162 4818 268 4872 medes.
298 4807 406 4868 Verbis
419 4807 508 4881 igitur
524 4824 595 4872 ,nou
609 4821 718 4876 semper
731 4805 887 4862 miaeidont
900 4805 928 4862 iu
942 4811 1066 4862 oeutmm
1079 4802 1177 4860 vitrei‘*
1201 4803 1355 4862 occurritur
1373 4799 1532 4874 obiectioni.
