<?xml version="1.0" encoding="UTF-8"?>
<!DOCTYPE html PUBLIC "-//W3C//DTD XHTML 1.0 Transitional//EN"
    "http://www.w3.org/TR/xhtml1/DTD/xhtml1-transitional.dtd">
<html xmlns="http://www.w3.org/1999/xhtml" xml:lang="en" lang="en">
 <head>
  <title>
</title>
<meta http-equiv="Content-Type" content="text/html;charset=utf-8" />
  <meta name='ocr-system' content='tesseract 3.04.00' />
  <meta name='ocr-capabilities' content='ocr_page ocr_carea ocr_par ocr_line ocrx_word'/>
</head>
<body>
  <div class='ocr_page' id='page_1' title='image "./joanniskepleria02unkngoog/joanniskepleria02unkngoog_0181.png"; bbox 0 0 3674 5538; ppageno 0'>
   <div class='ocr_carea' id='block_1_1' title="bbox 311 251 1194 320">
    <p class='ocr_par' dir='ltr' id='par_1_1' title="bbox 311 251 1194 320">
     <span class='ocr_line' id='line_1_1' title="bbox 311 251 1194 320; baseline -0.008 -7"><span class='ocrx_word' id='word_1_1' title='bbox 311 251 370 318; x_wconf 86' lang='grc'><strong>158</strong></span> <span class='ocrx_word' id='word_1_2' title='bbox 777 253 966 320; x_wconf 78' lang='lat' dir='ltr'><strong>Psradpcmena</strong></span> <span class='ocrx_word' id='word_1_3' title='bbox 983 256 1009 305; x_wconf 88' lang='lat' dir='ltr'><strong>in</strong></span> <span class='ocrx_word' id='word_1_4' title='bbox 1028 251 1194 306; x_wconf 76' lang='lat' dir='ltr'><strong>Vitellioncm.</strong></span> 
     </span>
    </p>
   </div>
   <div class='ocr_carea' id='block_1_2' title="bbox 225 428 1668 3518">
    <p class='ocr_par' dir='ltr' id='par_1_2' title="bbox 304 428 1660 599">
     <span class='ocr_line' id='line_1_2' title="bbox 304 428 1660 512; baseline 0.006 -22"><span class='ocrx_word' id='word_1_5' title='bbox 304 428 417 492; x_wconf 88' lang='lat' dir='ltr'><strong>habere</strong></span> <span class='ocrx_word' id='word_1_6' title='bbox 450 429 565 492; x_wconf 89' lang='lat' dir='ltr'><strong>censeri</strong></span> <span class='ocrx_word' id='word_1_7' title='bbox 597 438 735 509; x_wconf 83' lang='lat' dir='ltr'><strong>possunt</strong></span> <span class='ocrx_word' id='word_1_8' title='bbox 782 429 855 492; x_wconf 89' lang='lat' dir='ltr'><strong>Sive</strong></span> <span class='ocrx_word' id='word_1_9' title='bbox 887 449 958 512; x_wconf 85' lang='lat' dir='ltr'><strong>ergo</strong></span> <span class='ocrx_word' id='word_1_10' title='bbox 990 431 1076 494; x_wconf 90' lang='lat' dir='ltr'><strong>radio</strong></span> <span class='ocrx_word' id='word_1_11' title='bbox 1108 439 1211 494; x_wconf 86' lang='lat' dir='ltr'><strong>creato</strong></span> <span class='ocrx_word' id='word_1_12' title='bbox 1244 433 1336 495; x_wconf 86' lang='lat' dir='ltr'><strong>semel</strong></span> <span class='ocrx_word' id='word_1_13' title='bbox 1369 431 1486 497; x_wconf 84' lang='lat' dir='ltr'><strong>infinita</strong></span> <span class='ocrx_word' id='word_1_14' title='bbox 1517 435 1582 498; x_wconf 80' lang='lat' dir='ltr'><strong>sire</strong></span> <span class='ocrx_word' id='word_1_15' title='bbox 1611 435 1660 498; x_wconf 85' lang='lat' dir='ltr'><strong>bis</strong></span> 
     </span>
     <span class='ocr_line' id='line_1_3' title="bbox 308 517 914 599; baseline 0.005 -21"><span class='ocrx_word' id='word_1_16' title='bbox 308 517 426 579; x_wconf 81' lang='lat' dir='ltr'><strong>infinita</strong></span> <span class='ocrx_word' id='word_1_17' title='bbox 450 518 565 580; x_wconf 89' lang='lat' dir='ltr'><strong>tribuas</strong></span> <span class='ocrx_word' id='word_1_18' title='bbox 589 519 687 581; x_wconf 88' lang='lat' dir='ltr'><strong>latera</strong></span> <span class='ocrx_word' id='word_1_19' title='bbox 708 518 833 599; x_wconf 83' lang='lat' dir='ltr'>perinde</span> <span class='ocrx_word' id='word_1_20' title='bbox 857 527 914 582; x_wconf 84' lang='lat' dir='ltr'><strong>est.</strong></span> 
     </span>
    </p>

    <p class='ocr_par' dir='ltr' id='par_1_3' title="bbox 304 606 1661 866">
     <span class='ocr_line' id='line_1_4' title="bbox 392 606 1660 690; baseline 0.006 -23"><span class='ocrx_word' id='word_1_21' title='bbox 392 607 519 668; x_wconf 84' lang='lat' dir='ltr'><strong>Lemma</strong></span> <span class='ocrx_word' id='word_1_22' title='bbox 540 607 565 667; x_wconf 93' lang='lat' dir='ltr'><strong>I.</strong></span> <span class='ocrx_word' id='word_1_23' title='bbox 590 606 629 667; x_wconf 90' lang='lat' dir='ltr'><strong>ad</strong></span> <span class='ocrx_word' id='word_1_24' title='bbox 653 607 889 687; x_wconf 84' lang='lat' dir='ltr'><strong>propositionem</strong></span> <span class='ocrx_word' id='word_1_25' title='bbox 913 616 1097 688; x_wconf 76' lang='lat' dir='ltr'><strong>sequentem.</strong></span> <span class='ocrx_word' id='word_1_26' title='bbox 1143 607 1352 688; x_wconf 83' lang='lat' dir='ltr'><strong>Triangula</strong></span> <span class='ocrx_word' id='word_1_27' title='bbox 1385 610 1565 690; x_wconf 77' lang='lat' dir='ltr'><strong>aequales</strong></span> <span class='ocrx_word' id='word_1_28' title='bbox 1597 613 1660 674; x_wconf 88' lang='lat' dir='ltr'><strong>vel</strong></span> 
     </span>
     <span class='ocr_line' id='line_1_5' title="bbox 304 694 1660 780; baseline 0.005 -25"><span class='ocrx_word' id='word_1_29' title='bbox 304 695 456 756; x_wconf 87' lang='lat' dir='ltr'><strong>easdem</strong></span> <span class='ocrx_word' id='word_1_30' title='bbox 481 694 820 774; x_wconf 85' lang='lat' dir='ltr'><strong>aequidistantium</strong></span> <span class='ocrx_word' id='word_1_31' title='bbox 836 696 984 760; x_wconf 89' lang='lat' dir='ltr'><strong>duarum</strong></span> <span class='ocrx_word' id='word_1_32' title='bbox 1003 696 1197 776; x_wconf 81' lang='lat' dir='ltr'><strong>portiones</strong></span> <span class='ocrx_word' id='word_1_33' title='bbox 1217 697 1387 760; x_wconf 88' lang='lat' dir='ltr'><strong>cruribus</strong></span> <span class='ocrx_word' id='word_1_34' title='bbox 1410 698 1660 780; x_wconf 88' lang='lat' dir='ltr'><strong>intercipien-</strong></span> 
     </span>
     <span class='ocr_line' id='line_1_6' title="bbox 304 783 1661 866; baseline 0.003 -21"><span class='ocrx_word' id='word_1_35' title='bbox 304 785 357 846; x_wconf 90' lang='lat' dir='ltr'><strong>tia</strong></span> <span class='ocrx_word' id='word_1_36' title='bbox 395 785 647 847; x_wconf 88' lang='lat' dir='ltr'><strong>terminantur</strong></span> <span class='ocrx_word' id='word_1_37' title='bbox 679 783 885 847; x_wconf 88' lang='lat' dir='ltr'><strong>verticibus</strong></span> <span class='ocrx_word' id='word_1_38' title='bbox 929 786 972 846; x_wconf 89' lang='lat' dir='ltr'><strong>ad</strong></span> <span class='ocrx_word' id='word_1_39' title='bbox 1022 784 1174 846; x_wconf 84' lang='lat' dir='ltr'><strong>tertiam</strong></span> <span class='ocrx_word' id='word_1_40' title='bbox 1222 785 1553 866; x_wconf 84' lang='lat' dir='ltr'><strong>aequidistantem.</strong></span> <span class='ocrx_word' id='word_1_41' title='bbox 1611 787 1661 850; x_wconf 87' lang='lat' dir='ltr'><strong>Sit</strong></span> 
     </span>
    </p>

    <p class='ocr_par' dir='ltr' id='par_1_4' title="bbox 445 872 1663 956">
     <span class='ocr_line' id='line_1_7' title="bbox 445 872 1663 956; baseline 0.001 -18"><span class='ocrx_word' id='word_1_42' title='bbox 445 889 499 954; x_wconf 71' lang='lat' dir='ltr'><strong>riq.</strong></span> <span class='ocrx_word' id='word_1_43' title='bbox 519 885 561 937; x_wconf 82' lang='lat' dir='ltr'><strong>lt.</strong></span> <span class='ocrx_word' id='word_1_44' title='bbox 705 879 789 935; x_wconf 86' lang='lat' dir='ltr'><strong>recta</strong></span> <span class='ocrx_word' id='word_1_45' title='bbox 811 872 894 936; x_wconf 89' lang='grc' dir='ltr'><strong>ΝΕΡ</strong></span> <span class='ocrx_word' id='word_1_46' title='bbox 917 873 1014 935; x_wconf 90' lang='lat' dir='ltr'><strong>divisa</strong></span> <span class='ocrx_word' id='word_1_47' title='bbox 1037 875 1068 935; x_wconf 95' lang='lat' dir='ltr'><strong>in</strong></span> <span class='ocrx_word' id='word_1_48' title='bbox 1096 874 1235 953; x_wconf 87' lang='lat' dir='ltr'><strong>aequalia</strong></span> <span class='ocrx_word' id='word_1_49' title='bbox 1258 874 1287 935; x_wconf 94' lang='lat' dir='ltr'><strong>in</strong></span> <span class='ocrx_word' id='word_1_50' title='bbox 1309 874 1337 936; x_wconf 91' lang='grc' dir='ltr'><strong>Ε</strong></span> <span class='ocrx_word' id='word_1_51' title='bbox 1361 873 1447 955; x_wconf 89' lang='lat' dir='ltr'><strong>eiqne</strong></span> <span class='ocrx_word' id='word_1_52' title='bbox 1475 876 1663 956; x_wconf 86' lang='lat' dir='ltr'><strong>aequidistet</strong></span> 
     </span>
    </p>

    <p class='ocr_par' dir='ltr' id='par_1_5' title="bbox 416 959 1662 1050">
     <span class='ocr_line' id='line_1_8' title="bbox 416 959 1662 1050; baseline 0.005 -30"><span class='ocrx_word' id='word_1_53' title='bbox 416 1003 438 1050; x_wconf 80' lang='lat' dir='ltr'>N</span> <span class='ocrx_word' id='word_1_54' title='bbox 530 999 553 1050; x_wconf 68' lang='grc' dir='ltr'><strong>Ε</strong></span> <span class='ocrx_word' id='word_1_55' title='bbox 655 1003 674 1050; x_wconf 62' lang='lat' dir='ltr'>f</span> <span class='ocrx_word' id='word_1_56' title='bbox 703 959 791 1022; x_wconf 83' lang='lat' dir='ltr'><strong>FOG</strong></span> <span class='ocrx_word' id='word_1_57' title='bbox 823 960 962 1025; x_wconf 86' lang='lat' dir='ltr'><strong>similiter</strong></span> <span class='ocrx_word' id='word_1_58' title='bbox 993 961 1092 1024; x_wconf 88' lang='lat' dir='ltr'><strong>divisa</strong></span> <span class='ocrx_word' id='word_1_59' title='bbox 1124 962 1153 1023; x_wconf 91' lang='lat' dir='ltr'><strong>in</strong></span> <span class='ocrx_word' id='word_1_60' title='bbox 1186 962 1325 1041; x_wconf 88' lang='lat' dir='ltr'><strong>aequalia</strong></span> <span class='ocrx_word' id='word_1_61' title='bbox 1357 962 1387 1024; x_wconf 92' lang='lat' dir='ltr'><strong>in</strong></span> <span class='ocrx_word' id='word_1_62' title='bbox 1418 961 1455 1026; x_wconf 93' lang='grc' dir='ltr'><strong>Ο.</strong></span> <span class='ocrx_word' id='word_1_63' title='bbox 1502 965 1662 1028; x_wconf 83' lang='lat' dir='ltr'><strong>Ducentur</strong></span> 
     </span>
    </p>

    <p class='ocr_par' dir='ltr' id='par_1_6' title="bbox 309 1049 1666 2726">
     <span class='ocr_line' id='line_1_9' title="bbox 704 1049 1661 1126; baseline 0.006 -16"><span class='ocrx_word' id='word_1_64' title='bbox 704 1057 805 1112; x_wconf 84' lang='lat' dir='ltr'><strong>rectae</strong></span> <span class='ocrx_word' id='word_1_65' title='bbox 821 1049 884 1124; x_wconf 89' lang='grc' dir='ltr'><strong>ΡΟ,</strong></span> <span class='ocrx_word' id='word_1_66' title='bbox 908 1050 971 1126; x_wconf 79' lang='grc' dir='ltr'><strong>ΕΡ,</strong></span> <span class='ocrx_word' id='word_1_67' title='bbox 996 1051 1090 1112; x_wconf 90' lang='lat' dir='ltr'><strong>donec</strong></span> <span class='ocrx_word' id='word_1_68' title='bbox 1114 1059 1292 1113; x_wconf 88' lang='lat' dir='ltr'><strong>concurrant</strong></span> <span class='ocrx_word' id='word_1_69' title='bbox 1315 1052 1344 1112; x_wconf 91' lang='lat' dir='ltr'><strong>in</strong></span> <span class='ocrx_word' id='word_1_70' title='bbox 1359 1052 1399 1112; x_wconf 88' lang='lat' dir='ltr'><strong>K.</strong></span> <span class='ocrx_word' id='word_1_71' title='bbox 1436 1051 1551 1114; x_wconf 80' lang='lat' dir='ltr'><strong>Eodem</strong></span> <span class='ocrx_word' id='word_1_72' title='bbox 1571 1055 1661 1116; x_wconf 89' lang='lat' dir='ltr'><strong>modo</strong></span> 
     </span>
     <span class='ocr_line' id='line_1_10' title="bbox 704 1136 1663 1214; baseline 0.003 -16"><span class='ocrx_word' id='word_1_73' title='bbox 704 1139 851 1202; x_wconf 88' lang='lat' dir='ltr'><strong>ducentur</strong></span> <span class='ocrx_word' id='word_1_74' title='bbox 871 1137 945 1214; x_wconf 89' lang='grc' dir='ltr'><strong>ΕΟ,</strong></span> <span class='ocrx_word' id='word_1_75' title='bbox 969 1140 1025 1201; x_wconf 88' lang='lat' dir='ltr'><strong>NF</strong></span> <span class='ocrx_word' id='word_1_76' title='bbox 1047 1139 1096 1200; x_wconf 86' lang='lat' dir='ltr'><strong>vel</strong></span> <span class='ocrx_word' id='word_1_77' title='bbox 1119 1136 1190 1214; x_wconf 87' lang='lat' dir='ltr'><strong>PG,</strong></span> <span class='ocrx_word' id='word_1_78' title='bbox 1215 1140 1309 1202; x_wconf 92' lang='lat' dir='ltr'><strong>donec</strong></span> <span class='ocrx_word' id='word_1_79' title='bbox 1333 1151 1513 1202; x_wconf 88' lang='lat' dir='ltr'><strong>concurrent</strong></span> <span class='ocrx_word' id='word_1_80' title='bbox 1535 1143 1566 1203; x_wconf 93' lang='lat' dir='ltr'><strong>in</strong></span> <span class='ocrx_word' id='word_1_81' title='bbox 1590 1144 1606 1204; x_wconf 92' lang='grc' dir='ltr'>Ι</span> <span class='ocrx_word' id='word_1_82' title='bbox 1630 1151 1663 1202; x_wconf 88' lang='lat' dir='ltr'><strong>et</strong></span> 
     </span>
     <span class='ocr_line' id='line_1_11' title="bbox 703 1227 1665 1307; baseline 0.004 -19"><span class='ocrx_word' id='word_1_83' title='bbox 703 1237 922 1290; x_wconf 88' lang='lat' dir='ltr'><strong>connectantur</strong></span> <span class='ocrx_word' id='word_1_84' title='bbox 944 1229 982 1304; x_wconf 87' lang='grc' dir='ltr'><strong>Κ,</strong></span> <span class='ocrx_word' id='word_1_85' title='bbox 1009 1228 1033 1303; x_wconf 88' lang='grc' dir='ltr'><strong>Ι,</strong></span> <span class='ocrx_word' id='word_1_86' title='bbox 1058 1227 1124 1288; x_wconf 90' lang='lat' dir='ltr'><strong>dico</strong></span> <span class='ocrx_word' id='word_1_87' title='bbox 1141 1227 1187 1289; x_wconf 91' lang='lat' dir='ltr'><strong>KI</strong></span> <span class='ocrx_word' id='word_1_88' title='bbox 1211 1227 1414 1307; x_wconf 89' lang='lat' dir='ltr'><strong>aequidistare</strong></span> <span class='ocrx_word' id='word_1_89' title='bbox 1439 1229 1562 1294; x_wconf 77' lang='lat' dir='ltr'><strong>basibus</strong></span> <span class='ocrx_word' id='word_1_90' title='bbox 1577 1229 1665 1292; x_wconf 93' lang='grc' dir='ltr'><strong>ΝΕΡ</strong></span> 
     </span>
     <span class='ocr_line' id='line_1_12' title="bbox 705 1313 1663 1398; baseline 0.004 -22"><span class='ocrx_word' id='word_1_91' title='bbox 705 1325 736 1377; x_wconf 88' lang='lat' dir='ltr'><strong>et</strong></span> <span class='ocrx_word' id='word_1_92' title='bbox 759 1313 855 1380; x_wconf 89' lang='lat' dir='ltr'><strong>FOG.</strong></span> <span class='ocrx_word' id='word_1_93' title='bbox 902 1315 982 1378; x_wconf 89' lang='lat' dir='ltr'><strong>Nam</strong></span> <span class='ocrx_word' id='word_1_94' title='bbox 1004 1319 1034 1378; x_wconf 93' lang='lat' dir='ltr'><strong>in</strong></span> <span class='ocrx_word' id='word_1_95' title='bbox 1068 1316 1228 1396; x_wconf 82' lang='lat' dir='ltr'><strong>triangulis</strong></span> <span class='ocrx_word' id='word_1_96' title='bbox 1251 1315 1343 1390; x_wconf 89' lang='grc' dir='ltr'><strong>ΝΕΙ,</strong></span> <span class='ocrx_word' id='word_1_97' title='bbox 1367 1314 1438 1380; x_wconf 90' lang='lat' dir='ltr'><strong>FOI</strong></span> <span class='ocrx_word' id='word_1_98' title='bbox 1471 1317 1558 1398; x_wconf 88' lang='lat' dir='ltr'><strong>aequi</strong></span> <span class='ocrx_word' id='word_1_99' title='bbox 1589 1326 1663 1380; x_wconf 87' lang='lat' dir='ltr'><strong>sunt</strong></span> 
     </span>
     <span class='ocr_line' id='line_1_13' title="bbox 705 1401 1664 1484; baseline 0.002 -18"><span class='ocrx_word' id='word_1_100' title='bbox 705 1404 806 1484; x_wconf 85' lang='lat' dir='ltr'><strong>anguli</strong></span> <span class='ocrx_word' id='word_1_101' title='bbox 829 1403 916 1480; x_wconf 90' lang='grc' dir='ltr'><strong>ΝΕΙ,</strong></span> <span class='ocrx_word' id='word_1_102' title='bbox 942 1402 1012 1466; x_wconf 92' lang='lat' dir='ltr'><strong>FOI</strong></span> <span class='ocrx_word' id='word_1_103' title='bbox 1037 1404 1088 1476; x_wconf 89' lang='lat' dir='ltr'><strong>(E.</strong></span> <span class='ocrx_word' id='word_1_104' title='bbox 1113 1406 1137 1480; x_wconf 90' lang='grc' dir='ltr'><strong>Ι,</strong></span> <span class='ocrx_word' id='word_1_105' title='bbox 1163 1401 1231 1478; x_wconf 81' lang='lat'>29).</span> <span class='ocrx_word' id='word_1_106' title='bbox 1278 1403 1331 1467; x_wconf 87' lang='lat' dir='ltr'><strong>Sic</strong></span> <span class='ocrx_word' id='word_1_107' title='bbox 1360 1413 1392 1467; x_wconf 86' lang='lat' dir='ltr'><strong>et</strong></span> <span class='ocrx_word' id='word_1_108' title='bbox 1413 1405 1499 1481; x_wconf 90' lang='grc' dir='ltr'><strong>ΕΝΙ,</strong></span> <span class='ocrx_word' id='word_1_109' title='bbox 1535 1404 1606 1468; x_wconf 83' lang='grc' dir='ltr'><strong>ΟΡΙ</strong></span> <span class='ocrx_word' id='word_1_110' title='bbox 1630 1415 1664 1468; x_wconf 88' lang='lat' dir='ltr'><strong>et</strong></span> 
     </span>
     <span class='ocr_line' id='line_1_14' title="bbox 705 1492 1658 1575; baseline 0.002 -20"><span class='ocrx_word' id='word_1_111' title='bbox 705 1493 869 1555; x_wconf 88' lang='lat' dir='ltr'><strong>communis</strong></span> <span class='ocrx_word' id='word_1_112' title='bbox 893 1495 931 1555; x_wconf 90' lang='lat' dir='ltr'><strong>ad</strong></span> <span class='ocrx_word' id='word_1_113' title='bbox 955 1494 980 1554; x_wconf 93' lang='lat' dir='ltr'><strong>l.</strong></span> <span class='ocrx_word' id='word_1_114' title='bbox 1027 1493 1237 1572; x_wconf 81' lang='lat' dir='ltr'><strong>Aequiangula</strong></span> <span class='ocrx_word' id='word_1_115' title='bbox 1268 1492 1358 1571; x_wconf 84' lang='lat' dir='ltr'><strong>igitur</strong></span> <span class='ocrx_word' id='word_1_116' title='bbox 1394 1502 1464 1556; x_wconf 86' lang='lat' dir='ltr'><strong>sunt</strong></span> <span class='ocrx_word' id='word_1_117' title='bbox 1496 1495 1658 1575; x_wconf 83' lang='lat' dir='ltr'><strong>triangula,</strong></span> 
     </span>
     <span class='ocr_line' id='line_1_15' title="bbox 706 1577 1662 1660; baseline 0.002 -16"><span class='ocrx_word' id='word_1_118' title='bbox 706 1590 737 1644; x_wconf 85' lang='lat' dir='ltr'><strong>et</strong></span> <span class='ocrx_word' id='word_1_119' title='bbox 761 1581 812 1654; x_wconf 91' lang='grc' dir='ltr'><strong>(Ε.</strong></span> <span class='ocrx_word' id='word_1_120' title='bbox 839 1582 894 1654; x_wconf 87' lang='lat' dir='ltr'><strong>VI,</strong></span> <span class='ocrx_word' id='word_1_121' title='bbox 917 1577 954 1654; x_wconf 84' lang='grc'><strong>4)</strong></span> <span class='ocrx_word' id='word_1_122' title='bbox 987 1582 1087 1643; x_wconf 88' lang='lat' dir='ltr'><strong>latera</strong></span> <span class='ocrx_word' id='word_1_123' title='bbox 1118 1580 1363 1660; x_wconf 87' lang='lat' dir='ltr'><strong>proportionalia.</strong></span> <span class='ocrx_word' id='word_1_124' title='bbox 1411 1580 1513 1653; x_wconf 84' lang='lat' dir='ltr'><strong>Quare</strong></span> <span class='ocrx_word' id='word_1_125' title='bbox 1545 1591 1580 1646; x_wconf 91' lang='lat' dir='ltr'><strong>ut</strong></span> <span class='ocrx_word' id='word_1_126' title='bbox 1603 1583 1662 1648; x_wconf 85' lang='lat' dir='ltr'><strong>NE</strong></span> 
     </span>
     <span class='ocr_line' id='line_1_16' title="bbox 706 1667 1661 1750; baseline 0.002 -18"><span class='ocrx_word' id='word_1_127' title='bbox 706 1671 744 1732; x_wconf 89' lang='lat' dir='ltr'><strong>ad</strong></span> <span class='ocrx_word' id='word_1_128' title='bbox 762 1669 817 1732; x_wconf 87' lang='lat' dir='ltr'><strong>FO</strong></span> <span class='ocrx_word' id='word_1_129' title='bbox 841 1670 884 1730; x_wconf 90' lang='lat' dir='ltr'><strong>sic</strong></span> <span class='ocrx_word' id='word_1_130' title='bbox 904 1671 946 1732; x_wconf 83' lang='lat' dir='ltr'><strong>EI</strong></span> <span class='ocrx_word' id='word_1_131' title='bbox 961 1671 1000 1731; x_wconf 84' lang='lat' dir='ltr'><strong>ad</strong></span> <span class='ocrx_word' id='word_1_132' title='bbox 1015 1667 1069 1731; x_wconf 95' lang='grc' dir='ltr'><strong>ΟΙ.</strong></span> <span class='ocrx_word' id='word_1_133' title='bbox 1107 1669 1221 1730; x_wconf 85' lang='lat' dir='ltr'><strong>Eodem</strong></span> <span class='ocrx_word' id='word_1_134' title='bbox 1245 1669 1332 1732; x_wconf 91' lang='lat' dir='ltr'><strong>modo</strong></span> <span class='ocrx_word' id='word_1_135' title='bbox 1356 1671 1501 1750; x_wconf 89' lang='lat' dir='ltr'><strong>probatur</strong></span> <span class='ocrx_word' id='word_1_136' title='bbox 1524 1672 1553 1734; x_wconf 90' lang='lat' dir='ltr'><strong>in</strong></span> <span class='ocrx_word' id='word_1_137' title='bbox 1575 1671 1661 1734; x_wconf 83' lang='lat' dir='ltr'><strong>EPK</strong></span> 
     </span>
     <span class='ocr_line' id='line_1_17' title="bbox 706 1755 1661 1840; baseline 0.002 -20"><span class='ocrx_word' id='word_1_138' title='bbox 706 1767 737 1820; x_wconf 87' lang='lat' dir='ltr'><strong>et</strong></span> <span class='ocrx_word' id='word_1_139' title='bbox 751 1757 845 1832; x_wconf 86' lang='lat' dir='ltr'><strong>FOK‚</strong></span> <span class='ocrx_word' id='word_1_140' title='bbox 871 1779 938 1821; x_wconf 87' lang='lat' dir='ltr'><strong>esse</strong></span> <span class='ocrx_word' id='word_1_141' title='bbox 962 1767 996 1820; x_wconf 85' lang='lat' dir='ltr'><strong>ut</strong></span> <span class='ocrx_word' id='word_1_142' title='bbox 1010 1757 1063 1820; x_wconf 88' lang='grc' dir='ltr'><strong>ΕΡ</strong></span> <span class='ocrx_word' id='word_1_143' title='bbox 1086 1758 1124 1819; x_wconf 88' lang='lat' dir='ltr'><strong>ad</strong></span> <span class='ocrx_word' id='word_1_144' title='bbox 1138 1755 1192 1820; x_wconf 89' lang='lat' dir='ltr'><strong>FO</strong></span> <span class='ocrx_word' id='word_1_145' title='bbox 1216 1758 1260 1819; x_wconf 98' lang='grc' dir='ltr'><strong>εἰσ</strong></span> <span class='ocrx_word' id='word_1_146' title='bbox 1274 1757 1330 1820; x_wconf 89' lang='lat' dir='ltr'><strong>PK</strong></span> <span class='ocrx_word' id='word_1_147' title='bbox 1349 1760 1387 1820; x_wconf 87' lang='lat' dir='ltr'><strong>ad</strong></span> <span class='ocrx_word' id='word_1_148' title='bbox 1403 1757 1471 1832; x_wconf 90' lang='lat' dir='ltr'><strong>OK.</strong></span> <span class='ocrx_word' id='word_1_149' title='bbox 1505 1761 1661 1840; x_wconf 84' lang='lat' dir='ltr'><strong>Aequales</strong></span> 
     </span>
     <span class='ocr_line' id='line_1_18' title="bbox 706 1845 1662 1926; baseline 0.004 -19"><span class='ocrx_word' id='word_1_150' title='bbox 706 1866 777 1909; x_wconf 91' lang='lat' dir='ltr'><strong>vero</strong></span> <span class='ocrx_word' id='word_1_151' title='bbox 800 1847 863 1922; x_wconf 88' lang='grc' dir='ltr'><strong>ΕΡ,</strong></span> <span class='ocrx_word' id='word_1_152' title='bbox 886 1848 954 1910; x_wconf 90' lang='grc' dir='ltr'><strong>ΕΝ.</strong></span> <span class='ocrx_word' id='word_1_153' title='bbox 992 1847 1036 1910; x_wconf 85' lang='lat' dir='ltr'><strong>Ut</strong></span> <span class='ocrx_word' id='word_1_154' title='bbox 1059 1845 1149 1926; x_wconf 84' lang='lat' dir='ltr'><strong>igitur</strong></span> <span class='ocrx_word' id='word_1_155' title='bbox 1171 1847 1227 1910; x_wconf 88' lang='lat' dir='ltr'><strong>NE</strong></span> <span class='ocrx_word' id='word_1_156' title='bbox 1250 1848 1290 1908; x_wconf 94' lang='lat' dir='ltr'><strong>ad</strong></span> <span class='ocrx_word' id='word_1_157' title='bbox 1311 1845 1365 1909; x_wconf 89' lang='lat' dir='ltr'><strong>FO</strong></span> <span class='ocrx_word' id='word_1_158' title='bbox 1389 1847 1433 1911; x_wconf 88' lang='lat' dir='ltr'><strong>sic</strong></span> <span class='ocrx_word' id='word_1_159' title='bbox 1454 1849 1510 1910; x_wconf 90' lang='lat' dir='ltr'><strong>PK</strong></span> <span class='ocrx_word' id='word_1_160' title='bbox 1533 1850 1572 1910; x_wconf 88' lang='lat' dir='ltr'><strong>ad</strong></span> <span class='ocrx_word' id='word_1_161' title='bbox 1593 1847 1662 1912; x_wconf 89' lang='lat' dir='ltr'><strong>OK.</strong></span> 
     </span>
     <span class='ocr_line' id='line_1_19' title="bbox 705 1934 1664 2017; baseline 0 -19"><span class='ocrx_word' id='word_1_162' title='bbox 705 1936 792 1998; x_wconf 89' lang='lat' dir='ltr'><strong>Prius</strong></span> <span class='ocrx_word' id='word_1_163' title='bbox 826 1955 896 1998; x_wconf 88' lang='lat' dir='ltr'><strong>vero</strong></span> <span class='ocrx_word' id='word_1_164' title='bbox 925 1937 967 1998; x_wconf 89' lang='lat' dir='ltr'><strong>sio</strong></span> <span class='ocrx_word' id='word_1_165' title='bbox 1000 1935 1091 1996; x_wconf 87' lang='lat' dir='ltr'><strong>etiarn</strong></span> <span class='ocrx_word' id='word_1_166' title='bbox 1122 1943 1188 1996; x_wconf 88' lang='lat' dir='ltr'><strong>erat</strong></span> <span class='ocrx_word' id='word_1_167' title='bbox 1210 1935 1255 1997; x_wconf 92' lang='grc' dir='ltr'><strong>ΕΙ</strong></span> <span class='ocrx_word' id='word_1_168' title='bbox 1278 1936 1317 1996; x_wconf 88' lang='lat' dir='ltr'><strong>ad</strong></span> <span class='ocrx_word' id='word_1_169' title='bbox 1342 1934 1399 2012; x_wconf 91' lang='grc' dir='ltr'><strong>ΟΙ,</strong></span> <span class='ocrx_word' id='word_1_170' title='bbox 1434 1955 1525 2017; x_wconf 89' lang='lat' dir='ltr'><strong>quare</strong></span> <span class='ocrx_word' id='word_1_171' title='bbox 1550 1945 1583 1999; x_wconf 88' lang='lat' dir='ltr'><strong>ut</strong></span> <span class='ocrx_word' id='word_1_172' title='bbox 1607 1938 1664 2000; x_wconf 90' lang='lat' dir='ltr'><strong>PK</strong></span> 
     </span>
     <span class='ocr_line' id='line_1_20' title="bbox 707 2022 1663 2101; baseline 0.003 -16"><span class='ocrx_word' id='word_1_173' title='bbox 707 2024 745 2085; x_wconf 91' lang='lat' dir='ltr'><strong>ad</strong></span> <span class='ocrx_word' id='word_1_174' title='bbox 770 2022 829 2085; x_wconf 92' lang='lat' dir='ltr'><strong>OK</strong></span> <span class='ocrx_word' id='word_1_175' title='bbox 852 2024 895 2087; x_wconf 92' lang='lat' dir='ltr'><strong>sic</strong></span> <span class='ocrx_word' id='word_1_176' title='bbox 918 2023 961 2086; x_wconf 93' lang='grc' dir='ltr'><strong>ΕΙ</strong></span> <span class='ocrx_word' id='word_1_177' title='bbox 986 2024 1024 2084; x_wconf 89' lang='lat' dir='ltr'><strong>ad</strong></span> <span class='ocrx_word' id='word_1_178' title='bbox 1048 2023 1102 2085; x_wconf 89' lang='lat'><strong>01.</strong></span> <span class='ocrx_word' id='word_1_179' title='bbox 1138 2023 1181 2084; x_wconf 86' lang='lat' dir='ltr'><strong>Et</strong></span> <span class='ocrx_word' id='word_1_180' title='bbox 1204 2023 1254 2096; x_wconf 87' lang='grc' dir='ltr'><strong>(Ε.</strong></span> <span class='ocrx_word' id='word_1_181' title='bbox 1271 2023 1310 2098; x_wconf 90' lang='lat' dir='ltr'><strong>V,</strong></span> <span class='ocrx_word' id='word_1_182' title='bbox 1333 2022 1369 2098; x_wconf 85' lang='lat'><strong>5)</strong></span> <span class='ocrx_word' id='word_1_183' title='bbox 1394 2033 1428 2087; x_wconf 88' lang='lat' dir='ltr'><strong>ut</strong></span> <span class='ocrx_word' id='word_1_184' title='bbox 1449 2023 1504 2088; x_wconf 89' lang='grc' dir='ltr'><strong>ΡΟ</strong></span> <span class='ocrx_word' id='word_1_185' title='bbox 1528 2027 1567 2088; x_wconf 90' lang='lat' dir='ltr'><strong>ad</strong></span> <span class='ocrx_word' id='word_1_186' title='bbox 1592 2026 1663 2101; x_wconf 89' lang='lat' dir='ltr'><strong>OK,</strong></span> 
     </span>
     <span class='ocr_line' id='line_1_21' title="bbox 709 2111 1663 2196; baseline 0.003 -22"><span class='ocrx_word' id='word_1_187' title='bbox 709 2113 752 2174; x_wconf 88' lang='lat' dir='ltr'><strong>sic</strong></span> <span class='ocrx_word' id='word_1_188' title='bbox 776 2111 831 2174; x_wconf 89' lang='grc' dir='ltr'><strong>ΕΟ</strong></span> <span class='ocrx_word' id='word_1_189' title='bbox 856 2113 895 2174; x_wconf 89' lang='lat' dir='ltr'><strong>ad</strong></span> <span class='ocrx_word' id='word_1_190' title='bbox 918 2112 972 2188; x_wconf 90' lang='lat'><strong>01,</strong></span> <span class='ocrx_word' id='word_1_191' title='bbox 998 2122 1031 2174; x_wconf 89' lang='lat' dir='ltr'><strong>et</strong></span> <span class='ocrx_word' id='word_1_192' title='bbox 1053 2113 1246 2192; x_wconf 88' lang='lat' dir='ltr'><strong>permutatim</strong></span> <span class='ocrx_word' id='word_1_193' title='bbox 1271 2121 1303 2174; x_wconf 91' lang='lat' dir='ltr'><strong>ut</strong></span> <span class='ocrx_word' id='word_1_194' title='bbox 1326 2112 1380 2174; x_wconf 93' lang='grc' dir='ltr'><strong>ΡΟ</strong></span> <span class='ocrx_word' id='word_1_195' title='bbox 1405 2112 1520 2196; x_wconf 18' lang='grc' dir='ltr'><strong>ειίλΟΕ</strong></span> <span class='ocrx_word' id='word_1_196' title='bbox 1543 2117 1586 2177; x_wconf 85' lang='grc' dir='ltr'><strong>εἰσ</strong></span> <span class='ocrx_word' id='word_1_197' title='bbox 1602 2113 1663 2177; x_wconf 89' lang='grc' dir='ltr'><strong>ΚΟ</strong></span> 
     </span>
     <span class='ocr_line' id='line_1_22' title="bbox 309 2198 1664 2281; baseline 0.001 -17"><span class='ocrx_word' id='word_1_198' title='bbox 309 2205 347 2271; x_wconf 88' lang='lat' dir='ltr'><strong>nd</strong></span> <span class='ocrx_word' id='word_1_199' title='bbox 381 2203 435 2266; x_wconf 90' lang='lat'><strong>01.</strong></span> <span class='ocrx_word' id='word_1_200' title='bbox 482 2203 541 2264; x_wconf 87' lang='lat' dir='ltr'><strong>Est</strong></span> <span class='ocrx_word' id='word_1_201' title='bbox 573 2209 673 2264; x_wconf 86' lang='lat' dir='ltr'><strong>autem</strong></span> <span class='ocrx_word' id='word_1_202' title='bbox 706 2198 790 2262; x_wconf 91' lang='grc' dir='ltr'><strong>ΕΟΡ</strong></span> <span class='ocrx_word' id='word_1_203' title='bbox 823 2202 958 2281; x_wconf 88' lang='lat' dir='ltr'><strong>aequalis</strong></span> <span class='ocrx_word' id='word_1_204' title='bbox 989 2201 1097 2280; x_wconf 82' lang='lat' dir='ltr'><strong>angulo</strong></span> <span class='ocrx_word' id='word_1_205' title='bbox 1125 2199 1200 2262; x_wconf 90' lang='grc' dir='ltr'><strong>ΙΟΚ</strong></span> <span class='ocrx_word' id='word_1_206' title='bbox 1232 2202 1271 2263; x_wconf 89' lang='lat' dir='ltr'><strong>ad</strong></span> <span class='ocrx_word' id='word_1_207' title='bbox 1302 2202 1446 2264; x_wconf 85' lang='lat' dir='ltr'><strong>verticem</strong></span> <span class='ocrx_word' id='word_1_208' title='bbox 1476 2203 1546 2266; x_wconf 90' lang='lat' dir='ltr'><strong>sito.</strong></span> <span class='ocrx_word' id='word_1_209' title='bbox 1591 2204 1664 2265; x_wconf 82' lang='lat' dir='ltr'><strong>&#39;Fri-</strong></span> 
     </span>
     <span class='ocr_line' id='line_1_23' title="bbox 310 2285 1665 2372; baseline -0.002 -17"><span class='ocrx_word' id='word_1_210' title='bbox 310 2293 420 2372; x_wconf 81' lang='lat' dir='ltr'><strong>angula</strong></span> <span class='ocrx_word' id='word_1_211' title='bbox 453 2291 544 2370; x_wconf 83' lang='lat' dir='ltr'><strong>igitur</strong></span> <span class='ocrx_word' id='word_1_212' title='bbox 566 2287 666 2364; x_wconf 86' lang='lat' dir='ltr'>EOP,</span> <span class='ocrx_word' id='word_1_213' title='bbox 691 2286 768 2351; x_wconf 90' lang='lat' dir='ltr'><strong>IOK</strong></span> <span class='ocrx_word' id='word_1_214' title='bbox 792 2290 842 2363; x_wconf 93' lang='grc' dir='ltr'><strong>(Ε.</strong></span> <span class='ocrx_word' id='word_1_215' title='bbox 868 2290 928 2364; x_wconf 91' lang='lat' dir='ltr'><strong>VI,</strong></span> <span class='ocrx_word' id='word_1_216' title='bbox 954 2285 989 2362; x_wconf 77' lang='lat'><strong>6)</strong></span> <span class='ocrx_word' id='word_1_217' title='bbox 1022 2296 1093 2350; x_wconf 87' lang='lat' dir='ltr'><strong>sunt</strong></span> <span class='ocrx_word' id='word_1_218' title='bbox 1123 2289 1323 2370; x_wconf 86' lang='lat' dir='ltr'><strong>aequiangnla</strong></span> <span class='ocrx_word' id='word_1_219' title='bbox 1354 2298 1386 2351; x_wconf 92' lang='lat' dir='ltr'><strong>et</strong></span> <span class='ocrx_word' id='word_1_220' title='bbox 1419 2292 1561 2372; x_wconf 86' lang='lat' dir='ltr'><strong>aequales</strong></span> <span class='ocrx_word' id='word_1_221' title='bbox 1593 2300 1665 2353; x_wconf 89' lang='lat' dir='ltr'><strong>sunt</strong></span> 
     </span>
     <span class='ocr_line' id='line_1_24' title="bbox 310 2374 1664 2460; baseline 0 -18"><span class='ocrx_word' id='word_1_222' title='bbox 310 2379 384 2442; x_wconf 91' lang='lat' dir='ltr'><strong>OKI</strong></span> <span class='ocrx_word' id='word_1_223' title='bbox 409 2381 456 2441; x_wconf 91' lang='lat' dir='ltr'><strong>vel</strong></span> <span class='ocrx_word' id='word_1_224' title='bbox 479 2379 552 2441; x_wconf 91' lang='lat' dir='ltr'><strong>PKI</strong></span> <span class='ocrx_word' id='word_1_225' title='bbox 575 2386 606 2438; x_wconf 90' lang='lat' dir='ltr'><strong>et</strong></span> <span class='ocrx_word' id='word_1_226' title='bbox 629 2376 710 2438; x_wconf 89' lang='grc' dir='ltr'><strong>ΟΡΕ</strong></span> <span class='ocrx_word' id='word_1_227' title='bbox 734 2379 781 2439; x_wconf 89' lang='lat' dir='ltr'><strong>vel</strong></span> <span class='ocrx_word' id='word_1_228' title='bbox 806 2377 899 2438; x_wconf 87' lang='lat' dir='ltr'>KPE.</span> <span class='ocrx_word' id='word_1_229' title='bbox 938 2376 1039 2448; x_wconf 81' lang='lat' dir='ltr'><strong>Quare</strong></span> <span class='ocrx_word' id='word_1_230' title='bbox 1064 2375 1115 2451; x_wconf 87' lang='grc' dir='ltr'><strong>(Ε.</strong></span> <span class='ocrx_word' id='word_1_231' title='bbox 1131 2379 1156 2452; x_wconf 92' lang='grc' dir='ltr'><strong>Ι,</strong></span> <span class='ocrx_word' id='word_1_232' title='bbox 1173 2374 1240 2454; x_wconf 87' lang='grc'><strong>28),</strong></span> <span class='ocrx_word' id='word_1_233' title='bbox 1265 2375 1317 2440; x_wconf 90' lang='grc' dir='ltr'><strong>ΕΡ</strong></span> <span class='ocrx_word' id='word_1_234' title='bbox 1341 2387 1372 2439; x_wconf 89' lang='lat' dir='ltr'><strong>et</strong></span> <span class='ocrx_word' id='word_1_235' title='bbox 1394 2377 1440 2441; x_wconf 91' lang='lat' dir='ltr'><strong>Kl</strong></span> <span class='ocrx_word' id='word_1_236' title='bbox 1464 2387 1534 2442; x_wconf 91' lang='lat' dir='ltr'><strong>sunt</strong></span> <span class='ocrx_word' id='word_1_237' title='bbox 1556 2380 1664 2460; x_wconf 80' lang='lat' dir='ltr'><strong>aequi·</strong></span> 
     </span>
     <span class='ocr_line' id='line_1_25' title="bbox 310 2465 1664 2550; baseline 0 -20"><span class='ocrx_word' id='word_1_238' title='bbox 310 2470 467 2530; x_wconf 88' lang='lat' dir='ltr'><strong>distantes.</strong></span> <span class='ocrx_word' id='word_1_239' title='bbox 516 2467 599 2528; x_wconf 89' lang='lat' dir='ltr'><strong>Idem</strong></span> <span class='ocrx_word' id='word_1_240' title='bbox 632 2467 724 2528; x_wconf 90' lang='lat' dir='ltr'><strong>etiam</strong></span> <span class='ocrx_word' id='word_1_241' title='bbox 757 2467 794 2527; x_wconf 92' lang='lat' dir='ltr'><strong>de</strong></span> <span class='ocrx_word' id='word_1_242' title='bbox 817 2465 901 2527; x_wconf 88' lang='lat' dir='ltr'><strong>EPK</strong></span> <span class='ocrx_word' id='word_1_243' title='bbox 929 2474 960 2527; x_wconf 84' lang='lat' dir='ltr'><strong>et</strong></span> <span class='ocrx_word' id='word_1_244' title='bbox 982 2465 1051 2528; x_wconf 92' lang='grc' dir='ltr'><strong>ΕΡΙ</strong></span> <span class='ocrx_word' id='word_1_245' title='bbox 1082 2485 1184 2528; x_wconf 88' lang='lat' dir='ltr'><strong>verum</strong></span> <span class='ocrx_word' id='word_1_246' title='bbox 1216 2473 1284 2541; x_wconf 69' lang='grc' dir='ltr'><strong>σείς</strong></span> <span class='ocrx_word' id='word_1_247' title='bbox 1318 2486 1393 2548; x_wconf 89' lang='lat' dir='ltr'><strong>quae</strong></span> <span class='ocrx_word' id='word_1_248' title='bbox 1426 2468 1512 2530; x_wconf 90' lang='lat' dir='ltr'><strong>basin</strong></span> <span class='ocrx_word' id='word_1_249' title='bbox 1544 2468 1664 2550; x_wconf 87' lang='lat' dir='ltr'><strong>quidem</strong></span> 
     </span>
     <span class='ocr_line' id='line_1_26' title="bbox 310 2553 1666 2636; baseline -0.001 -17"><span class='ocrx_word' id='word_1_250' title='bbox 310 2575 510 2626; x_wconf 89' lang='lat' dir='ltr'><strong>communem,</strong></span> <span class='ocrx_word' id='word_1_251' title='bbox 534 2554 687 2635; x_wconf 88' lang='lat' dir='ltr'><strong>portiones</strong></span> <span class='ocrx_word' id='word_1_252' title='bbox 718 2573 787 2616; x_wconf 88' lang='lat' dir='ltr'><strong>vero</strong></span> <span class='ocrx_word' id='word_1_253' title='bbox 817 2553 1048 2635; x_wconf 86' lang='lat' dir='ltr'><strong>aequidistantis</strong></span> <span class='ocrx_word' id='word_1_254' title='bbox 1072 2553 1127 2616; x_wconf 88' lang='lat' dir='ltr'><strong>FG</strong></span> <span class='ocrx_word' id='word_1_255' title='bbox 1151 2554 1293 2634; x_wconf 86' lang='lat' dir='ltr'><strong>aequales</strong></span> <span class='ocrx_word' id='word_1_256' title='bbox 1322 2554 1525 2636; x_wconf 85' lang='lat' dir='ltr'><strong>intercipiunt.</strong></span> <span class='ocrx_word' id='word_1_257' title='bbox 1571 2555 1666 2619; x_wconf 81' lang='lat' dir='ltr'><strong>Patet</strong></span> 
     </span>
     <span class='ocr_line' id='line_1_27' title="bbox 313 2643 1037 2726; baseline -0.004 -19"><span class='ocrx_word' id='word_1_258' title='bbox 313 2666 385 2726; x_wconf 83' lang='lat' dir='ltr'><strong>ergo</strong></span> <span class='ocrx_word' id='word_1_259' title='bbox 409 2643 605 2726; x_wconf 87' lang='lat' dir='ltr'><strong>propositum.</strong></span> <span class='ocrx_word' id='word_1_260' title='bbox 1035 2653 1037 2660; x_wconf 79' lang='grc'>’</span> 
     </span>
    </p>

    <p class='ocr_par' dir='ltr' id='par_1_7' title="bbox 225 2729 1668 3518">
     <span class='ocr_line' id='line_1_28' title="bbox 398 2729 1665 2810; baseline -0.001 -15"><span class='ocrx_word' id='word_1_261' title='bbox 398 2735 524 2796; x_wconf 87' lang='lat' dir='ltr'><strong>Lemma</strong></span> <span class='ocrx_word' id='word_1_262' title='bbox 545 2733 587 2796; x_wconf 90' lang='lat'><strong>11.</strong></span> <span class='ocrx_word' id='word_1_263' title='bbox 612 2731 782 2793; x_wconf 89' lang='lat' dir='ltr'><strong>Problema.</strong></span> <span class='ocrx_word' id='word_1_264' title='bbox 822 2729 1001 2794; x_wconf 85' lang='lat' dir='ltr'><strong>Punctum</strong></span> <span class='ocrx_word' id='word_1_265' title='bbox 1024 2729 1204 2804; x_wconf 88' lang='lat' dir='ltr'><strong>invenire,</strong></span> <span class='ocrx_word' id='word_1_266' title='bbox 1230 2731 1323 2810; x_wconf 94' lang='lat' dir='ltr'><strong>quod</strong></span> <span class='ocrx_word' id='word_1_267' title='bbox 1347 2732 1507 2794; x_wconf 90' lang='lat' dir='ltr'><strong>totidem</strong></span> <span class='ocrx_word' id='word_1_268' title='bbox 1530 2731 1665 2794; x_wconf 88' lang='lat' dir='ltr'><strong>diame-</strong></span> 
     </span>
     <span class='ocr_line' id='line_1_29' title="bbox 311 2819 1666 2899; baseline -0.001 -14"><span class='ocrx_word' id='word_1_269' title='bbox 311 2824 383 2886; x_wconf 90' lang='lat' dir='ltr'><strong>tris</strong></span> <span class='ocrx_word' id='word_1_270' title='bbox 408 2821 574 2885; x_wconf 89' lang='lat' dir='ltr'><strong>lucentis</strong></span> <span class='ocrx_word' id='word_1_271' title='bbox 599 2821 723 2883; x_wconf 86' lang='lat' dir='ltr'><strong>distet</strong></span> <span class='ocrx_word' id='word_1_272' title='bbox 746 2839 765 2879; x_wconf 89' lang='lat' dir='ltr'><strong>a</strong></span> <span class='ocrx_word' id='word_1_273' title='bbox 789 2820 953 2895; x_wconf 84' lang='lat' dir='ltr'><strong>lucente,</strong></span> <span class='ocrx_word' id='word_1_274' title='bbox 979 2827 1068 2899; x_wconf 93' lang='lat' dir='ltr'><strong>quot</strong></span> <span class='ocrx_word' id='word_1_275' title='bbox 1095 2819 1292 2881; x_wconf 86' lang='lat' dir='ltr'><strong>diametris</strong></span> <span class='ocrx_word' id='word_1_276' title='bbox 1322 2821 1520 2882; x_wconf 79' lang='lat' dir='ltr'><strong>fenestrae</strong></span> <span class='ocrx_word' id='word_1_277' title='bbox 1544 2821 1666 2883; x_wconf 89' lang='lat' dir='ltr'><strong>distat</strong></span> 
     </span>
     <span class='ocr_line' id='line_1_30' title="bbox 312 2907 1666 2990; baseline -0.002 -17"><span class='ocrx_word' id='word_1_278' title='bbox 312 2912 533 2974; x_wconf 83' lang='lat' dir='ltr'><strong>alenestra.</strong></span> <span class='ocrx_word' id='word_1_279' title='bbox 580 2909 629 2970; x_wconf 84' lang='lat' dir='ltr'><strong>Sit</strong></span> <span class='ocrx_word' id='word_1_280' title='bbox 650 2907 734 2971; x_wconf 89' lang='grc' dir='ltr'><strong>ΝΕΡ</strong></span> <span class='ocrx_word' id='word_1_281' title='bbox 766 2908 913 2971; x_wconf 90' lang='lat' dir='ltr'><strong>diarneter</strong></span> <span class='ocrx_word' id='word_1_282' title='bbox 945 2907 1086 2982; x_wconf 87' lang='lat' dir='ltr'><strong>lucentis,</strong></span> <span class='ocrx_word' id='word_1_283' title='bbox 1121 2909 1206 2988; x_wconf 89' lang='lat' dir='ltr'><strong>eique</strong></span> <span class='ocrx_word' id='word_1_284' title='bbox 1239 2907 1446 2987; x_wconf 85' lang='lat' dir='ltr'><strong>aequidistans</strong></span> <span class='ocrx_word' id='word_1_285' title='bbox 1473 2917 1505 2970; x_wconf 90' lang='lat' dir='ltr'><strong>et</strong></span> <span class='ocrx_word' id='word_1_286' title='bbox 1534 2927 1666 2990; x_wconf 90' lang='lat' dir='ltr'><strong>perpen-</strong></span> 
     </span>
     <span class='ocr_line' id='line_1_31' title="bbox 225 2993 1668 3078; baseline -0.003 -16"><span class='ocrx_word' id='word_1_287' title='bbox 225 3031 231 3040; x_wconf 94' lang='lat'>·</span> <span class='ocrx_word' id='word_1_288' title='bbox 313 3000 491 3062; x_wconf 90' lang='lat' dir='ltr'><strong>diculariter</strong></span> <span class='ocrx_word' id='word_1_289' title='bbox 525 2999 663 3078; x_wconf 88' lang='lat' dir='ltr'><strong>subjecta</strong></span> <span class='ocrx_word' id='word_1_290' title='bbox 694 2993 780 3057; x_wconf 90' lang='lat' dir='ltr'><strong>FOG</strong></span> <span class='ocrx_word' id='word_1_291' title='bbox 813 2997 960 3059; x_wconf 87' lang='lat' dir='ltr'><strong>diameter</strong></span> <span class='ocrx_word' id='word_1_292' title='bbox 993 2996 1161 3069; x_wconf 83' lang='lat' dir='ltr'><strong>lenestrae‚</strong></span> <span class='ocrx_word' id='word_1_293' title='bbox 1196 3004 1228 3058; x_wconf 87' lang='lat' dir='ltr'><strong>et</strong></span> <span class='ocrx_word' id='word_1_294' title='bbox 1259 2994 1315 3058; x_wconf 92' lang='grc' dir='ltr'><strong>ΕΟ</strong></span> <span class='ocrx_word' id='word_1_295' title='bbox 1344 2997 1599 3078; x_wconf 85' lang='lat' dir='ltr'><strong>perpendicularis</strong></span> <span class='ocrx_word' id='word_1_296' title='bbox 1627 2997 1668 3060; x_wconf 92' lang='lat' dir='ltr'><strong>ad</strong></span> 
     </span>
     <span class='ocr_line' id='line_1_32' title="bbox 313 3083 1665 3168; baseline 0 -19"><span class='ocrx_word' id='word_1_297' title='bbox 313 3097 483 3168; x_wconf 90' lang='lat' dir='ltr'><strong>utramque.</strong></span> <span class='ocrx_word' id='word_1_298' title='bbox 530 3087 686 3147; x_wconf 82' lang='lat' dir='ltr'><strong>Ducentur</strong></span> <span class='ocrx_word' id='word_1_299' title='bbox 709 3103 748 3146; x_wconf 84' lang='lat' dir='ltr'><strong>ex</strong></span> <span class='ocrx_word' id='word_1_300' title='bbox 769 3085 798 3147; x_wconf 92' lang='lat' dir='ltr'><strong>N</strong></span> <span class='ocrx_word' id='word_1_301' title='bbox 822 3094 855 3146; x_wconf 88' lang='lat' dir='ltr'><strong>et</strong></span> <span class='ocrx_word' id='word_1_302' title='bbox 877 3085 902 3146; x_wconf 95' lang='lat' dir='ltr'>P</span> <span class='ocrx_word' id='word_1_303' title='bbox 924 3092 1025 3146; x_wconf 88' lang='lat' dir='ltr'><strong>rectae</strong></span> <span class='ocrx_word' id='word_1_304' title='bbox 1053 3103 1107 3165; x_wconf 92' lang='lat' dir='ltr'><strong>per</strong></span> <span class='ocrx_word' id='word_1_305' title='bbox 1129 3085 1154 3146; x_wconf 95' lang='lat' dir='ltr'><strong>F</strong></span> <span class='ocrx_word' id='word_1_306' title='bbox 1177 3093 1209 3146; x_wconf 92' lang='lat' dir='ltr'><strong>et</strong></span> <span class='ocrx_word' id='word_1_307' title='bbox 1232 3083 1262 3146; x_wconf 90' lang='lat' dir='ltr'>G</span> <span class='ocrx_word' id='word_1_308' title='bbox 1284 3087 1442 3161; x_wconf 88' lang='lat' dir='ltr'><strong>terminos,</strong></span> <span class='ocrx_word' id='word_1_309' title='bbox 1472 3086 1566 3148; x_wconf 89' lang='lat' dir='ltr'><strong>donec</strong></span> <span class='ocrx_word' id='word_1_310' title='bbox 1589 3104 1665 3149; x_wconf 92' lang='lat' dir='ltr'><strong>con·</strong></span> 
     </span>
     <span class='ocr_line' id='line_1_33' title="bbox 312 3171 1667 3253; baseline -0.001 -15"><span class='ocrx_word' id='word_1_311' title='bbox 312 3183 446 3238; x_wconf 89' lang='lat' dir='ltr'><strong>currant.</strong></span> <span class='ocrx_word' id='word_1_312' title='bbox 494 3173 666 3238; x_wconf 79' lang='lat' dir='ltr'><strong>Concursus</strong></span> <span class='ocrx_word' id='word_1_313' title='bbox 690 3173 731 3234; x_wconf 90' lang='lat' dir='ltr'><strong>sit</strong></span> <span class='ocrx_word' id='word_1_314' title='bbox 753 3173 789 3233; x_wconf 90' lang='lat'><strong>1:</strong></span> <span class='ocrx_word' id='word_1_315' title='bbox 819 3173 885 3235; x_wconf 91' lang='lat' dir='ltr'><strong>dico</strong></span> <span class='ocrx_word' id='word_1_316' title='bbox 910 3174 966 3235; x_wconf 91' lang='lat' dir='ltr'><strong>hoc</strong></span> <span class='ocrx_word' id='word_1_317' title='bbox 991 3193 1057 3236; x_wconf 90' lang='lat' dir='ltr'><strong>esse</strong></span> <span class='ocrx_word' id='word_1_318' title='bbox 1085 3180 1225 3253; x_wconf 86' lang='lat' dir='ltr'><strong>punctum</strong></span> <span class='ocrx_word' id='word_1_319' title='bbox 1253 3173 1438 3252; x_wconf 89' lang='lat' dir='ltr'><strong>imperatum.</strong></span> <span class='ocrx_word' id='word_1_320' title='bbox 1486 3171 1561 3237; x_wconf 87' lang='lat' dir='ltr'><strong>Cum</strong></span> <span class='ocrx_word' id='word_1_321' title='bbox 1586 3173 1667 3237; x_wconf 90' lang='lat' dir='ltr'><strong>enim</strong></span> 
     </span>
     <span class='ocr_line' id='line_1_34' title="bbox 311 3259 1667 3342; baseline -0.002 -15"><span class='ocrx_word' id='word_1_322' title='bbox 311 3266 341 3328; x_wconf 89' lang='lat' dir='ltr'><strong>in</strong></span> <span class='ocrx_word' id='word_1_323' title='bbox 367 3263 520 3342; x_wconf 84' lang='lat' dir='ltr'><strong>triangulo</strong></span> <span class='ocrx_word' id='word_1_324' title='bbox 543 3261 616 3325; x_wconf 86' lang='grc' dir='ltr'><strong>ΝΙΕ</strong></span> <span class='ocrx_word' id='word_1_325' title='bbox 641 3261 730 3324; x_wconf 91' lang='lat' dir='ltr'><strong>lateri</strong></span> <span class='ocrx_word' id='word_1_326' title='bbox 753 3261 810 3323; x_wconf 91' lang='grc' dir='ltr'><strong>ΝΕ</strong></span> <span class='ocrx_word' id='word_1_327' title='bbox 833 3261 1016 3342; x_wconf 88' lang='lat' dir='ltr'><strong>aequidistet</strong></span> <span class='ocrx_word' id='word_1_328' title='bbox 1039 3259 1107 3332; x_wconf 87' lang='lat' dir='ltr'><strong>FO,</strong></span> <span class='ocrx_word' id='word_1_329' title='bbox 1137 3261 1195 3322; x_wconf 92' lang='lat' dir='ltr'><strong>erit</strong></span> <span class='ocrx_word' id='word_1_330' title='bbox 1225 3271 1258 3323; x_wconf 91' lang='lat' dir='ltr'><strong>ut</strong></span> <span class='ocrx_word' id='word_1_331' title='bbox 1281 3259 1325 3323; x_wconf 90' lang='lat'><strong>10</strong></span> <span class='ocrx_word' id='word_1_332' title='bbox 1355 3263 1392 3323; x_wconf 90' lang='lat' dir='ltr'><strong>ad</strong></span> <span class='ocrx_word' id='word_1_333' title='bbox 1417 3260 1472 3324; x_wconf 89' lang='lat' dir='ltr'><strong>OF</strong></span> <span class='ocrx_word' id='word_1_334' title='bbox 1495 3263 1537 3325; x_wconf 89' lang='lat' dir='ltr'><strong>sic</strong></span> <span class='ocrx_word' id='word_1_335' title='bbox 1560 3263 1604 3324; x_wconf 86' lang='lat' dir='ltr'><strong>IE</strong></span> <span class='ocrx_word' id='word_1_336' title='bbox 1628 3263 1667 3324; x_wconf 87' lang='lat' dir='ltr'><strong>ad</strong></span> 
     </span>
     <span class='ocr_line' id='line_1_35' title="bbox 314 3347 1668 3431; baseline -0.001 -17"><span class='ocrx_word' id='word_1_337' title='bbox 314 3351 391 3423; x_wconf 89' lang='grc' dir='ltr'><strong>ΕΝ,</strong></span> <span class='ocrx_word' id='word_1_338' title='bbox 426 3370 517 3431; x_wconf 89' lang='lat' dir='ltr'><strong>quere</strong></span> <span class='ocrx_word' id='word_1_339' title='bbox 541 3359 574 3412; x_wconf 90' lang='lat' dir='ltr'><strong>nt</strong></span> <span class='ocrx_word' id='word_1_340' title='bbox 596 3347 659 3424; x_wconf 91' lang='lat'><strong>10,</strong></span> <span class='ocrx_word' id='word_1_341' title='bbox 695 3349 840 3425; x_wconf 84' lang='lat' dir='ltr'><strong>distantia</strong></span> <span class='ocrx_word' id='word_1_342' title='bbox 863 3352 878 3413; x_wconf 97' lang='lat' dir='ltr'>I</span> <span class='ocrx_word' id='word_1_343' title='bbox 902 3350 940 3412; x_wconf 88' lang='lat' dir='ltr'><strong>ab</strong></span> <span class='ocrx_word' id='word_1_344' title='bbox 965 3349 1003 3424; x_wconf 91' lang='grc' dir='ltr'><strong>Ο,</strong></span> <span class='ocrx_word' id='word_1_345' title='bbox 1027 3351 1065 3412; x_wconf 87' lang='lat' dir='ltr'><strong>ad</strong></span> <span class='ocrx_word' id='word_1_346' title='bbox 1089 3348 1144 3411; x_wconf 88' lang='lat' dir='ltr'><strong>FG</strong></span> <span class='ocrx_word' id='word_1_347' title='bbox 1169 3350 1303 3430; x_wconf 88' lang='lat' dir='ltr'><strong>duplam,</strong></span> <span class='ocrx_word' id='word_1_348' title='bbox 1335 3369 1411 3431; x_wconf 89' lang='lat' dir='ltr'><strong>qnae</strong></span> <span class='ocrx_word' id='word_1_349' title='bbox 1441 3359 1489 3412; x_wconf 88' lang='lat' dir='ltr'><strong>est</strong></span> <span class='ocrx_word' id='word_1_350' title='bbox 1519 3352 1668 3413; x_wconf 90' lang='lat' dir='ltr'><strong>diameter</strong></span> 
     </span>
     <span class='ocr_line' id='line_1_36' title="bbox 313 3439 1667 3518; baseline -0.001 -17"><span class='ocrx_word' id='word_1_351' title='bbox 313 3443 477 3513; x_wconf 81' lang='lat' dir='ltr'><strong>lenestrae‚</strong></span> <span class='ocrx_word' id='word_1_352' title='bbox 503 3439 545 3501; x_wconf 85' lang='lat' dir='ltr'><strong>sic</strong></span> <span class='ocrx_word' id='word_1_353' title='bbox 565 3439 607 3500; x_wconf 91' lang='grc' dir='ltr'><strong>ΙΕ</strong></span> <span class='ocrx_word' id='word_1_354' title='bbox 631 3439 778 3502; x_wconf 88' lang='lat' dir='ltr'><strong>distantia</strong></span> <span class='ocrx_word' id='word_1_355' title='bbox 798 3439 814 3502; x_wconf 94' lang='lat' dir='ltr'>I</span> <span class='ocrx_word' id='word_1_356' title='bbox 837 3439 875 3500; x_wconf 89' lang='lat' dir='ltr'><strong>ab</strong></span> <span class='ocrx_word' id='word_1_357' title='bbox 896 3439 923 3500; x_wconf 88' lang='grc' dir='ltr'><strong>Ε</strong></span> <span class='ocrx_word' id='word_1_358' title='bbox 947 3439 1064 3512; x_wconf 89' lang='lat' dir='ltr'><strong>lucente</strong></span> <span class='ocrx_word' id='word_1_359' title='bbox 1088 3439 1127 3498; x_wconf 89' lang='lat' dir='ltr'><strong>ad</strong></span> <span class='ocrx_word' id='word_1_360' title='bbox 1146 3439 1211 3512; x_wconf 92' lang='grc' dir='ltr'><strong>ΝΡ,</strong></span> <span class='ocrx_word' id='word_1_361' title='bbox 1235 3440 1356 3518; x_wconf 91' lang='lat' dir='ltr'><strong>duplam</strong></span> <span class='ocrx_word' id='word_1_362' title='bbox 1380 3439 1419 3500; x_wconf 89' lang='lat' dir='ltr'><strong>ad</strong></span> <span class='ocrx_word' id='word_1_363' title='bbox 1434 3439 1490 3500; x_wconf 94' lang='grc' dir='ltr'><strong>ΝΕ</strong></span> <span class='ocrx_word' id='word_1_364' title='bbox 1514 3448 1546 3501; x_wconf 88' lang='lat' dir='ltr'><strong>et</strong></span> <span class='ocrx_word' id='word_1_365' title='bbox 1569 3440 1667 3502; x_wconf 91' lang='lat' dir='ltr'><strong>dime-</strong></span> 
     </span>
    </p>
   </div>
   <div class='ocr_carea' id='block_1_3' title="bbox 312 3526 1833 3607">
    <p class='ocr_par' dir='ltr' id='par_1_8' title="bbox 312 3526 1833 3607">
     <span class='ocr_line' id='line_1_37' title="bbox 312 3526 1833 3607; baseline -0.001 -18"><span class='ocrx_word' id='word_1_366' title='bbox 312 3529 438 3590; x_wconf 89' lang='lat' dir='ltr'><strong>tientem</strong></span> <span class='ocrx_word' id='word_1_367' title='bbox 471 3527 618 3601; x_wconf 88' lang='lat' dir='ltr'><strong>lucentis,</strong></span> <span class='ocrx_word' id='word_1_368' title='bbox 641 3527 730 3607; x_wconf 85' lang='lat' dir='ltr'><strong>qnod</strong></span> <span class='ocrx_word' id='word_1_369' title='bbox 764 3536 830 3589; x_wconf 87' lang='lat' dir='ltr'><strong>erat</strong></span> <span class='ocrx_word' id='word_1_370' title='bbox 862 3527 1041 3590; x_wconf 83' lang='lat' dir='ltr'><strong>laciendum.</strong></span> <span class='ocrx_word' id='word_1_371' title='bbox 1097 3526 1176 3589; x_wconf 84' lang='lat' dir='ltr'><strong>Hinc</strong></span> <span class='ocrx_word' id='word_1_372' title='bbox 1213 3536 1312 3590; x_wconf 89' lang='lat' dir='ltr'><strong>autem</strong></span> <span class='ocrx_word' id='word_1_373' title='bbox 1348 3535 1454 3606; x_wconf 84' lang='lat' dir='ltr'><strong>patet,</strong></span> <span class='ocrx_word' id='word_1_374' title='bbox 1487 3528 1666 3602; x_wconf 85' lang='lat' dir='ltr'><strong>diametrum</strong></span> <span class='ocrx_word' id='word_1_375' title='bbox 1800 3589 1803 3599; x_wconf 79' lang='grc'><strong>,</strong></span> <span class='ocrx_word' id='word_1_376' title='bbox 1832 3559 1833 3596; x_wconf 59' lang='grc' dir='ltr'>ἰ</span> 
     </span>
    </p>
   </div>
   <div class='ocr_carea' id='block_1_4' title="bbox 312 3615 1669 4756">
    <p class='ocr_par' dir='ltr' id='par_1_9' title="bbox 314 3615 1203 3694">
     <span class='ocr_line' id='line_1_38' title="bbox 314 3615 1203 3694; baseline -0.004 -14"><span class='ocrx_word' id='word_1_377' title='bbox 314 3618 466 3680; x_wconf 83' lang='lat' dir='ltr'><strong>fenestrae</strong></span> <span class='ocrx_word' id='word_1_378' title='bbox 491 3615 600 3678; x_wconf 89' lang='lat' dir='ltr'><strong>debere</strong></span> <span class='ocrx_word' id='word_1_379' title='bbox 624 3616 769 3676; x_wconf 88' lang='lat' dir='ltr'><strong>minorem</strong></span> <span class='ocrx_word' id='word_1_380' title='bbox 793 3635 870 3690; x_wconf 89' lang='lat' dir='ltr'><strong>esse,</strong></span> <span class='ocrx_word' id='word_1_381' title='bbox 895 3633 983 3694; x_wconf 90' lang='lat' dir='ltr'><strong>qnam</strong></span> <span class='ocrx_word' id='word_1_382' title='bbox 1006 3615 1142 3677; x_wconf 81' lang='lat' dir='ltr'><strong>lucentia.</strong></span> <span class='ocrx_word' id='word_1_383' title='bbox 1198 3619 1203 3626; x_wconf 85' lang='lat'>&#39;</span> 
     </span>
    </p>

    <p class='ocr_par' dir='ltr' id='par_1_10' title="bbox 312 3701 1669 4756">
     <span class='ocr_line' id='line_1_39' title="bbox 404 3701 1667 3784; baseline -0.001 -17"><span class='ocrx_word' id='word_1_384' title='bbox 404 3705 495 3784; x_wconf 90' lang='lat' dir='ltr'><strong>Prop.</strong></span> <span class='ocrx_word' id='word_1_385' title='bbox 512 3703 569 3765; x_wconf 89' lang='lat' dir='ltr'><strong>VI.</strong></span> <span class='ocrx_word' id='word_1_386' title='bbox 595 3701 679 3765; x_wconf 85' lang='lat' dir='ltr'><strong>Cum</strong></span> <span class='ocrx_word' id='word_1_387' title='bbox 705 3707 873 3766; x_wconf 87' lang='lat' dir='ltr'><strong>fenestra</strong></span> <span class='ocrx_word' id='word_1_388' title='bbox 895 3703 1057 3766; x_wconf 89' lang='lat' dir='ltr'><strong>totidem</strong></span> <span class='ocrx_word' id='word_1_389' title='bbox 1081 3703 1160 3764; x_wconf 90' lang='lat' dir='ltr'><strong>suis</strong></span> <span class='ocrx_word' id='word_1_390' title='bbox 1184 3703 1667 3783; x_wconf 87' lang='lat' dir='ltr'><strong>dimetientibnsapariete</strong></span> 
     </span>
     <span class='ocr_line' id='line_1_40' title="bbox 314 3791 1669 3874; baseline -0.001 -17"><span class='ocrx_word' id='word_1_391' title='bbox 314 3795 455 3868; x_wconf 89' lang='lat' dir='ltr'><strong>distat,</strong></span> <span class='ocrx_word' id='word_1_392' title='bbox 491 3799 580 3874; x_wconf 92' lang='lat' dir='ltr'><strong>quot</strong></span> <span class='ocrx_word' id='word_1_393' title='bbox 613 3793 838 3873; x_wconf 88' lang='lat' dir='ltr'><strong>superficies</strong></span> <span class='ocrx_word' id='word_1_394' title='bbox 872 3793 997 3853; x_wconf 91' lang='lat' dir='ltr'><strong>lucens</strong></span> <span class='ocrx_word' id='word_1_395' title='bbox 1031 3791 1130 3853; x_wconf 88' lang='lat' dir='ltr'><strong>suis:</strong></span> <span class='ocrx_word' id='word_1_396' title='bbox 1164 3791 1333 3853; x_wconf 70' lang='lat' dir='ltr'><strong>contusio</strong></span> <span class='ocrx_word' id='word_1_397' title='bbox 1372 3793 1574 3874; x_wconf 81' lang='lat' dir='ltr'><strong>figurarum</strong></span> <span class='ocrx_word' id='word_1_398' title='bbox 1607 3802 1669 3855; x_wconf 91' lang='lat' dir='ltr'><strong>est</strong></span> 
     </span>
     <span class='ocr_line' id='line_1_41' title="bbox 312 3879 1667 3962; baseline -0.001 -17"><span class='ocrx_word' id='word_1_399' title='bbox 312 3881 614 3954; x_wconf 86' lang='lat' dir='ltr'><strong>evidentissima,</strong></span> <span class='ocrx_word' id='word_1_400' title='bbox 638 3891 674 3942; x_wconf 88' lang='lat' dir='ltr'><strong>et</strong></span> <span class='ocrx_word' id='word_1_401' title='bbox 698 3883 817 3962; x_wconf 84' lang='lat' dir='ltr'><strong>ligura</strong></span> <span class='ocrx_word' id='word_1_402' title='bbox 841 3880 935 3943; x_wconf 93' lang='lat' dir='ltr'><strong>radii</strong></span> <span class='ocrx_word' id='word_1_403' title='bbox 960 3899 1003 3941; x_wconf 85' lang='lat' dir='ltr'><strong>ex</strong></span> <span class='ocrx_word' id='word_1_404' title='bbox 1032 3899 1145 3960; x_wconf 92' lang='lat' dir='ltr'><strong>aequo</strong></span> <span class='ocrx_word' id='word_1_405' title='bbox 1172 3879 1383 3959; x_wconf 86' lang='lat' dir='ltr'><strong>participat</strong></span> <span class='ocrx_word' id='word_1_406' title='bbox 1406 3880 1447 3941; x_wconf 91' lang='lat' dir='ltr'><strong>de</strong></span> <span class='ocrx_word' id='word_1_407' title='bbox 1471 3881 1667 3961; x_wconf 90' lang='lat' dir='ltr'><strong>utriusque</strong></span> 
     </span>
     <span class='ocr_line' id='line_1_42' title="bbox 313 3968 1668 4052; baseline -0.004 -18"><span class='ocrx_word' id='word_1_408' title='bbox 313 3973 452 4052; x_wconf 83' lang='lat' dir='ltr'><strong>figura.</strong></span> <span class='ocrx_word' id='word_1_409' title='bbox 499 3970 551 4032; x_wconf 88' lang='lat' dir='ltr'><strong>At</strong></span> <span class='ocrx_word' id='word_1_410' title='bbox 573 3989 648 4032; x_wconf 91' lang='lat' dir='ltr'><strong>cnm</strong></span> <span class='ocrx_word' id='word_1_411' title='bbox 672 3970 908 4050; x_wconf 88' lang='lat' dir='ltr'><strong>paucioribus</strong></span> <span class='ocrx_word' id='word_1_412' title='bbox 933 3969 1011 4030; x_wconf 89' lang='lat' dir='ltr'><strong>suis</strong></span> <span class='ocrx_word' id='word_1_413' title='bbox 1036 3968 1319 4030; x_wconf 88' lang='lat' dir='ltr'><strong>dimetientibus</strong></span> <span class='ocrx_word' id='word_1_414' title='bbox 1344 3969 1454 4031; x_wconf 89' lang='lat' dir='ltr'><strong>abest</strong></span> <span class='ocrx_word' id='word_1_415' title='bbox 1477 3989 1496 4031; x_wconf 91' lang='lat' dir='ltr'><strong>a</strong></span> <span class='ocrx_word' id='word_1_416' title='bbox 1518 3969 1668 4048; x_wconf 85' lang='lat' dir='ltr'><strong>pariete</strong></span> 
     </span>
     <span class='ocr_line' id='line_1_43' title="bbox 313 4049 1667 4138; baseline -0.003 -15"><span class='ocrx_word' id='word_1_417' title='bbox 313 4049 495 4133; x_wconf 73' lang='lat' dir='ltr'><strong>teneatis,</strong></span> <span class='ocrx_word' id='word_1_418' title='bbox 522 4059 646 4138; x_wconf 89' lang='lat' dir='ltr'><strong>t&#39;igura</strong></span> <span class='ocrx_word' id='word_1_419' title='bbox 669 4059 764 4120; x_wconf 90' lang='lat' dir='ltr'><strong>radii</strong></span> <span class='ocrx_word' id='word_1_420' title='bbox 789 4059 957 4137; x_wconf 89' lang='lat' dir='ltr'><strong>situsque</strong></span> <span class='ocrx_word' id='word_1_421' title='bbox 982 4057 1062 4136; x_wconf 89' lang='lat' dir='ltr'><strong>ejus</strong></span> <span class='ocrx_word' id='word_1_422' title='bbox 1086 4057 1238 4137; x_wconf 91' lang='lat' dir='ltr'><strong>propius</strong></span> <span class='ocrx_word' id='word_1_423' title='bbox 1263 4057 1414 4119; x_wconf 89' lang='lat' dir='ltr'><strong>accedit</strong></span> <span class='ocrx_word' id='word_1_424' title='bbox 1436 4057 1482 4119; x_wconf 90' lang='lat' dir='ltr'><strong>ad</strong></span> <span class='ocrx_word' id='word_1_425' title='bbox 1507 4059 1667 4138; x_wconf 85' lang='lat' dir='ltr'><strong>liguram</strong></span> 
     </span>
     <span class='ocr_line' id='line_1_44' title="bbox 313 4145 1668 4224; baseline -0.003 -14"><span class='ocrx_word' id='word_1_426' title='bbox 313 4151 510 4210; x_wconf 84' lang='lat' dir='ltr'><strong>fenestrae.</strong></span> <span class='ocrx_word' id='word_1_427' title='bbox 568 4145 653 4208; x_wconf 83' lang='lat' dir='ltr'><strong>Cum</strong></span> <span class='ocrx_word' id='word_1_428' title='bbox 690 4165 776 4207; x_wconf 86' lang='lat' dir='ltr'><strong>vero</strong></span> <span class='ocrx_word' id='word_1_429' title='bbox 810 4148 941 4208; x_wconf 89' lang='lat' dir='ltr'><strong>lucens</strong></span> <span class='ocrx_word' id='word_1_430' title='bbox 978 4145 1222 4224; x_wconf 87' lang='lat' dir='ltr'><strong>paucioribus</strong></span> <span class='ocrx_word' id='word_1_431' title='bbox 1262 4145 1338 4206; x_wconf 88' lang='lat' dir='ltr'><strong>suis</strong></span> <span class='ocrx_word' id='word_1_432' title='bbox 1383 4145 1668 4208; x_wconf 87' lang='lat' dir='ltr'><strong>dimetientibns</strong></span> 
     </span>
     <span class='ocr_line' id='line_1_45' title="bbox 313 4233 1668 4316; baseline -0.002 -18"><span class='ocrx_word' id='word_1_433' title='bbox 313 4238 420 4299; x_wconf 88' lang='lat' dir='ltr'><strong>abest</strong></span> <span class='ocrx_word' id='word_1_434' title='bbox 451 4257 469 4296; x_wconf 90' lang='lat' dir='ltr'><strong>a</strong></span> <span class='ocrx_word' id='word_1_435' title='bbox 499 4235 657 4315; x_wconf 88' lang='lat' dir='ltr'><strong>pariete,</strong></span> <span class='ocrx_word' id='word_1_436' title='bbox 694 4233 819 4316; x_wconf 83' lang='lat' dir='ltr'><strong>ligura</strong></span> <span class='ocrx_word' id='word_1_437' title='bbox 852 4233 947 4297; x_wconf 88' lang='lat' dir='ltr'><strong>radii</strong></span> <span class='ocrx_word' id='word_1_438' title='bbox 971 4234 1085 4314; x_wconf 84' lang='lat' dir='ltr'><strong>magis</strong></span> <span class='ocrx_word' id='word_1_439' title='bbox 1119 4233 1287 4296; x_wconf 88' lang='lat' dir='ltr'><strong>imitatur</strong></span> <span class='ocrx_word' id='word_1_440' title='bbox 1319 4233 1476 4314; x_wconf 81' lang='lat' dir='ltr'><strong>figuram</strong></span> <span class='ocrx_word' id='word_1_441' title='bbox 1508 4233 1668 4296; x_wconf 88' lang='lat' dir='ltr'><strong>lucentis</strong></span> 
     </span>
     <span class='ocr_line' id='line_1_46' title="bbox 313 4320 1669 4404; baseline -0.001 -20"><span class='ocrx_word' id='word_1_442' title='bbox 313 4343 442 4388; x_wconf 54' lang='lat' dir='ltr'><strong>exterso</strong></span> <span class='ocrx_word' id='word_1_443' title='bbox 466 4323 552 4397; x_wconf 88' lang='lat' dir='ltr'><strong>situ,</strong></span> <span class='ocrx_word' id='word_1_444' title='bbox 579 4331 617 4384; x_wconf 92' lang='lat' dir='ltr'><strong>et</strong></span> <span class='ocrx_word' id='word_1_445' title='bbox 640 4342 705 4404; x_wconf 91' lang='lat' dir='ltr'><strong>quo</strong></span> <span class='ocrx_word' id='word_1_446' title='bbox 725 4323 841 4402; x_wconf 82' lang='lat' dir='ltr'><strong>tnagis</strong></span> <span class='ocrx_word' id='word_1_447' title='bbox 869 4321 975 4396; x_wconf 86' lang='lat' dir='ltr'><strong>illud,</strong></span> <span class='ocrx_word' id='word_1_448' title='bbox 1005 4322 1071 4384; x_wconf 92' lang='lat' dir='ltr'><strong>hoc</strong></span> <span class='ocrx_word' id='word_1_449' title='bbox 1097 4322 1213 4402; x_wconf 84' lang='lat' dir='ltr'><strong>magis</strong></span> <span class='ocrx_word' id='word_1_450' title='bbox 1241 4330 1279 4384; x_wconf 91' lang='lat' dir='ltr'><strong>et</strong></span> <span class='ocrx_word' id='word_1_451' title='bbox 1304 4322 1380 4384; x_wconf 89' lang='lat' dir='ltr'><strong>hoc.</strong></span> <span class='ocrx_word' id='word_1_452' title='bbox 1422 4320 1471 4384; x_wconf 87' lang='lat' dir='ltr'><strong>Sit</strong></span> <span class='ocrx_word' id='word_1_453' title='bbox 1495 4321 1669 4401; x_wconf 86' lang='lat' dir='ltr'><strong>superdoiea</strong></span> 
     </span>
     <span class='ocr_line' id='line_1_47' title="bbox 313 4408 1669 4504; baseline -0.002 -29"><span class='ocrx_word' id='word_1_454' title='bbox 313 4415 415 4475; x_wconf 88' lang='lat' dir='ltr'><strong>lucens</strong></span> <span class='ocrx_word' id='word_1_455' title='bbox 438 4409 588 4486; x_wconf 72' lang='lat' dir='ltr'>QRssPN,</span> <span class='ocrx_word' id='word_1_456' title='bbox 613 4421 715 4474; x_wconf 87' lang='lat' dir='ltr'><strong>centro</strong></span> <span class='ocrx_word' id='word_1_457' title='bbox 739 4411 779 4481; x_wconf 86' lang='grc' dir='ltr'><strong>Ε,</strong></span> <span class='ocrx_word' id='word_1_458' title='bbox 804 4411 950 4473; x_wconf 89' lang='lat' dir='ltr'><strong>diametro</strong></span> <span class='ocrx_word' id='word_1_459' title='bbox 973 4411 1039 4480; x_wconf 89' lang='lat' dir='ltr'><strong>NP,</strong></span> <span class='ocrx_word' id='word_1_460' title='bbox 1064 4411 1106 4472; x_wconf 90' lang='lat' dir='ltr'><strong>sit</strong></span> <span class='ocrx_word' id='word_1_461' title='bbox 1128 4419 1159 4474; x_wconf 84' lang='lat' dir='ltr'><strong>et</strong></span> <span class='ocrx_word' id='word_1_462' title='bbox 1182 4410 1316 4472; x_wconf 81' lang='lat' dir='ltr'><strong>fenestra</strong></span> <span class='ocrx_word' id='word_1_463' title='bbox 1335 4408 1431 4483; x_wconf 88' lang='lat' dir='ltr'><strong>FOG,</strong></span> <span class='ocrx_word' id='word_1_464' title='bbox 1454 4409 1502 4472; x_wconf 90' lang='lat' dir='ltr'><strong>cni</strong></span> <span class='ocrx_word' id='word_1_465' title='bbox 1519 4410 1669 4504; x_wconf 57' lang='lat' dir='ltr'><strong>lupun-</strong></span> 
     </span>
     <span class='ocr_line' id='line_1_48' title="bbox 314 4497 1668 4580; baseline -0.002 -18"><span class='ocrx_word' id='word_1_466' title='bbox 314 4509 409 4564; x_wconf 84' lang='lat' dir='ltr'><strong>meter</strong></span> <span class='ocrx_word' id='word_1_467' title='bbox 432 4508 464 4562; x_wconf 92' lang='lat' dir='ltr'><strong>et</strong></span> <span class='ocrx_word' id='word_1_468' title='bbox 486 4507 553 4562; x_wconf 89' lang='lat' dir='ltr'><strong>tota</strong></span> <span class='ocrx_word' id='word_1_469' title='bbox 579 4500 676 4580; x_wconf 83' lang='lat' dir='ltr'><strong>ligura</strong></span> <span class='ocrx_word' id='word_1_470' title='bbox 703 4499 886 4580; x_wconf 85' lang='lat' dir='ltr'><strong>aequidistet</strong></span> <span class='ocrx_word' id='word_1_471' title='bbox 912 4499 1199 4579; x_wconf 84' lang='lat' dir='ltr'><strong>perpendiculariter</strong></span> <span class='ocrx_word' id='word_1_472' title='bbox 1231 4497 1378 4576; x_wconf 86' lang='lat' dir='ltr'><strong>subjecta.</strong></span> <span class='ocrx_word' id='word_1_473' title='bbox 1420 4499 1558 4560; x_wconf 86' lang='lat' dir='ltr'><strong>Ducatur</strong></span> <span class='ocrx_word' id='word_1_474' title='bbox 1581 4517 1619 4560; x_wconf 83' lang='lat' dir='ltr'><strong>ex</strong></span> <span class='ocrx_word' id='word_1_475' title='bbox 1640 4497 1668 4559; x_wconf 87' lang='grc' dir='ltr'><strong>Ε</strong></span> 
     </span>
     <span class='ocr_line' id='line_1_49' title="bbox 314 4585 1668 4669; baseline 0 -21"><span class='ocrx_word' id='word_1_476' title='bbox 314 4588 567 4667; x_wconf 84' lang='lat' dir='ltr'><strong>perpendicularis</strong></span> <span class='ocrx_word' id='word_1_477' title='bbox 590 4607 644 4669; x_wconf 91' lang='lat' dir='ltr'><strong>per</strong></span> <span class='ocrx_word' id='word_1_478' title='bbox 667 4585 714 4660; x_wconf 89' lang='grc' dir='ltr'><strong>Ο,</strong></span> <span class='ocrx_word' id='word_1_479' title='bbox 747 4605 822 4669; x_wconf 91' lang='lat' dir='ltr'><strong>quae</strong></span> <span class='ocrx_word' id='word_1_480' title='bbox 845 4587 887 4649; x_wconf 88' lang='lat' dir='ltr'><strong>sit</strong></span> <span class='ocrx_word' id='word_1_481' title='bbox 908 4587 960 4649; x_wconf 85' lang='lat' dir='ltr'><strong>EI.</strong></span> <span class='ocrx_word' id='word_1_482' title='bbox 1007 4587 1050 4648; x_wconf 84' lang='lat' dir='ltr'><strong>Et</strong></span> <span class='ocrx_word' id='word_1_483' title='bbox 1072 4589 1102 4650; x_wconf 91' lang='lat' dir='ltr'><strong>in</strong></span> <span class='ocrx_word' id='word_1_484' title='bbox 1130 4587 1210 4651; x_wconf 88' lang='lat' dir='ltr'><strong>linea</strong></span> <span class='ocrx_word' id='word_1_485' title='bbox 1230 4585 1275 4649; x_wconf 87' lang='grc' dir='ltr'><strong>ΕΙ</strong></span> <span class='ocrx_word' id='word_1_486' title='bbox 1297 4604 1351 4665; x_wconf 88' lang='lat' dir='ltr'><strong>per</strong></span> <span class='ocrx_word' id='word_1_487' title='bbox 1373 4587 1483 4648; x_wconf 86' lang='lat' dir='ltr'><strong>lemma</strong></span> <span class='ocrx_word' id='word_1_488' title='bbox 1506 4587 1668 4650; x_wconf 85' lang='lat' dir='ltr'><strong>secundnm</strong></span> 
     </span>
     <span class='ocr_line' id='line_1_50' title="bbox 315 4674 1667 4756; baseline -0.003 -16"><span class='ocrx_word' id='word_1_489' title='bbox 315 4676 484 4740; x_wconf 84' lang='lat' dir='ltr'><strong>inveniatur</strong></span> <span class='ocrx_word' id='word_1_490' title='bbox 515 4685 670 4756; x_wconf 87' lang='lat' dir='ltr'><strong>punctum,</strong></span> <span class='ocrx_word' id='word_1_491' title='bbox 705 4678 785 4756; x_wconf 89' lang='lat' dir='ltr'><strong>qnod</strong></span> <span class='ocrx_word' id='word_1_492' title='bbox 821 4677 947 4738; x_wconf 85' lang='lat' dir='ltr'><strong>totidem</strong></span> <span class='ocrx_word' id='word_1_493' title='bbox 980 4676 1131 4738; x_wconf 86' lang='lat' dir='ltr'><strong>fenestrae</strong></span> <span class='ocrx_word' id='word_1_494' title='bbox 1174 4674 1328 4739; x_wconf 86' lang='lat' dir='ltr'><strong>diametris</strong></span> <span class='ocrx_word' id='word_1_495' title='bbox 1359 4675 1440 4738; x_wconf 84' lang='lat' dir='ltr'><strong>absit</strong></span> <span class='ocrx_word' id='word_1_496' title='bbox 1472 4695 1490 4736; x_wconf 91' lang='lat' dir='ltr'><strong>a</strong></span> <span class='ocrx_word' id='word_1_497' title='bbox 1523 4675 1667 4749; x_wconf 82' lang='lat' dir='ltr'><strong>fenestra,</strong></span> 
     </span>
    </p>
   </div>
   <div class='ocr_carea' id='block_1_5' title="bbox 0 0 1851 5538">
    <p class='ocr_par' dir='ltr' id='par_1_11' title="bbox 0 0 1851 5538">
     <span class='ocr_line' id='line_1_51' title="bbox 0 0 1851 5538; baseline 0 0"><span class='ocrx_word' id='word_1_498' title='bbox 0 0 1851 5538; x_wconf 95' lang='lat' dir='ltr'><strong> </strong></span> 
     </span>
    </p>
   </div>
  </div>
 </body>
</html>
