3476 5532
623 466 769 550 Cyllenes
791 468 892 549 proles
914 469 981 547 ipsa
1004 487 1046 543 es,
1071 468 1125 531 sub
1148 467 1297 556 Apollinis
1319 467 1404 538 orbe,

678 557 815 638 Undique
838 558 1030 620 Pboebaeurn
1052 557 1274 620 circumamicta
1295 557 1396 620 decus.

623 645 682 708 Sat
708 646 815 721 luerat,
840 647 914 708 lethi
937 647 1082 710 communi
1105 649 1225 710 loedere
1248 655 1369 720 uatam;

675 735 796 798 Invidet
818 737 874 798 boc
898 737 990 800 etiam
1013 755 1093 799 urors
1115 745 1277 818 properata
1298 736 1374 798 tibi:

622 821 747 886 Occidis
771 835 842 888 aute
866 826 980 888 boram.
1026 827 1094 888 Neu
1117 835 1205 888 tanta
1228 835 1277 887 est
1297 843 1390 887 causa
1414 820 1545 911 dolpndi

672 913 765 988 Fons,
787 915 894 989 Navis,
916 915 1060 990 Phoenix,
1085 915 1199 986 umbra,
1222 915 1331 996 puella,
1355 916 1429 975 Iera.

441 1034 505 1101 Age
525 1047 604 1094 vero,
632 1031 763 1100 experiar
783 1047 820 1085 an
848 1032 992 1102 proposita
1015 1031 1191 1102 jucunditate
1218 1031 1461 1103 contemplationis
1489 1027 1585 1098 nujus
1610 1029 1706 1081 saera

512 1111 583 1165 lraec
604 1110 696 1164 studia
716 1111 818 1180 possim
838 1113 989 1181 adjurare,
1012 1113 1129 1168 inritato
1150 1121 1180 1166 et
1195 1130 1327 1183 persuaso
1348 1110 1461 1166 liberali
1483 1110 1591 1180 aliquo
1614 1110 1706 1161 adeles

510 1198 590 1245 ceute
610 1190 638 1244 in
658 1190 822 1245 societatem
842 1191 976 1258 laborum,
997 1193 1196 1264 perictionem
1217 1201 1386 1264 sequentem,
1408 1207 1497 1264 quam
1513 1189 1589 1244 mibi
1612 1204 1706 1258 spera

512 1273 603 1326 culum
622 1278 745 1326 nostrum
765 1273 889 1328 dictauit.

440 1352 511 1414 Quid
531 1353 554 1406 si
578 1351 650 1406 enim
678 1351 776 1422 plenus
797 1353 927 1422 Apolline
956 1353 1078 1407 futurum
1105 1353 1208 1426 aliquid
1233 1361 1286 1408 aut
1314 1355 1420 1408 murm
1451 1351 1566 1406 abeas
1594 1348 1663 1412 vii,
1685 1365 1704 1400 s

509 1433 628 1487 carmine
648 1449 708 1486 sum
730 1441 910 1502 prosecutum
932 1435 1003 1505 quod
1022 1433 1148 1504 equidem
1168 1441 1245 1505 opto.

617 1537 771 1600 Nectebat
793 1537 908 1600 laurum
930 1557 988 1600 uon
1013 1547 1102 1602 uotae
1124 1539 1293 1603 Academia
1314 1546 1416 1600 terrae

675 1625 827 1688 Postridie
852 1627 948 1690 doctis
972 1628 1150 1709 impositura
1172 1629 1276 1691 comis.

622 1713 741 1777 Classis
764 1715 955 1780 honorandae
978 1719 1062 1779 venit
1082 1738 1154 1800 pars
1177 1737 1244 1794 nna,
1268 1724 1421 1791 vocaturn,

676 1803 815 1883 Utopius,
841 1815 944 1868 coetus
968 1825 1014 1868 mc
1038 1827 1153 1888 quoque
1177 1809 1214 1869 ad
1237 1806 1365 1871 Aonios.

618 1891 701 1955 Siste
726 1894 833 1973 pedem
851 1894 982 1974 juvenis,
1007 1897 1106 1958 solitis
1129 1896 1335 1977 penetralibus
1358 1895 1480 1967 absum,

672 1982 805 2062 Insignis
829 1992 958 2046 mentem
982 1986 1149 2066 luminaque
1173 1995 1258 2048 actus
1281 1983 1395 2045 babet:

618 2069 688 2142 Qua
710 2071 852 2132 tenebrae
876 2073 1062 2153 spatiumque
1087 2075 1153 2150 loci,
1177 2076 1233 2137 sub
1256 2073 1394 2152 simplice
1419 2079 1519 2145 tecto,

675 2159 717 2221 Et
739 2159 849 2222 subtile
872 2163 970 2242 aperit
993 2163 1095 2244 tegula
1117 2165 1189 2225 lissa
1206 2163 1308 2244 jubar,

620 2249 811 2328 Majugenam
837 2251 1001 2330 amplexus,
1024 2252 1201 2333 penitusque
1223 2251 1353 2313 umbone
1376 2255 1545 2329 receptum

673 2338 851 2400 Auricomus
875 2340 973 2400 medio
997 2341 1073 2403 fovit
1095 2340 1206 2421 Apollo
1228 2343 1306 2415 sinu,

618 2426 879 2510 Spectandumque
904 2429 996 2504 dedit,
1022 2429 1151 2492 cinctum
1174 2431 1348 2492 flammante
1372 2446 1501 2502 corona,

670 2519 715 2579 At
738 2519 918 2598 spectatoris
942 2519 1053 2599 gaudia
1074 2526 1179 2599 pectus
1202 2519 1326 2582 babent.

619 2603 647 2668 0
670 2615 829 2686 praestans
853 2608 944 2670 anirni
962 2607 1093 2686 juvenis,
1117 2608 1163 2670 cni
1187 2609 1291 2670 laurea
1313 2625 1444 2687 praeses

672 2695 763 2757 Serta
786 2705 926 2758 secutura
948 2697 1076 2776 spondet
1098 2697 1207 2777 Apollo
1231 2695 1298 2770 die3

618 2784 704 2846 Ilaec
728 2785 814 2846 hodie
837 2785 891 2847 tibi
915 2786 1002 2866 signs
1024 2785 1124 2848 dedit:
1150 2785 1215 2866 quis
1238 2785 1341 2846 dicere
1365 2801 1450 2844 vana

672 2873 818 2936 Audeat?
841 2875 907 2936 Huc
930 2893 1051 2954 gressus
1074 2876 1200 2936 flexerat
1222 2873 1273 2936 ille
1298 2881 1380 2934 tuos.

619 2962 765 3044 Tempore
788 2963 915 3025 venisti:
940 2962 1046 3026 Cernis
1069 2983 1144 3045 quae
1165 2963 1303 3043 praemia
1326 2959 1428 3040 aperti

670 3049 780 3114 Siderii
804 3071 907 3114 cursus
930 3059 1036 3132 carpat
1057 3051 1277 3115 Atlantiades?

613 3139 700 3221 ¹Ergo
724 3161 781 3220 age
803 3142 966 3221 pollentem
989 3142 1107 3221 iugenio
1131 3141 1300 3221 laetumque
1320 3139 1456 3219 juventa

671 3230 738 3292 Huc
762 3231 902 3305 animum,
927 3231 1003 3292 hano
1025 3239 1163 3310 prompta
1186 3239 1286 3290 mente
1311 3245 1443 3309 capesse
1470 3227 1576 3287 viam.

617 3318 733 3397 Accipe
756 3337 895 3398 maguum
920 3337 1014 3394 omen,
1040 3320 1138 3380 nullus
1162 3326 1191 3380 te
1216 3317 1323 3379 luserit
1347 3313 1483 3392 error*)

670 3405 795 3483 Sideris,
820 3401 1008 3482 insidias⁸')
1033 3407 1114 3469 nulls
1136 3403 1342 3480 latebra***)
1367 3413 1451 3467 tuas.

617 3495 686 3575 lpse
711 3496 803 3558 Pater
826 3496 916 3559 Titan
939 3497 1081 3559 abstrusa
1102 3497 1131 3558 in
1156 3496 1220 3558 luce
1244 3493 1371 3567 locabit,

672 3585 742 3664 lpse
766 3605 821 3645 sua
845 3587 985 3648 tenebras
1008 3584 1145 3664 lampade
1170 3583 1320 3646 discutiet.

618 3671 688 3754 Ipse
711 3673 790 3734 idern
815 3673 955 3736 eximium
978 3672 1096 3754 parenti
1119 3672 1247 3752 spondet
1271 3673 1433 3746 bonorem,

668 3761 755 3824 Illius
779 3762 932 3842 egreditur
955 3765 1059 3824 laurea
1081 3761 1187 3842 luxque
1211 3761 1318 3835 cornis,

616 3851 671 3914 Ille
695 3861 764 3913 tuas
788 3850 888 3912 laurus
912 3851 1005 3913 radiis
1028 3850 1154 3912 mutabit
1177 3857 1209 3911 et
1232 3868 1306 3911 auro

670 3939 762 4020 Clara
785 3949 837 4002 tuo
860 3940 997 4002 occubitu
1021 3941 1102 4001 fama
1123 3947 1279 4019 superstes
1304 3937 1374 4000 erit.

615 4028 727 4110 Incipe,
751 4049 811 4110 qua
833 4028 930 4091 lessus
954 4029 1009 4091 sub
1032 4029 1132 4108 ianna
1154 4026 1230 4088 mole
1256 4027 1390 4089 fatisco:

669 4117 731 4180 Sub
753 4127 872 4199 partem
895 4137 983 4180 curae
1006 4116 1095 4191 cede3
1119 4115 1268 4194 Magister
1291 4135 1356 4179 ero.

352 4233 429 4244 mun-n·—
446 4233 663 4246 m*-

468 4287 496 4360 ’)
516 4292 675 4349 Errautinm
695 4313 745 4350 scu
765 4295 941 4366 planetarum
962 4293 1105 4348 intricatus
1126 4311 1229 4358 cursus,
1251 4295 1414 4366 praecipue
1437 4299 1596 4356 Mercurii.

454 4371 494 4434 ”l
517 4373 740 4439 Observationes,
762 4393 896 4450 cqpqoers.
918 4374 1131 4446 speculationes.

436 4448 494 4522 m)
515 4453 671 4510 Ocuutatio
691 4457 743 4509 sub
763 4456 835 4510 Solis
855 4456 947 4510 radios
967 4455 1102 4508 Mercurio
1123 4455 1181 4510 lere
1201 4463 1355 4526 perpetua.

903 4713 1141 4726 ....-·—---..-
