3566 5536
339 271 404 342 716
815 273 855 324 De
874 272 953 326 Stella
969 271 1041 324 Nora
1058 271 1209 338 Ser-pentadi

342 457 437 518 Terra
452 453 595 516 nimimm
618 454 647 514 in
672 453 787 515 coelum
811 471 904 538 usqne
928 453 1036 514 diffusa
1058 452 1099 514 sit
1121 450 1196 513 baec
1219 448 1359 511 facultas.
1405 447 1485 510 Nam
1509 449 1538 512 si
1562 467 1604 512 ne
1626 469 1691 513 eor-

342 545 465 624 poribus
488 543 619 625 quidem‚
651 543 729 623 qnod
753 542 992 622 supradictum,
1023 549 1114 621 auget
1137 537 1375 601 aestimationem
1397 539 1494 600 moles
1517 541 1691 621 congenita,

343 633 575 715 quantominus
599 631 776 693 animalibus
800 631 996 694 facultatibus
1024 631 1055 692 id
1084 629 1253 710 praestabit
1280 626 1354 690 haec
1381 627 1553 691 adventitia
1584 630 1692 710 ampli-

342 722 439 785 tudo?
483 719 618 802 Denique
643 719 693 800 qui
716 722 832 798 metuit,
856 728 891 783 ut
905 720 1002 783 Deum
1018 719 1190 793 efficiamus,
1214 717 1263 798 qni
1281 716 1448 780 hominibus
1472 717 1592 795 faveat,
1618 719 1691 780 isin

235 815 236 818 ’
346 810 499 890 theologia
522 812 677 872 forte'non
696 811 773 872 satis
794 817 932 872 versatus
947 829 1013 870 esse
1033 807 1195 870 videbitur:
1219 815 1253 868 ut
1271 805 1319 888 qni
1334 825 1391 868 nou
1406 807 1526 888 legerit,
1548 825 1693 874 erestm

341 927 432 966 omnes
447 909 627 982 ingemiscere
642 909 671 964 in
684 911 895 981 exspectatione
908 908 1087 965 revelationis
1107 907 1223 962 filiorum
1236 907 1298 962 Dei.
1332 896 1397 960 Nec
1410 915 1518 960 vereor
1532 917 1572 960 ne
1588 898 1694 961 redar-

342 1009 417 1070 guar
441 1007 497 1062 eo,=
510 990 588 1070 quod
612 989 800 1066 occasionem
822 989 983 1070 praebeam
1004 986 1191 1069 philosophis
1214 985 1374 1062 hodiernis,
1399 1003 1437 1048 ex
1453 986 1513 1048 hac
1533 987 1693 1055 facultate,

346 1098 422 1160 quas
444 1097 515 1159 pars
540 1086 588 1140 est
610 1078 727 1152 muudi,
751 1080 847 1142 Deum
871 1079 998 1159 deniqne
1022 1075 1159 1140 faciendi.
1205 1073 1458 1156 Philosophentnr
1479 1075 1527 1138 illi
1551 1077 1595 1139 ad
1620 1077 1694 1138 deli-

343 1169 417 1230 rium
441 1187 542 1248 usqne,
568 1185 689 1247 quorum
714 1177 921 1230 antecessores
936 1167 1041 1248 quibus
1065 1185 1121 1228 non
1144 1165 1233 1227 rebus
1257 1164 1373 1227 divinos
1395 1167 1527 1228 honores
1552 1165 1693 1247 adscrip-

345 1265 457 1336 serunt,
483 1256 556 1332 atri,
580 1275 685 1337 aquae,
710 1277 830 1333 oceano,
856 1258 948 1332 coelo,
974 1255 1121 1318 sideribus
1145 1253 1401 1334 aspectabilibus?
1424 1275 1490 1318 curn
1515 1255 1646 1317 interim
1668 1265 1696 1316 et

342 1347 472 1409 inanima
494 1347 569 1408 haec
592 1347 725 1409 nonnulli
748 1349 915 1409 crederent.
962 1344 1143 1408 Christianis
1174 1351 1310 1420 constat,
1337 1344 1492 1425 spirituum
1522 1345 1694 1412 beatorum.

343 1437 392 1518 qni
416 1436 455 1497 ab
485 1435 563 1500 omni
595 1437 743 1498 mundano
776 1455 898 1518 corpom
930 1435 1017 1499 liberi
1049 1441 1133 1509 sunt,
1168 1433 1397 1496 innumerabiles
1429 1453 1497 1496 esse
1531 1435 1694 1501 exereitus.

345 1526 511 1589 sanctitate
535 1525 743 1602 admirabiles,
775 1525 922 1606 dignitate
945 1525 1001 1587 boc
1025 1523 1147 1605 spiritu,
1181 1523 1229 1604 qui
1253 1523 1368 1604 corpori
1391 1524 1543 1586 mundano
1568 1533 1695 1586 naturae

343 1615 471 1696 quodam
486 1613 604 1677 vinculo
621 1615 783 1695 adstrictus
801 1623 934 1695 praeest,
959 1615 1046 1694 longe
1061 1612 1314 1694 praestantiores:
1338 1621 1370 1676 et
1383 1614 1461 1676 inter
1473 1613 1532 1676 hos
1548 1615 1695 1694 graduum

344 1703 562 1767 discriminibus
595 1703 783 1768 sublimiores
815 1705 973 1786 quosdam,
1011 1702 1195 1784 principatus
1231 1701 1476 1781 gloriosissimos,
1516 1711 1697 1783 potestates

343 1793 590 1875 pollentissimas.
637 1793 678 1856 Et
700 1802 801 1858 tamen
830 1793 966 1856 omnibus
994 1791 1077 1855 hisce
1107 1791 1307 1854 sublimiorem
1339 1801 1506 1872 agnoscunt
1531 1792 1638 1854 Deum
1670 1803 1697 1852 et

345 1884 390 1946 sui
414 1892 446 1944 et
469 1883 585 1945 illorum
613 1883 743 1946 omnium
770 1883 964 1946 conditorem.
1010 1882 1060 1944 Ita
1087 1883 1155 1962 lego
1178 1881 1209 1942 in
1231 1879 1395 1944 Prudentia
1418 1891 1450 1944 et
1473 1883 1697 1944 emendandum

345 1981 438 2053 puto:
463 1983 573 2036 iussum
590 1987 638 2036 est
658 1983 786 2038 Caesaris
808 1999 855 2037 ore
870 1982 1008 2038 Gallieni:
1031 1983 1108 2045 Quod
1128 1981 1256 2052 princeps
1277 1982 1351 2047 colit,
1373 1983 1425 2038 hoc
1438 1985 1565 2038 colamus
1590 1999 1697 2038 arnna:

344 2068 528 2119 Aeternum
549 2061 622 2117 colo
642 2063 833 2135 principem
854 2065 1003 2129 deorum,
1024 2063 1159 2120 Fictorem
1179 2061 1378 2135 Dominamque
1399 2065 1531 2120 Gallieni.

433 2153 560 2214 Fatetur
582 2169 647 2212 cnm
670 2153 850 2230 Augustino,
873 2152 1002 2214 Deomm
1026 2151 1144 2212 titulum
1168 2151 1197 2212 in
1221 2151 1315 2213 sacris
1338 2151 1434 2214 literis
1457 2151 1552 2215 tribui
1583 2151 1697 2214 sanctis

346 2243 436 2304 etiam
459 2240 592 2319 angelis:
618 2241 672 2302 sed
695 2242 833 2321 agnoscit
855 2261 944 2304 unum
966 2241 1084 2303 illorum
1107 2247 1274 2303 creatorum
1296 2239 1458 2322 principem
1482 2250 1652 2304 aeternum
1671 2250 1699 2303 et

346 2333 526 2399 increatum,
559 2349 645 2410 quem
669 2337 701 2391 et
724 2329 880 2412 Scriptura
903 2331 1036 2412 appellat
1058 2331 1154 2391 Deum
1177 2329 1309 2392 Deorum
1333 2331 1417 2404 (nam
1440 2351 1492 2393 eur
1514 2329 1568 2393 hic
1596 2344 1698 2398 dierum

349 2433 481 2486 laemrem
502 2419 690 2499 potissimum
713 2421 859 2495 celebret,
890 2421 967 2482 ratio
992 2420 1073 2480 nulla
1096 2421 1245 2500 apparet).
1292 2419 1357 2481 Nec
1379 2421 1445 2490 vult
1466 2420 1592 2498 colere,
1625 2422 1699 2503 qnod

346 2511 433 2590 lingit
454 2509 610 2589 princeps,
636 2509 688 2570 sed
713 2529 859 2572 summum
880 2509 1061 2590 principem,
1085 2527 1151 2570 enm
1175 2528 1294 2589 nempe,
1328 2509 1378 2592 qni
1409 2529 1467 2572 non
1491 2521 1544 2573 est
1566 2513 1700 2575 detnsa

348 2598 506 2670 Gallieno,
538 2599 592 2661 sed
624 2598 673 2680 qui
697 2599 783 2661 linxit
807 2598 994 2674 Gallienum
1028 2617 1085 2659 non
1111 2598 1159 2678 qui
1184 2597 1315 2661 Gallieni
1338 2599 1458 2662 Domini
1487 2601 1582 2682 jussu
1616 2601 1701 2663 nobis

346 2691 516 2770 imperetur,
541 2689 594 2750 sed
618 2688 667 2768 qui
690 2688 836 2751 Dominus
859 2688 924 2768 ipse
947 2688 989 2750 sit
1012 2685 1144 2748 Gallieni
1167 2687 1296 2750 Domini.

434 2779 519 2840 Haec
550 2776 642 2857 igitur
674 2779 780 2840 afferre
812 2777 911 2858 possit
941 2777 1049 2858 aliquis
1078 2776 1116 2838 ad
1148 2795 1269 2839 cansam
1302 2783 1425 2840 naturae
1460 2777 1700 2850 defendendam,

347 2867 416 2932 novi
439 2867 525 2947 hujus
548 2866 655 2928 sideris
679 2867 897 2947 copulationem
921 2865 1216 2946 cum'conjnnctione
1240 2883 1351 2946 magna
1372 2865 1529 2946 vindicans
1555 2867 1606 2930 illi
1627 2867 1698 2949 Spi-

348 2957 420 3021 ritui
443 2957 536 3019 totius
560 2953 662 3018 mundi
685 2975 805 3038 campos
827 2955 1004 3037 permeasti.
1051 2956 1095 3018 At
1117 2955 1161 3017 ita
1183 2975 1229 3019 me
1253 2955 1387 3029 Christe,
1419 2965 1453 3019 ut
1474 2955 1622 3020 omnibns
1647 2975 1699 3018 ex-

349 3045 446 3110 cussis
469 3046 633 3108 ratiociniis
655 3045 726 3108 mihi
750 3047 807 3128 ipsi
830 3065 889 3108 non
913 3044 1081 3116 satisfacio.
1126 3043 1168 3106 Et
1190 3045 1227 3107 ds
1250 3045 1386 3125 potentia
1409 3045 1529 3128 quidem
1554 3055 1591 3109 et
1613 3047 1701 3109 boui-

350 3144 415 3199 tate
438 3134 643 3211 mediocriter;
676 3135 713 3197 de
747 3136 874 3199 scientia
904 3155 975 3198 vero
1006 3135 1113 3196 mirum
1144 3143 1285 3216 quantum
1317 3135 1406 3197 desit.
1452 3133 1530 3199 Esto
1560 3136 1648 3199 enim
1671 3144 1701 3198 ut

349 3225 424 3288 insit
446 3231 572 3287 naturae
595 3244 702 3287 seusus
726 3225 942 3306 conjunctionis
964 3225 1169 3304 planetarum:
1202 3243 1271 3287 num
1299 3225 1390 3306 igitur
1413 3223 1508 3288 eidem
1533 3233 1567 3287 et
1593 3225 1701 3306 cogni-
1758 3269 1759 3272 κ

350 3316 462 3377 tionem
485 3314 650 3376 tribuemus
673 3333 784 3390 eornm,
808 3333 882 3396 quae
906 3315 944 3376 de
967 3313 1222 3394 conjunctionibus
1240 3314 1428 3395 planetarum
1447 3315 1589 3378 homines
1610 3316 1701 3378 innn-

351 3402 544 3468 merabilibns
568 3402 651 3464 libris
673 3403 930 3485 perscripserunt?
976 3403 1055 3466 Num
1088 3401 1267 3483 accipiemus
1300 3411 1332 3466 et
1361 3403 1432 3480 hoc,
1466 3413 1613 3468 naturam
1647 3407 1703 3466 boc

351 3494 449 3557 sidere
473 3492 556 3554 velut
589 3491 762 3554 charactere
790 3500 911 3555 ostenso
940 3491 1099 3556 nobiscnm
1125 3492 1290 3557 hominibus
1321 3492 1402 3574 loqui
1433 3493 1591 3556 voluisse?
1640 3495 1704 3557 Ant

277 3592 282 3606 ¹
351 3583 378 3646 si
396 3582 452 3645 boo
471 3581 642 3657 absurdum,
666 3582 713 3644 die
732 3581 822 3663 igitur
840 3582 912 3645 milri
931 3581 1117 3663 conjectator
1137 3581 1271 3666 physice,
1296 3583 1343 3645 cni
1357 3581 1435 3670 boue
1449 3591 1560 3646 natura
1574 3585 1705 3646 stellam

351 3673 380 3735 in
396 3671 543 3734 altissimo
559 3672 681 3734 aethere
702 3671 820 3752 aptavit
842 3672 881 3734 ad
904 3691 949 3745 ea,
974 3690 1049 3752 quaa
1072 3671 1250 3739 videbantur
1271 3691 1329 3734 non
1353 3671 1382 3734 in
1402 3672 1552 3735 altissimo
1572 3681 1610 3735 et
1629 3693 1704 3734 vas-

350 3761 468 3824 tissimo
492 3761 624 3835 aethere,
648 3762 702 3823 sed
725 3762 755 3824 in
777 3761 943 3824 humillima
965 3769 997 3822 et
1020 3761 1235 3841 angustissima
1256 3762 1314 3824 hac
1337 3761 1476 3824 Tellure?
1519 3759 1706 3844 Quicunque

350 3851 480 3914 affirmat
502 3850 685 3913 destinatum
708 3869 782 3932 opus
806 3871 883 3927 esse,
907 3858 1085 3914 conventum
1108 3849 1216 3913 sideris
1239 3869 1307 3914 cum
1329 3852 1458 3933 planetis
1477 3852 1609 3932 junctis,
1637 3852 1705 3914 sal-

351 3951 412 4004 tem
435 3941 489 4018 sio,
512 3947 547 4002 nt
565 3941 663 4021 juncti
684 3942 824 4021 planetae
848 3941 999 4020 objectum
1022 3939 1132 4002 fuerint
1153 3959 1276 4003 movens
1300 3941 1448 4004 occultum
1472 3949 1605 4004 naturae
1630 3960 1706 4004 sen-

352 4051 425 4105 sum,
450 4030 528 4093 idem
552 4030 641 4093 aliter
663 4049 697 4092 se
715 4051 772 4093 nou
796 4030 946 4112 expediet,
969 4029 1026 4092 uisi
1049 4037 1084 4092 ut
1097 4031 1193 4093 eidem
1206 4038 1330 4110 naturae
1346 4039 1377 4093 et
1394 4029 1583 4094 intellectum
1603 4032 1708 4110 s‘crip-

352 4128 485 4184 turamm
507 4127 674 4182 nostrarum
698 4121 943 4201 astrologicarum
957 4127 989 4181 et
1006 4121 1214 4182 commercium
1230 4119 1339 4183 occulti
1357 4120 1535 4202 liguratique
1550 4121 1708 4184 sermonis

350 4211 474 4273 tribuat.
512 4210 556 4272 At
576 4210 651 4272 haec
671 4209 805 4273 tribuens
821 4210 987 4273 discursum
1008 4207 1246 4273 ratiocinationis
1258 4209 1493 4272 eidemtribuit':
1517 4211 1710 4274 rationalem

352 4299 455 4382 itaque
479 4298 616 4379 spiritum
639 4299 780 4362 effecerit.
828 4301 872 4361 At
894 4318 985 4380 snpra
1007 4299 1233 4380 protestabatur
1254 4299 1329 4362 haec
1361 4299 1527 4375 sententia,
1562 4319 1599 4363 se
1634 4301 1709 4362 rin-

352 4390 453 4452 dicare
476 4395 600 4451 naturae
624 4407 743 4452 sensum
766 4389 976 4464 astronomiae,
1000 4407 1058 4451 non
1082 4389 1218 4452 discursu
1241 4389 1417 4472 acquisitum
1442 4389 1496 4452 sed
1519 4389 1591 4470 legs
1614 4409 1709 4453 crea-

351 4479 443 4543 tionis
466 4477 650 4541 instinctnm.
687 4475 836 4559 Quicquid
859 4478 951 4560 igitur
973 4477 1138 4562 expedierit
1160 4479 1332 4561 conjectura
1348 4479 1475 4564 physica
1492 4479 1710 4543 machinarum

354 4569 390 4632 de
414 4587 487 4632 snae
511 4566 686 4650 disciplinae
717 4585 814 4648 penu:
852 4567 948 4630 adbuc
972 4567 1037 4630 Deo
1061 4567 1225 4632 architecto
1256 4589 1330 4651 opns
1362 4579 1424 4644 est,
1454 4569 1540 4650 cujus
1573 4569 1710 4632 consilio

355 4657 498 4721 stellein
521 4657 676 4720 concilium
699 4657 885 4737 planetamm
908 4658 1022 4720 veniat.
1232 4657 1237 4678 '

441 4746 525 4814 Esto,
543 4745 643 4821 etiam,
667 4747 745 4830 qnod
769 4748 887 4835 quaerit
908 4747 1097 4829 conjectura,
1121 4745 1252 4809 sufficiat
1273 4752 1382 4808 natura
1403 4745 1472 4810 huic
1495 4745 1709 4830 coaptationi:

356 4835 421 4916 qna
443 4834 579 4916 negabit,
609 4855 702 4918 penes
723 4835 822 4898 Deum
844 4837 941 4918 ipsum
964 4836 1153 4934 nibilominus
1177 4855 1244 4900 csse
1267 4835 1503 4901 moderationem
1525 4838 1626 4903 totius
1649 4835 1708 4914 rei,
