3700 5530
778 333 860 397 caru
877 333 919 383 1x-
939 333 963 384 ²·
1485 323 1550 398 tao

196 505 342 585 Incipiam
366 527 385 568 a
407 505 588 584 notissimis,
614 527 738 570 exorsus
767 510 804 570 ab
832 511 881 582 iis,
914 529 989 590 quae
1018 509 1116 589 capite
1145 509 1235 571 tertio
1266 517 1298 573 et
1325 510 1428 591 quinto
1457 528 1549 593 prae-

198 596 290 658 missa
312 603 392 658 sunt.
438 595 557 658 Natura
581 597 666 659 binos
695 597 871 660 animalibus
896 598 980 659 dedit
1003 601 1122 670 oculos,
1154 617 1213 660 non
1236 606 1366 674 tantum,
1392 599 1436 661 uti
1459 601 1549 678 vulgo

199 684 336 760 creditur,
361 685 392 746 in
416 683 581 748 subsidium
600 687 749 766 jacturae,
774 689 800 749 si
819 705 907 767 quarn
931 688 1055 750 alterius
1079 688 1155 750 oculi
1180 688 1327 750 facturum
1350 689 1459 752 luisset
1481 689 1550 750 ani-

197 774 269 846 mal,
304 773 359 834 sed
382 774 421 835 sd
445 773 741 854 comprehensionem
775 777 938 838 distantiae
970 777 1133 839 visibilium
1157 777 1195 838 ab
1219 777 1323 840 oculis.
1371 775 1447 840 Gurn
1473 779 1551 839 enirn

198 862 274 926 oculi
297 863 451 944 utriusque
483 871 588 926 centra
610 867 648 927 ab
678 865 803 928 invicem
836 866 938 927 absint
966 864 994 927 in
1028 873 1113 927 certa
1143 866 1335 946 proportione
1360 868 1399 928 ad
1431 885 1549 946 corpus,

197 961 270 1034 puta
292 952 380 1015 nnius
403 954 495 1032 palmi
523 953 682 1018 latitudine
710 955 848 1030 circiter;
882 956 963 1017 nulla
991 974 1062 1018 vero
1091 965 1175 1016 certa
1202 955 1278 1017 visio
1302 955 1368 1030 fist,
1403 953 1461 1018 uisi
1484 973 1551 1018 cum

196 1043 350 1124 utriusque
375 1041 451 1104 oculi
481 1043 641 1116 diameter,
676 1063 750 1126 quae
773 1063 827 1124 per
851 1053 957 1107 centra
988 1045 1142 1108 humorum
1167 1053 1199 1107 et
1221 1046 1398 1110 foraminum
1429 1045 1551 1120 transit,

195 1131 223 1192 in
244 1151 306 1193 rem
325 1129 402 1192 visui
424 1132 611 1212 propositam
635 1133 791 1213 dirigitur:
815 1133 883 1195 binc
899 1133 1034 1210 efficitur,
1059 1143 1092 1195 ut
1107 1133 1162 1194 lrae
1187 1132 1326 1195 diametri
1341 1130 1420 1196 inter
1443 1134 1551 1196 viden-

127 1251 131 1258 ·
196 1219 263 1282 dum
279 1219 339 1281 sibi
354 1219 427 1300 ipsis
442 1240 501 1283 non
520 1223 610 1300 plane
630 1222 842 1302 aequidistant,
866 1223 920 1284 sed
941 1229 1026 1284 tantu
1051 1222 1147 1302 magis
1164 1224 1203 1284 ad
1222 1243 1255 1286 se
1279 1231 1381 1284 mutuo
1406 1229 1550 1298 annuant,

195 1317 308 1390 quanto
332 1327 381 1372 res
404 1307 472 1371 visa
494 1311 616 1390 propius
640 1314 737 1374 visum
762 1313 910 1374 consistit.
957 1311 1045 1374 Hunc
1070 1320 1227 1388 annntum,
1253 1311 1347 1373 oculis
1370 1311 1548 1385 naturalem,

194 1398 381 1461 Aristoteles
405 1400 538 1461 sectione
554 1399 606 1462 31.
631 1402 726 1485 probl.
744 1401 774 1464 7.
799 1401 953 1476 describit,
978 1402 1047 1462 dum
1072 1409 1226 1482 utrumque
1247 1402 1364 1463 oculum
1384 1419 1422 1461 ex
1445 1400 1551 1462 eodem

194 1489 341 1570 principio
366 1488 440 1550 dicit
464 1496 614 1570 aptatum,
639 1488 779 1565 innuens,
803 1501 928 1571 utroque
953 1492 1038 1552 oculo
1067 1509 1129 1553 rem
1159 1491 1287 1552 candem
1314 1490 1409 1552 videri
1436 1489 1552 1551 visione

198 1585 230 1640 et
253 1577 352 1658 specie
377 1595 444 1652 una,
469 1587 632 1658 propterea
655 1580 733 1659 quod
757 1599 943 1660 cognoscens
963 1577 1092 1642 facultas
1116 1579 1266 1642 eudemio
1286 1587 1443 1658 utrumque
1467 1595 1552 1639 curn-

144 1731 150 1744 ,
198 1676 278 1729 meet
300 1668 428 1730 oculum.
474 1666 516 1728 Et
538 1669 635 1747 probl.
664 1667 714 1730 17.
740 1669 869 1751 quaerit,
905 1669 955 1748 qni
978 1670 1044 1742 fiat,
1079 1685 1131 1731 cur
1158 1669 1251 1730 etiam
1275 1687 1313 1730 ex
1345 1666 1465 1748 obliquo
1488 1683 1553 1728 rern

198 1757 350 1820 intuentes
380 1765 506 1838 utroque
530 1757 615 1818 oculo
648 1759 774 1819 eandam
803 1759 933 1838 speciem
966 1758 1147 1820 videamus?
1179 1757 1294 1820 Contra
1317 1758 1468 1820 oculorum
1493 1756 1554 1818 sint

197 1847 237 1922 A,
250 1847 287 1922 B,
313 1845 459 1908 distantia
482 1845 548 1920 AB,
572 1865 622 1906 res
647 1848 686 1908 ad
709 1848 869 1909 videndum
893 1848 1050 1927 proposita
1072 1847 1103 1908 in
1117 1847 1156 1910 D.
1194 1848 1372 1926 Dirigentnr
1394 1846 1433 1908 ad
1456 1843 1554 1924 ipsam

198 1936 337 1998 diametri
359 1936 510 1998 oculorum
534 1935 602 2008 EF,
629 1930 702 2005 GH,
731 1937 775 1998 sic
804 1946 837 1998 ut
864 1937 1057 1999 continuatae
1086 1942 1297 1999 concurrerent
1321 1937 1349 1998 in
1379 1933 1491 1998 visibili
1513 1934 1553 1996 D.

198 2023 248 2088 Sit
275 2026 341 2106 jam
362 2043 412 2086 res
438 2025 503 2086 visa
533 2025 656 2104 propior
687 2027 782 2089 oculis
809 2027 840 2087 in
865 2024 900 2089 Ο.
947 2025 1078 2088 Rursum
1102 2027 1261 2105 adipeam

199 2114 365 2194 dirigentur
387 2114 537 2177 oculorum
563 2114 708 2190 diametri,
734 2123 962 2196 statuentnrque
987 2115 1016 2178 in
1037 2115 1090 2190 IK,
1111 2115 1182 2177 LM.
1215 2115 1258 2176 Et

199 2205 269 2286 quia
291 2203 467 2283 aequiorura
491 2203 642 2283 triangula
665 2204 722 2265 duo
745 2205 832 2266 ADB
856 2211 888 2266 ct
910 2201 995 2266 AOB
1019 2223 1109 2286 super
1132 2208 1259 2270 eandem

199 2293 285 2355 basin
307 2292 365 2354 AB
398 2291 633 2361 constituuntur,
666 2294 762 2373 major
794 2295 852 2356 erit
884 2296 1011 2373 angulus
1037 2297 1074 2358 ad
1100 2293 1124 2357 O
1149 2299 1258 2378 angulo

199 2385 238 2446 ad
259 2382 299 2445 D.
345 2383 446 2446 Minor
469 2401 540 2463 ergo
564 2381 649 2445 OAB
673 2403 762 2464 quam
778 2383 864 2446 DAB
888 2394 920 2446 et
942 2387 1038 2448 minor
1062 2383 1146 2448 CBA
1171 2405 1261 2467 quarn

198 2473 295 2537 DBA.
342 2469 445 2544 Quare
479 2473 689 2535 extremitates
721 2475 931 2535 diametrorum
965 2475 1128 2538 oculorium
1160 2495 1198 2538 ex
1225 2477 1259 2552 F,

198 2563 228 2625 Η
252 2561 438 2652 transierunt
461 2561 491 2623 in
511 2561 549 2638 K,
566 2563 609 2635 M,
634 2563 691 2624 sibi
715 2563 999 2644 appropinquantes,
1025 2573 1056 2626 et
1078 2565 1262 2646 posteriores

198 2651 235 2727 E,
261 2649 291 2712 G
322 2651 528 2714 discesserunt
556 2651 587 2712 in
610 2651 638 2720 I,
664 2653 700 2713 L.
747 2653 854 2732 Itaque
886 2661 999 2714 motum
1029 2662 1061 2714 et
1093 2661 1264 2716 contortum

199 2740 336 2803 binorum
360 2739 510 2802 oculorum
534 2741 673 2820 usurpari
695 2757 819 2803 necesse
844 2748 901 2813 est,
926 2756 991 2803 cum
1014 2741 1097 2804 visos
1121 2763 1140 2804 a
1163 2761 1264 2804 remo-

198 2829 319 2892 tioriD
343 2825 382 2891 ad
405 2827 645 2910 propinquinsO
670 2831 859 2891 transfertur.
897 2827 942 2891 Et
964 2827 1051 2910 hujus
1076 2839 1185 2908 motus,
1211 2848 1266 2892 ceu

201 2919 340 2980 animalis
365 2919 495 2980 actionis
518 2917 713 2998 usurpatione
737 2927 827 2999 atque
852 2935 957 2994 sensu,
982 2921 1132 2984 assuescit
1155 2919 1266 2982 animal

200 3007 282 3070 inter
314 3007 477 3070 distantias
508 3005 659 3087 longiores
690 3015 722 3070 et
749 3004 902 3071 breviores
932 3025 1030 3070 rerum
1062 3009 1225 3072 visibilium
1248 3028 1268 3069 a

201 3117 269 3160 sese
294 3096 497 3175 distinguere:
529 3095 617 3176 idque
640 3104 703 3158 turn
738 3097 870 3171 demum,
899 3105 1038 3160 comest
1065 3099 1167 3180 aliqua
1196 3117 1269 3162 sen·
1483 3125 1501 3164 s

202 3183 299 3247 sibilis
329 3185 484 3264 proportio
514 3185 678 3246 distantiae
708 3186 861 3248 oculorum
884 3185 940 3248 AB
966 3187 1005 3248 ad
1033 3187 1201 3250 discessum
1225 3186 1269 3249 rei

201 3273 287 3336 visae
312 3274 350 3334 ab
375 3274 469 3336 oculis
484 3274 543 3335 AD
566 3274 616 3335 vel
635 3272 702 3336 BD.
739 3275 825 3336 Haec
849 3273 967 3358 quidem
991 3275 1028 3336 sd
1054 3276 1270 3339 astronomiam

201 3381 259 3424 non
284 3361 410 3425 faciunt.
457 3361 558 3424 Tanta
580 3363 659 3424 enim
683 3370 731 3423 est
755 3361 884 3425 siderorn
912 3363 1072 3440 distantia,
1097 3365 1157 3427 imo
1181 3371 1270 3427 tanta

203 3451 369 3514 distantiae
394 3459 563 3514 centrorurn
587 3451 750 3514 ocularium
766 3453 822 3514 AB
846 3449 978 3526 exilitas,
1004 3463 1037 3515 ut
1059 3455 1138 3516 oculi
1162 3455 1245 3516 sidus
1269 3453 1400 3534 aliquod,
1426 3453 1563 3530 adeoque

203 3549 235 3600 et
257 3547 389 3602 montem
409 3540 499 3622 paulo
518 3540 708 3603 remotiorem
730 3540 892 3617 intuentes,
916 3542 1080 3620 parallelas
1099 3543 1228 3604 tendant
1242 3543 1281 3604 ad
1304 3559 1425 3605 sensnm
1443 3541 1561 3602 diame-

203 3637 269 3691 tros
291 3629 349 3692 AF
372 3638 405 3691 et
428 3627 497 3692 GH.
545 3627 688 3692 Ceterum
722 3630 868 3708 exemplis
899 3647 997 3693 rerum
1028 3632 1161 3693 tenuium
1191 3633 1352 3712 populares
1383 3638 1490 3711 captus
1523 3629 1562 3690 ad

202 3717 257 3779 illa
288 3717 400 3780 eximia
432 3726 465 3779 et
496 3717 637 3780 sublimia
668 3725 738 3781 sunt
770 3717 940 3780 attollendi.
995 3717 1038 3781 Et
1070 3727 1140 3782 sont
1172 3718 1248 3782 haec
1281 3719 1411 3800 genuina
1442 3718 1561 3780 illorum

203 3808 352 3886 exempla.
399 3807 498 3887 Pergo
523 3805 633 3888 itaque.
679 3809 714 3870 In
738 3807 833 3886 ligura
861 3807 966 3869 eadem
991 3807 1031 3869 sit
1054 3807 1161 3870 iterum
1190 3805 1308 3869 visibile
1334 3805 1374 3880 O,
1404 3816 1506 3869 cetera
1528 3811 1563 3867 nt

203 3895 295 4047 gria?5
340 3895 383 3957 Et
406 3894 447 3958 sit
470 3895 550 3958 ultra
580 3895 700 3958 visibile
725 3893 751 3960 O
776 3896 918 3960 obtentos
946 3895 1063 3977 paries,
1098 3914 1205 3959 secans
1235 3904 1337 3959 rectas
1359 3892 1428 3969 Ac,
1451 3891 1506 3958 Bc
1530 3895 1560 3956 in

293 4088 370 4154 (lom
393 4089 485 4169 igitur
509 4092 586 4155 alter
608 4087 711 4152 oculus
740 4091 902 4167 clauditur,
935 4091 1034 4154 medio
1063 4089 1183 4153 sublato
1217 4090 1329 4152 functio
1354 4097 1472 4154 cessat:
1505 4091 1562 4153 hoe

205 4186 261 4254 est,
286 4179 366 4243 inter
390 4177 554 4241 distantias
578 4179 705 4258 amplius
728 4199 786 4242 non
812 4179 1014 4260 distinguitur,
1040 4177 1186 4242 societate
1202 4187 1234 4242 et
1254 4179 1403 4243 distantia
1426 4179 1562 4242 binorum

207 4269 357 4332 oculorum
381 4267 537 4347 impedita.
587 4273 735 4348 (Superest
754 4277 839 4333 etiam
868 4279 947 4333 unico
978 4279 1057 4334 oculo
1087 4279 1133 4333 diu
1163 4285 1276 4335 assueto
1306 4279 1413 4352 exigua
1441 4279 1563 4334 manitas

207 4358 357 4415 distantias
378 4359 460 4414 valde
481 4357 650 4429 propinquas
672 4358 851 4424 discernendi,
872 4360 907 4412 ob
921 4358 1097 4414 latitudinem
1118 4359 1188 4414 oculi
1203 4365 1233 4414 et
1251 4365 1355 4418 motum
1375 4357 1515 4414 foraminis
1537 4357 1565 4414 lu

205 4439 299 4494 tunica
319 4457 400 4505 urea,
422 4438 541 4493 maxime
562 4439 598 4492 ob
620 4438 832 4494 translationem
852 4437 960 4509 eapitis,
983 4439 1032 4493 sed
1053 4456 1089 4493 sa
1108 4440 1154 4493 hie
1173 4440 1242 4495 nihil
1263 4453 1313 4494 nos
1333 4439 1457 4510 impedit.
1490 4437 1561 4492 vics

206 4543 298 4599 supra,
320 4545 383 4599 esp.
405 4523 468 4596 ΙΙΙ.)
515 4515 616 4588 Quare
640 4515 743 4580 oculus
767 4517 798 4580 A
819 4517 938 4580 risibile
963 4515 988 4579 O
1012 4525 1045 4578 et
1065 4526 1210 4597 punctum
1237 4517 1364 4598 parietis
1388 4515 1416 4580 0
1440 4517 1563 4598 potabit

206 4609 375 4688 conjuncta,
401 4605 470 4686 quia
493 4607 555 4668 sits
578 4611 649 4668 sunt
670 4601 715 4668 illi
739 4623 830 4686 super
852 4606 958 4667 andem
981 4606 1061 4667 linea
1076 4603 1174 4669 ACO.
1213 4607 1264 4669 lta
1286 4606 1389 4669 clauso
1410 4607 1441 4668 A
1464 4605 1559 4682 oculo,

206 4695 324 4758 visibile
348 4693 375 4758 O
398 4712 452 4775 per
475 4693 592 4758 oculum
614 4695 642 4757 B
665 4694 815 4758 videbitur
842 4693 981 4775 junctum
1013 4701 1123 4774 puncto
1147 4693 1274 4774 parietis
1297 4695 1340 4772 N,
1365 4696 1436 4776 qnia
1457 4693 1563 4775 nequit

205 4784 284 4846 inter
316 4783 494 4847 distantiam
516 4781 571 4846 BG
595 4790 626 4845 st
657 4781 834 4848 distantiam
856 4783 915 4847 BN
943 4782 1082 4844 discerni.
1128 4781 1195 4846 Hoc
1224 4790 1315 4864 pacto
1347 4783 1442 4847 oculis
1465 4782 1562 4859 A,B

207 4871 382 4940 alternatim
405 4869 519 4954 apertis
543 4879 575 4934 et
604 4869 730 4946 clausis,
759 4871 878 4935 visibile
902 4867 928 4933 G
952 4869 1049 4934 locum
1077 4887 1163 4934 sunm
1190 4870 1288 4936 rbem
1311 4887 1350 4936 ex
1372 4864 1401 4936 0
1423 4871 1456 4935 ln
1477 4871 1508 4936 li
1530 4877 1563 4934 et

1337 2079 1392 2143 rig.
1413 2073 1474 2126 1⁰1.

1297 3323 1553 3380 1241.
