3476 5532
312 1333 692 1412 ιιιιιιιιιιιιιιιο
720 1333 943 1414 remorer
969 1337 1033 1412 ιι
1060 1335 1258 1414 confluo

442 1527 493 1628 n.
525 1527 748 1630 roam
777 1527 1123 1645 mmmmm,

109 1726 186 1790 Dnei
200 1679 453 1809 wirtembergiao
464 1735 496 1792 et
505 1717 631 1802 Tc'ocae,
647 1727 758 1792 Comlti
771 1729 1045 1810 Montispeligardi,
1059 1728 1190 1792 Domino
1203 1727 1232 1792 in
1242 1725 1454 1802 Haidenhaim,

539 1818 666 1882 Domino
689 1837 756 1881 meo
780 1817 1032 1884 clementissimo.

198 1993 407 2058 Illustrissims
421 1993 576 2074 Princeps,
601 1994 728 2058 Domine
752 1995 993 2058 clementissime.
1032 1992 1107 2060 Onm
1127 2014 1220 2076 nuper
1238 1991 1459 2058 illustrissimus

110 2082 254 2164 Princeps
277 2091 309 2146 et
330 2083 488 2161 Dominus,
511 2084 549 2148 D.
573 2084 744 2148 Fridericus
767 2084 837 2148 Dux
852 2084 1104 2165 wirtembergias
1125 2093 1184 2147 etc.
1231 2081 1458 2148 illustrissimae

109 2171 168 2236 cus
190 2173 272 2235 Tuae
294 2192 402 2255 parens
425 2173 654 2240 laudatissimae
677 2175 847 2250 memoriae,
872 2174 1060 2238 irrevocabili
1084 2174 1205 2238 decreto
1227 2172 1323 2253 Regis
1339 2171 1458 2253 Regum

108 2269 141 2324 et
162 2262 283 2326 Domini
306 2262 520 2326 dominantium
544 2283 582 2326 ex
604 2265 661 2328 hae
688 2265 753 2328 vita
783 2265 869 2326 esset
898 2273 1059 2326 avocatus:
1093 2262 1305 2326 acerbissimus
1338 2270 1372 2326 ιιι
1403 2279 1460 2344 par

106 2361 174 2416 erat
206 2351 291 2415 dolor
322 2353 452 2416 animum
483 2372 582 2417 meum
613 2354 782 2434 occupavit.
836 2353 1064 2434 Perpendebam
1094 2353 1173 2419 enim
1205 2352 1356 2416 ademtam
1390 2369 1459 2414 esse

106 2441 224 2523 patriae
248 2460 333 2504 meae
356 2449 528 2523 parentem,
557 2461 633 2522 quae
664 2444 720 2506 sub
744 2443 810 2522 ejus
833 2443 931 2505 tutela
952 2461 1006 2522 per
1029 2444 1084 2504 hus
1108 2441 1332 2525 quatuordecim
1364 2459 1460 2504 annos

108 2551 201 2594 aurea
222 2550 297 2611 pace
320 2549 374 2610 per
396 2549 499 2592 omnes
522 2532 642 2594 ordines
666 2531 833 2605 fruebatur3
858 2531 1055 2594 occurrebant
1070 2531 1296 2594 laudatissimae
1311 2528 1460 2610 Principis

109 2640 214 2694 curae,
249 2638 323 2700 quas
355 2618 384 2680 iu
415 2620 588 2682 exornanda
617 2619 840 2700 excolendaque
863 2619 1017 2700 provincia
1040 2638 1098 2682 non
1121 2638 1189 2681 raro
1213 2618 1293 2681 felici
1316 2637 1458 2681 successu

109 2709 279 2771 indefessus
302 2707 505 2788 impenderam
528 2708 687 2772 versabam
701 2708 800 2771 animo
819 2708 970 2790 ingentem
992 2709 1058 2789 ejus
1078 2727 1219 2784 amorem,
1244 2726 1301 2789 quo
1321 2705 1459 2771 subditos

110 2795 350 2878 amplectebatur
373 2797 529 2878 tenuisque
552 2798 727 2877 plebeculae
751 2799 906 2860 commoda
928 2798 1073 2878 adjuvare
1097 2799 1283 2879 salutemque
1298 2796 1375 2860 tueri
1392 2804 1459 2860 stu-

111 2887 218 2961 debat;
242 2904 297 2947 nec
319 2903 424 2964 parum
448 2887 592 2949 movebar
613 2887 780 2968 patmeinio
804 2896 837 2949 et
859 2887 1069 2962 beneficentia,
1103 2907 1162 2969 qua
1190 2887 1295 2949 literas
1318 2895 1460 2968 artesque
1542 2923 1547 2944 .

110 2974 250 3036 liberales
266 2974 400 3054 adeoque
415 2981 447 3036 et
460 2977 638 3039 secretiores
658 2985 831 3039 constanter
846 2984 1032 3052 asseruerat3
1056 2975 1217 3039 laudabam
1231 2975 1321 3055 juxta
1343 2975 1458 3039 fraudis

111 3063 206 3126 omnis
230 3070 261 3125 et
283 3063 521 3158 prmstigiaruq
537 3065 568 3127 iu
590 3065 741 3146 publicam
759 3065 921 3146 perniciem
940 3074 1179 3146 comparatorum
1200 3065 1348 3128 vindicem
1371 3084 1459 3128 acer-
1539 3095 1542 3102 ¹

110 3153 229 3223 rimnm,
253 3161 359 3214 contre
382 3160 430 3215 tot
452 3162 624 3236 agyrtarnm
649 3155 778 3218 ludibria
799 3155 958 3219 invictum:
993 3165 1025 3217 ut
1048 3173 1106 3216 non
1130 3155 1229 3217 dicam
1253 3155 1290 3216 de
1314 3153 1459 3234 singulari

111 3242 168 3304 lide
192 3249 224 3304 et
245 3240 405 3324 prudentia
428 3243 492 3323 ejus
515 3243 545 3304 in
569 3244 745 3306 educatione
768 3242 926 3308 liberorum
950 3243 1224 3308 lllustrissimorum
1246 3243 1400 3320 adhibita,
1425 3250 1460 3307 nt

112 3340 230 3394 taceam
253 3331 370 3394 consilii
402 3332 513 3413 publici
545 3342 713 3406 auctorem,
745 3335 772 3397 si
805 3353 894 3398 casus
916 3333 1053 3405 tulisset,
1086 3332 1236 3398 hominnm
1267 3291 1463 3416 lopor'nniqns

113 3421 299 3501 experientia
321 3420 594 3486 instructissimum.

200 3508 249 3572 Ob
272 3518 320 3572 tot
341 3509 432 3592 igitur
455 3519 487 3573 et
509 3519 597 3574 tanta
618 3512 707 3589 bona,
732 3531 799 3575 cum
822 3511 878 3574 lroc
900 3513 999 3576 Heroe
1024 3512 1186 3584 exstincta,
1210 3511 1340 3575 animum
1362 3530 1458 3576 meum
1583 3534 1589 3546 ·

113 3599 144 3662 in
167 3599 264 3660 luctus
288 3607 319 3660 et
341 3600 470 3680 gemitus
494 3600 681 3664 decidentem
705 3602 823 3682 excepit
846 3608 879 3663 et
899 3601 1022 3664 retinnit
1043 3600 1212 3664 recordatio
1236 3601 1310 3663 certi
1334 3619 1458 3662 sncces-

114 3688 204 3763 soris‚
236 3687 463 3772 Illustrissimse
486 3689 623 3754 nimirum
647 3689 706 3754 ctis
724 3691 792 3768 Tae,
820 3691 1052 3772 jucundissima:
1085 3697 1119 3752 ut
1151 3689 1201 3770 qui
1222 3689 1278 3752 snb
1301 3689 1460 3769 disciplina

113 3777 209 3858 patris
232 3776 456 3857 prudentissimi
478 3778 517 3840 ad
540 3787 689 3842 maturam
712 3788 845 3844 aetatem
867 3787 1044 3862 provectus,
1077 3777 1217 3841 nonnisi
1248 3777 1288 3841 ad
1310 3777 1459 3858 insignem

113 3866 300 3948 prudentiam
331 3865 572 3948 gubernandiqne
603 3871 742 3949 peritiam
755 3869 942 3952 profeceris.
987 3866 1131 3932 Accessit
1158 3867 1253 3944 lama,
1284 3885 1373 3948 quam
1405 3885 1459 3948 psr

112 3956 271 4038 plerasque
294 3955 414 4035 Imperii
435 3955 563 4020 Romani
586 3977 642 4021 nec
663 3979 776 4041 pancas
799 3959 878 4022 allas
899 3959 1039 4038 Europae
1068 3953 1253 4036 provincias,
1284 3974 1458 4038 quecunque
1528 3987 1530 3992 ·

114 4043 262 4120 transisti,
287 4043 465 4124 dignitatem
488 4045 629 4110 comitate
654 4057 825 4130 temperans
849 4047 1004 4110 seminasti
1027 4046 1188 4125 optimam:
1213 4063 1346 4127 quaeque
1369 4064 1456 4122 nune,

112 4143 274 4216 postquam
295 4151 348 4196 ver
370 4135 518 4197 secundae
543 4135 680 4199 lomunae
703 4147 772 4201 tuae
805 4136 977 4213 incalescit,
1009 4135 1162 4216 praesenti
1193 4134 1248 4198 tibi
1280 4134 1458 4198 laetissimis

113 4222 396 4297 acclamationibus,
431 4223 550 4287 absenti
586 4225 778 4291 faustissimis
806 4183 1050 4303 ominationibns,
1087 4224 1224 4307 utrinqne
1258 4223 1456 4290 sanctissimis

112 4311 191 4377 votis
214 4313 360 4376 uberrime
384 4299 552 4376 fruetfficat.
561 4309 604 4388 ⁸⁰)

199 4401 356 4466 Excitavit
377 4402 439 4466 ista
459 4403 617 4466 meditatio
641 4403 771 4468 animum
794 4423 902 4480 meum,
926 4411 961 4466 ιιι
981 4401 1012 4466 in
1030 4401 1150 4482 publica
1168 4399 1315 4464 laetitia
1305 4419 1371 4481 ipse
1385 4400 1457 4466 licet

115 4493 224 4556 absens
247 4491 391 4556 noluerim
414 4510 483 4555 esse
506 4501 614 4557 mutus.
661 4491 860 4556 Occasionem
882 4493 984 4575 itaque
1007 4489 1273 4573 circumspicienti,
1306 4509 1365 4571 qua
1387 4491 1457 4554 litu

114 4581 195 4646 Celet
217 4583 275 4646 Tae
304 4582 474 4662 gratularer
505 4581 670 4646 solenniter
698 4590 744 4647 et·
757 4602 839 4648 more
862 4582 940 4646 inter
963 4581 1099 4646 literatos
1122 4588 1243 4662 recepto
1266 4577 1361 4642 libelli
1384 4579 1454 4662 qnid

113 4671 295 4744 dedicarem,
318 4670 380 4756 lors
404 4669 472 4753 ipsa
498 4671 646 4754 opitulata
669 4679 726 4736 est
772 4672 835 4737 Sub
858 4672 939 4736 idem
970 4671 1050 4734 enim
1080 4679 1199 4751 tempus
1230 4675 1375 4750 rogarunt
1405 4688 1453 4732 me

112 4761 212 4838 amici,
249 4770 283 4825 ut
305 4761 490 4826 historiolam
523 4762 560 4824 de
583 4761 792 4843 conjunctione
816 4761 898 4826 Solis
921 4770 953 4824 et
975 4761 1133 4836 Mercurii,
1166 4759 1250 4841 cujus
1281 4757 1311 4822 in
1342 4758 1454 4840 scripto

112 4851 269 4915 vernaculo
288 4849 470 4916 dedomata
491 4852 652 4935 superioris
674 4851 745 4916 anni
767 4872 861 4934 nuper
883 4851 963 4918 edito
986 4851 1166 4916 mentionem
1187 4847 1293 4931 paneis
1315 4848 1453 4928 feceram,
