3648 5530
663 323 719 362 cum
737 307 835 362 Nesco
854 305 964 362 Siderea.
1423 307 1490 378 497

133 481 248 562 liquido
272 481 402 546 minime.
442 480 557 546 Gontra
579 485 759 548 tenebrosae
783 493 886 567 partes
905 491 996 548 notae
1020 485 1185 566 antiquitus
1210 493 1280 548 sunt
1303 485 1488 566 aequabiles,

133 571 314 633 tenebrosae
337 579 442 651 partes
466 573 553 635 tarde
577 573 794 651 illuminantur,
824 576 902 656 quod
930 594 1032 637 earnm
1061 575 1161 654 arguit
1185 575 1397 649 bumilitatem,
1421 595 1489 638 cum

134 659 365 722 circumstantes
403 661 568 724 eminentes
592 663 656 742 jam
692 665 780 744 longe
817 666 938 744 lateque
976 665 1158 738 colluceant,
1196 670 1227 724 et
1263 682 1282 725 a
1317 663 1488 728 tenebrosis

133 747 311 810 illuminatis
335 748 453 828 nigrore
479 751 616 829 quodam,
641 751 725 813 velut
747 753 862 827 umbra,
887 752 1133 831 distinguantur;
1157 752 1237 812 linea
1259 750 1488 816 illuminationis

133 835 163 897 in
178 843 266 914 parte
286 837 446 900 tenebrosa
460 846 545 900 recta
558 839 650 902 estin
671 841 809 920 quadris:
835 859 911 922 quae
934 839 1067 902 vicissim
1082 840 1111 902 in
1130 841 1284 902 humorem
1304 849 1485 919 competunt,

133 923 195 986 ima
216 932 371 1004 petentem
394 934 426 988 et
448 928 579 1004 pondere
603 947 657 994 suo
681 929 779 990 fusum
804 930 841 990 ad
866 928 1083 1007 aequilibrium.

220 1013 278 1076 His
302 1014 423 1094 inquam
447 1015 632 1092 argumentis
651 1018 740 1096 plane
764 1017 962 1079 satisfecisti:
988 1017 1035 1092 do,
1060 1015 1193 1077 maculas
1215 1033 1282 1076 esse
1306 1014 1411 1090 maria,
1437 1015 1485 1090 de,

134 1099 250 1164 lucidas
278 1111 383 1186 partes
406 1121 475 1166 esse
504 1112 628 1168 terram.
674 1106 781 1185 Neque
803 1107 879 1166 haec
910 1113 962 1167 tua
990 1103 1195 1183 experimenta
1222 1103 1488 1182 perspicacissima

132 1188 182 1250 vel
206 1209 272 1252 meo
295 1191 389 1270 ipsius
414 1191 587 1260 testimonio
606 1201 720 1256 carent.
758 1195 837 1256 Nam
856 1189 998 1256 f01.285.
1019 1190 1145 1271 Optices
1164 1209 1248 1252 meae
1268 1190 1362 1252 habes
1381 1191 1486 1252 Lunae

132 1276 274 1344 bisectaa
287 1280 398 1342 lineam
422 1288 600 1355 tortuosam,
621 1301 660 1344 ex
679 1301 735 1362 quo
756 1282 843 1344 elicui
866 1281 1043 1342 eminentias
1062 1288 1094 1341 et
1112 1279 1321 1360 depressiones
1335 1279 1365 1340 in
1380 1280 1486 1342 Lunae

132 1384 267 1445 corpore.
318 1368 384 1428 Fol.
409 1365 482 1432 286.
501 1369 639 1431 exhibeo
664 1372 781 1432 Lunam
804 1370 834 1432 in
863 1369 981 1449 eclipsi,
1014 1370 1110 1448 figura
1140 1367 1272 1428 laniatae
1303 1368 1402 1429 carnis
1434 1375 1488 1430 aut

131 1455 246 1516 asseris
270 1455 425 1528 confracti,
451 1458 534 1520 striis
558 1458 665 1520 lucidis
688 1479 756 1520 sese
778 1459 808 1520 in
832 1465 948 1538 partem
977 1458 1146 1519 umbrosam
1169 1455 1403 1529 insinuantibus,
1427 1473 1487 1535 qua

131 1541 344 1604 observatione
372 1543 452 1607 idem
482 1554 581 1608 tecum
604 1547 657 1608 sed
682 1547 741 1610 alio
771 1546 939 1626 argumenti
971 1564 1081 1624 genere
1110 1544 1229 1617 evinco,
1254 1544 1358 1606 Lunae
1380 1551 1485 1623 partes

130 1630 306 1710 inaequales
330 1651 407 1702 esse,
431 1634 487 1694 has
511 1635 693 1709 eminentes,
727 1635 796 1696 illas
819 1635 1003 1714 profundas3
1034 1653 1093 1695 non
1120 1633 1181 1714 jam
1204 1650 1242 1693 ex
1264 1631 1386 1694 umbrae
1409 1649 1483 1710 pro-

126 1719 273 1796 jectione,
299 1722 353 1782 sed
377 1739 415 1782 ex
438 1741 484 1798 eo,
510 1723 587 1804 quod
612 1723 800 1784 debilitatum
815 1722 897 1786 Solis
920 1723 1036 1784 radium
1055 1721 1084 1782 in
1109 1719 1235 1782 confinio
1258 1719 1380 1799 eclipsis
1404 1719 1483 1782 aliae

131 1807 238 1868 Lunae
261 1816 365 1886 partes
389 1810 505 1886 fortius,
530 1811 608 1872 aliae
628 1812 755 1874 debilius
780 1811 933 1890 excipiunt
950 1818 982 1872 et
1004 1809 1168 1872 revibrant.
1206 1807 1250 1868 At
1268 1807 1343 1869 haec
1361 1807 1484 1869 confuse

131 1903 307 1958 tantumet
329 1899 530 1976 superficiaria
555 1919 574 1960 a
597 1917 643 1960 me
667 1906 813 1962 annotata
835 1907 920 1971 sunt,
944 1897 1026 1960 nulla
1049 1895 1242 1958 distinctione
1265 1896 1483 1957 maculosarnm

129 1983 262 2062 partium
286 2006 305 2046 a
328 1986 443 2048 lucidis.
491 1988 556 2049 Tua
579 2007 650 2050 vero
674 1988 832 2070 diligentia
855 2007 944 2072 quam
967 1985 1128 2049 ordinatim
1152 1983 1251 2046 omnia
1276 1982 1482 2063 persequitur!

131 2071 192 2142 Qui
207 2072 298 2134 etiem
313 2077 447 2137 maculas
469 2075 551 2154 ipsas
573 2083 691 2138 veteres
716 2075 916 2138 albicantibus
938 2074 1049 2138 areolis
1077 2072 1283 2154 aequabilibus
1307 2091 1362 2136 ceu
1388 2070 1486 2134 maria

130 2160 231 2239 plaois
254 2161 359 2224 insulis
383 2163 590 2226 interstidctas
615 2164 750 2226 exhibes.

221 2249 325 2328 Neque
344 2252 420 2313 satis
435 2253 536 2314 mirari
559 2272 693 2332 possum,
718 2253 786 2334 quid
806 2253 863 2314 sibi
885 2251 960 2312 velit
978 2250 1084 2330 ingens
1104 2249 1158 2311 illa
1180 2248 1349 2327 circnlcque
1372 2252 1481 2308 rotun·

128 2338 205 2398 data
222 2339 337 2400 cavitas
361 2339 391 2400 in
416 2340 547 2416 sinistro,
573 2349 606 2403 nt
629 2341 710 2421 loqui
733 2343 826 2416 soleo,
851 2340 912 2402 oris
936 2340 1065 2418 angulo:
1090 2345 1256 2400 naturaene
1280 2355 1355 2414 opus
1379 2334 1483 2397 sitan

127 2445 235 2488 manus
259 2428 403 2490 artificis?
418 2421 444 2502 ⁰)
468 2429 547 2492 Nam
570 2431 705 2509 profecto
730 2437 963 2492 cousentaneum
978 2435 1035 2502 est,
1060 2427 1086 2488 si
1101 2433 1172 2488 sunt
1190 2425 1220 2486 in
1234 2425 1322 2486 Luna
1344 2424 1482 2500 viventes

127 2523 286 2576 creaturae
310 2519 385 2596 (qua
406 2516 435 2578 iu
467 2517 596 2580 materia
623 2517 695 2579 mihi
725 2525 795 2598 post
817 2517 1022 2599 Pythagoram
1047 2523 1078 2577 et
1100 2513 1294 2576 Plutarchum
1320 2511 1384 2590 jam
1411 2511 1482 2572 olim
1535 2585 1547 2608 ο

128 2621 207 2664 auno
225 2597 319 2666 1593.
345 2604 498 2684 Tnbingae
514 2607 629 2686 scripta
652 2600 905 2686 disputatione‚⁹)
929 2603 998 2665 inde
1022 2605 1051 2666 in
1076 2601 1195 2682 Opticis
1224 2600 1299 2661 meis
1328 2599 1379 2660 fol.
1403 2595 1480 2661 286.

127 2699 160 2752 et
184 2691 351 2769 nuperrime
383 2693 412 2753 in
437 2693 611 2773 supradicta
629 2695 816 2774 geographia
829 2692 943 2754 Lunari
962 2693 1064 2754 ludere
1087 2689 1226 2770 placuit),
1247 2688 1315 2749 illes
1329 2687 1487 2766 ingenium.

127 2799 201 2842 suae
224 2780 394 2858 provinciae
418 2781 543 2854 imitari,
573 2801 648 2863 quae
672 2784 767 2844 multo
797 2783 927 2861 majores
957 2781 1050 2844 habet
1076 2785 1194 2841 montes
1218 2785 1250 2838 et
1272 2775 1369 2836 valles
1393 2793 1481 2854 qnam

125 2876 232 2930 nostra
261 2868 383 2938 Tellus,
416 2869 541 2950 ideoque
569 2871 647 2932 mole
685 2889 840 2951 corporum
869 2868 1000 2930 maxima
1029 2868 1185 2948 praeditas
1217 2865 1362 2926 immania
1389 2861 1481 2924 etiam

125 2973 220 3034 opera
251 2966 395 3038 patrer-e3
429 2977 552 3040 cumque
581 2960 660 3022 diem
691 2960 825 3021 habeant
855 2955 894 3021 15
919 2965 1039 3018 nostros
1070 2956 1134 3018 dies
1167 2955 1287 3032 longam
1318 2960 1480 3030 aestusque

125 3045 262 3106 sentiant
293 3046 514 3123 intolerabiles,
547 3055 578 3109 et
608 3050 738 3110 fortasse
765 3055 890 3110 careant
922 3046 1072 3126 lapidibus
1096 3045 1135 3106 ad
1163 3042 1342 3104 munitiones
1375 3046 1481 3102 contra

124 3133 229 3194 Solem
244 3134 412 3213 erigendas,
433 3143 466 3196 at
480 3143 586 3198 contra
600 3137 721 3214 glebam
736 3137 838 3197 forsan
853 3137 987 3197 habeant
1000 3135 1030 3194 iu
1045 3133 1163 3196 modurn
1182 3130 1307 3210 argillae
1327 3137 1478 3190 tenacem:

124 3222 203 3283 hanc
226 3221 318 3301 igitur
350 3223 410 3284 illis
443 3224 621 3286 aedificandi
652 3225 799 3286 rationem
833 3225 978 3286 usitatam
1010 3241 1094 3292 esse,
1132 3227 1318 3299 ut.campos
1341 3217 1480 3296 ingentes

124 3310 311 3390 deprimant,
335 3318 417 3374 terra
437 3311 550 3378 ,circulo
575 3319 683 3392 egesta
701 3321 732 3376 et
755 3312 1045 3386 circumfusa,‘forte
1069 3317 1101 3371 et
1124 3307 1255 3370 humoris
1278 3307 1306 3368 in
1330 3305 1478 3384 profunde
1591 3345 1592 3350 κ
1665 3328 1671 3340 ·

125 3398 265 3460 eliciendi
290 3417 401 3474 cansa;
429 3407 463 3462 ut
486 3401 532 3462 ita
554 3401 584 3462 in
606 3402 754 3481 profundo
777 3408 848 3481 post
875 3401 1004 3462 tumulos
1032 3405 1154 3479 egestas
1177 3396 1206 3458 in
1230 3396 1334 3459 umbra
1361 3395 1480 3456 lateant

124 3487 267 3566 intusque
306 3489 345 3548 ad
375 3497 487 3550 motum
519 3489 599 3552 Solis
633 3498 665 3551 et
693 3490 752 3570 ipsi
785 3489 1051 3552 circumambulent
1079 3487 1215 3548 umbram
1247 3489 1477 3554 consectantes:

126 3585 218 3653 atque
251 3577 325 3636 haec
359 3577 401 3638 sit
431 3577 494 3638 illis
526 3579 620 3640 veluti
653 3580 799 3659 quaedam
832 3578 949 3657 species
981 3576 1061 3637 urbis
1092 3574 1326 3646 subterraneae,
1360 3571 1476 3643 domus,

125 3663 288 3742 speluncae
307 3665 515 3741 creberrimae,
536 3667 567 3728 in
584 3668 765 3747 crepidinem
781 3668 863 3728 illam
883 3666 1057 3727 circularem
1076 3662 1209 3736 incisam
1232 3679 1305 3740 ager
1319 3667 1351 3720 et
1365 3675 1480 3738 pascua

124 3751 157 3812 in
171 3751 280 3826 medio,
302 3762 336 3813 ut
349 3752 452 3816 Solem
473 3755 656 3834 fugientesa
675 3757 807 3836 praediis
828 3765 928 3818 tamen
948 3752 1066 3832 longius
1085 3771 1143 3812 uon
1163 3756 1309 3828 cogantur
1326 3745 1478 3808 recedere.

217 3837 277 3901 Sed
301 3860 461 3921 sequamur
492 3862 580 3922 porro
611 3844 703 3906 etiam
733 3846 813 3906 filum
846 3852 917 3904 tuae
949 3839 1130 3920 scriptionis.
1178 3836 1316 3910 Quaeris,
1345 3853 1397 3896 cur
1420 3850 1479 3894 nou

122 3929 292 4008 inaequalis
308 3931 397 3992 etiam
413 3939 560 4011 appareat
575 3940 725 3994 extremos
735 3932 840 3994 Lunae
854 3931 1006 3994 circulus?
1028 3927 1150 4002 Nescio,
1171 3944 1259 4005 quarn
1273 3923 1304 3984 id
1318 3921 1478 4000 diligenter

125 4017 217 4080 fueris
242 4020 472 4097 contemplatus,
497 4039 573 4082 anne
597 4021 709 4100 potius,
722 4021 770 4082 bic
794 4040 831 4082 ex
855 4019 993 4099 opinione
1016 4017 1098 4096 vulgi
1121 4011 1270 4094 quaeras?
1298 4012 1376 4073 Nam
1400 4009 1477 4071 libro

123 4123 190 4168 meo
215 4107 269 4166 fol.
294 4102 369 4170 286.
394 4109 422 4168 in
452 4108 623 4189 pleniluniis
647 4109 759 4189 aliquid
782 4128 855 4170 sane
879 4109 908 4169 in
933 4107 990 4168 hac
1014 4104 1127 4166 extima
1159 4098 1260 4163 circuli
1291 4097 1476 4179 perfectione

123 4193 297 4256 desiderare
334 4214 380 4256 me
413 4197 567 4276 professus
600 4216 675 4260 sum.
721 4197 898 4277 Perpendeq
931 4203 964 4257 et
995 4193 1066 4274 quid
1098 4189 1152 4252 tibi
1180 4190 1319 4250 videatur
1354 4186 1475 4260 iterato,

123 4283 262 4357 enuncia,
287 4284 353 4352 tuis,
372 4285 451 4346 enim
474 4284 644 4346 ocularibus
667 4285 767 4348 fidam.
815 4291 912 4356 (Gomp.
934 4307 958 4356 p.
978 4285 1051 4350 475.)

212 4371 263 4432 Ad
289 4373 494 4450 quaestionem
518 4381 551 4434 tu
584 4374 702 4454 quidem
729 4383 762 4436 ut
791 4374 828 4435 de
851 4392 883 4433 re
912 4378 1000 4434 certa
1032 4367 1196 4447 respondes
1226 4363 1344 4444 gemino
1375 4361 1475 4424 modo.

120 4457 239 4524 Primus
264 4460 340 4522 meis
365 4461 578 4540 experimentis
596 4457 663 4522 'non
692 4467 850 4542 repugnat.
896 4461 975 4522 Nam
1000 4458 1026 4519 si
1049 4453 1217 4535 frequentia
1240 4460 1271 4514 et
1294 4450 1476 4530 constipatis

122 4549 269 4612 verticum
302 4549 429 4611 aliorum
460 4559 532 4629 post
565 4550 641 4612 alios
671 4549 701 4612 in
735 4558 867 4612 extremo
905 4545 1099 4627 aspectabilis
1137 4540 1347 4621 hemisphaerii
1384 4539 1476 4600 limbo

122 4638 255 4715 speciem
280 4637 402 4698 exbibet
432 4639 560 4717 perfecti
591 4638 707 4712 circuli,
738 4639 802 4700 fieri
825 4657 885 4699 non
907 4643 1025 4716 potest,
1059 4633 1118 4694 nisi
1140 4630 1269 4692 vertices
1294 4629 1332 4690 ad
1355 4635 1476 4691 tornum

123 4726 245 4804 aequati
271 4734 302 4787 et
325 4726 427 4787 abrasi
457 4727 534 4800 sint,
568 4736 682 4789 utnon
717 4727 879 4788 minutulas
912 4723 1073 4786 nonnullae
1104 4720 1230 4782 rimulae
1254 4727 1306 4780 aut
1329 4717 1477 4780 tuberculi

122 4821 335 4893 compareant,
369 4815 448 4894 qnod
480 4816 555 4876 meis
586 4815 755 4878 observatis
788 4821 872 4876 esset
903 4818 1146 4875 consentaneum.
1192 4809 1228 4870 In
1259 4808 1356 4870 altero
1389 4805 1484 4888 mode¹

172 4915 263 4968 repert
276 4917 353 4967 opera
373 4918 401 4958 11.
1229 4909 1264 4970 ³2
