3566 5536
322 292 390 366 tit
806 293 1202 362 nesumnmseaenaru

323 485 425 543 mente
453 475 703 559 comprehendere
730 472 809 536 banc
840 473 1042 538 incredibilem
1074 473 1283 544 velocitatem.
1316 491 1410 555 aeque
1442 474 1626 556 intignbitnr
1651 483 1685 538 ct

322 568 529 630 vehementius
544 565 645 640 etiam,
670 583 759 644 quem
778 563 827 646 qui
843 561 1083 644 Gopemicanam
1100 562 1345 626 immensitatem.
1390 564 1516 627 Interim
1530 565 1683 644 perpende

322 655 518 738 philosophe,
550 653 643 714 multo
676 653 772 732 magis
805 653 853 714 hio
885 653 1050 716 desiderari
1082 653 1306 734 proportionem
1335 653 1504 715 accidemis
1532 653 1574 714 nd
1597 672 1683 716 anum

325 745 500 825 subjectum,
526 761 614 822 quam
634 741 702 822 jure
726 740 792 820 quis
816 741 894 822 apud
910 740 1109 822 (lopernicnm
1132 741 1306 804 desiderare
1328 748 1432 822 potest
1455 741 1682 822 proportionem

322 833 419 914 partis
442 831 543 894 mnudi
569 831 607 891 ad
630 839 759 910 partem.
804 831 870 893 Nec
893 831 972 892 enirn
1002 831 1172 894 accidentia
1204 837 1276 892 aunt
1298 830 1365 892 aine
1387 830 1526 909 subjecto
1560 829 1681 894 idoneo.

324 919 519 996 Credibilins,
555 937 695 998 magnum
720 937 787 981 esse
815 919 982 1000 subjectum
1006 920 1071 981 sine
1094 928 1191 994 motu,
1222 937 1312 1000 qnam
1339 937 1480 998 magnum
1513 926 1628 982 rnatum
1650 920 1682 982 in

320 1027 416 1092 parvo
440 1008 585 1088 subjecto.
625 1009 733 1088 ltaque
756 1009 782 1069 ai
806 1009 1028 1088 proportionem
1053 1015 1186 1071 motuum
1199 1008 1418 1070 Ptolemaicam
1435 1026 1493 1088 ego
1517 1009 1682 1072 oadunare

323 1099 360 1160 ad
384 1097 608 1180 proportionem
632 1115 788 1176 corporum
808 1095 1057 1178 Oopemicanam
1082 1097 1189 1176 majori
1211 1097 1456 1176 pbilosophorum
1479 1098 1630 1178 applausu
1652 1097 1683 1160 id

324 1187 434 1248 fecero.
480 1185 675 1247 Ptolemaeus
706 1183 879 1248 Aristarchi
912 1205 966 1247 seu
999 1185 1158 1266 Gopcmioi
1190 1193 1301 1248 motum
1334 1184 1517 1264 multiplicat
1546 1183 1683 1250 7500isa.

321 1273 534 1354 Multiplicabo
559 1292 615 1353 ego
630 1274 723 1336 toties
743 1291 852 1354 corpus
874 1275 1000 1337 fixarum
1013 1273 1231 1338 Ptolemaioum
1254 1271 1364 1338 20000
1378 1274 1683 1346 semidiametromm,

323 1371 359 1426 ut
382 1370 566 1442 consurgant
592 1361 745 1427 1500000
760 1363 1050 1426 semidiametromm
1064 1372 1165 1426 sumta
1183 1363 1308 1436 centies,
1331 1362 1389 1424 hoc
1402 1370 1452 1425 est
1469 1360 1684 1438 leucocoum

324 1471 402 1532 quae
432 1453 460 1514 in
495 1471 628 1513 summas
662 1451 823 1513 duodecies
855 1459 1047 1514 centenorum
1080 1452 1146 1532 (qui
1173 1459 1224 1514 est
1249 1451 1389 1513 modulus
1418 1451 1574 1514 intervalli
1602 1452 1685 1514 inter

323 1539 428 1603 Solem
452 1547 484 1601 et
508 1539 674 1614 Tellurem)
708 1540 883 1614 distributa,
918 1542 1106 1604 constituunt
1136 1539 1351 1602 diastematum
1374 1537 1525 1602 Solarium
1552 1537 1685 1606 1250110

325 1629 398 1703 (hoc
413 1636 462 1692 est
480 1625 636 1704 125417).
674 1629 769 1709 Atqui
793 1647 851 1690 non
875 1629 1043 1709 indigemus
1059 1638 1148 1691 tanta
1166 1629 1244 1690 mole
1263 1629 1303 1689 ad
1325 1628 1546 1692 defendendum
1562 1627 1684 1710 (loper-

323 1718 431 1792 oicum,
467 1723 582 1798 quanta
613 1717 745 1798 antiquis
770 1736 844 1798 opus
868 1724 918 1780 est
938 1717 1118 1798 pernicitate
1141 1718 1180 1778 ad
1210 1717 1430 1779 defendendum
1453 1717 1685 1793 Ptolemaeum

324 1807 403 1887 quod
436 1807 480 1868 sic
514 1814 651 1886 apparet.
707 1803 908 1868 conciliemus
940 1805 1047 1868 mundo
1081 1825 1165 1869 snam
1198 1804 1403 1886 proportionis
1435 1807 1683 1883 concinnitatem,

324 1913 385 1956 non
410 1913 498 1976 quam
522 1893 659 1956 Brabens
690 1895 798 1956 solitus
823 1903 872 1957 cst
898 1895 1071 1958 desiderare
1104 1894 1334 1974 magnitudinis,
1367 1894 1423 1956 ssd
1450 1895 1686 1974 pulchritudinis

322 1983 515 2046 strationis.
557 1984 662 2046 Mundi
685 1985 832 2064 perfectio
855 1993 904 2046 eet
927 1993 1036 2056 motus,
1060 2003 1137 2066 qnae
1161 1983 1226 2063 ejus
1250 1983 1337 2064 qussi
1360 1983 1509 2063 quaedam
1532 1985 1600 2046 rita
1624 1995 1685 2048 cat

320 2072 371 2136 Ad
405 2081 517 2134 motum
550 2072 611 2134 tria
640 2073 846 2153 requiruntur,
884 2081 1016 2148 motor,
1052 2073 1199 2146 mobile,
1236 2071 1347 2133 locus.
1399 2073 1503 2135 Motor
1534 2081 1585 2136 est
1617 2073 1684 2136 Sol.

203 2183 207 2190 ·
319 2160 448 2224 Mobilis
481 2167 552 2221 sunt
574 2181 593 2222 a
615 2161 764 2224 Mercurio
797 2179 890 2241 usqne
914 2163 953 2223 ad
977 2161 1149 2224 Satumnm.
1196 2160 1298 2223 Locus
1325 2168 1375 2222 est
1405 2161 1522 2223 extima
1553 2163 1686 2226 fixarum

318 2250 458 2329 sphaera.
507 2247 623 2320 Quodsi
655 2249 809 2333 physicam
839 2269 902 2313 rem
935 2249 1187 2312 licet-enunciare
1211 2247 1435 2323 mathematice,
1460 2250 1587 2314 mobilia
1611 2261 1686 2316 suut

316 2337 445 2400 medium
468 2338 692 2419 proportionale
722 2339 802 2400 inter
831 2347 975 2401 motcrern
1000 2347 1032 2402 et
1054 2339 1161 2402 locum.
1208 2338 1287 2400 Nam
1316 2338 1447 2418 quictem
1475 2338 1596 2418 quidem
1623 2341 1683 2404 loci

316 2445 370 2490 sen
394 2425 554 2488 ambientis
585 2426 719 2506 corporis
748 2428 893 2490 affectant
926 2429 1089 2491 renitentia
1112 2434 1143 2490 et
1166 2426 1295 2507 quodam
1323 2425 1410 2507 quasi
1433 2428 1568 2506 pondere
1592 2429 1683 2510 (qnid

315 2515 423 2578 ridetis
447 2515 623 2577 coelestium
647 2515 795 2596 inexperti
818 2517 1064 2597 philosophastri,
1087 2535 1186 2580 rernm
1209 2515 1457 2594 imaginariamm
1480 2517 1571 2598 copia
1594 2518 1685 2582 loon·

314 2605 424 2688 platee,
449 2623 586 2665 veramm
611 2605 797 2685 egentissimi
808 2606 849 2680 1),
875 2625 913 2666 ex
937 2624 994 2687 qno
1018 2605 1144 2685 singulis
1168 2623 1241 2666 suae
1265 2604 1431 2666 obveniunt
1454 2607 1574 2685 periodi
1597 2615 1684 2670 tem·

314 2709 420 2776 porum
453 2695 539 2767 (nam
571 2695 648 2774 quod
679 2701 828 2756 maiorem
856 2695 984 2770 attinet,
1011 2689 1044 2756 'is
1067 2695 1171 2756 unicus
1195 2700 1243 2754 eet
1266 2701 1300 2754 et
1320 2692 1510 2756 uniformiter
1541 2699 1684 2771 movet);

314 2789 424 2845 contra
446 2789 560 2844 motum
585 2801 622 2844 ex
646 2789 760 2844 motore
789 2783 970 2864 suscipiunt,
995 2783 1039 2845 ita
1063 2791 1096 2845 nt
1118 2783 1147 2845 io
1172 2781 1332 2844 mobilibus
1356 2789 1388 2842 et
1410 2793 1513 2846 motus
1537 2793 1571 2844 et
1594 2786 1684 2866 quies

315 2871 535 2951 quodammodo
559 2872 750 2934 misceantur.
790 2869 906 2942 Quodsi
925 2872 1049 2934 mobilia
1070 2879 1143 2934 sunt
1154 2870 1278 2953 physice
1303 2871 1435 2934 medium
1449 2873 1684 2952 proportionale

314 2959 394 3022 inter
417 2968 562 3023 mutarem
586 2968 618 3022 et
641 2960 746 3035 locum,
782 2961 851 3041 qnid
875 2960 1081 3036 verisimilius,
1114 2959 1328 3022 mathematice
1352 2978 1471 3040 quoque
1495 2962 1683 3026 diametrum

315 3047 468 3111 mobilium
492 3067 560 3110 esse
584 3049 714 3111 medinm
736 3043 960 3130 proportionale
985 3049 1064 3112 inter
1092 3049 1272 3110 diametmm
1295 3047 1377 3110 Solis
1401 3050 1528 3111 motoris
1552 3060 1584 3114 et
1610 3054 1683 3115 dia-

553 3209 559 3222 ·
851 3144 977 3199 metmm
1006 3139 1064 3201 loci
1096 3157 1149 3198 seu
1172 3138 1308 3198 fixarum.
1356 3138 1423 3198 Hoc
1456 3139 1559 3217 posito
1590 3142 1684 3204 facile

531 3207 585 3272 ¹³⁸·
609 3206 634 3258 ⁵·
849 3234 898 3288 est
920 3227 1065 3306 indagaro
1090 3227 1290 3307 quantitatem
1313 3226 1451 3288 fixamm.
1490 3229 1574 3291 Nam
1596 3228 1684 3294 Solia

848 3315 994 3377 diameter
1018 3322 1142 3395 superat
1164 3314 1341 3376 diametrum
1364 3314 1496 3378 Telluris
1522 3319 1686 3400 quinquies

848 3403 959 3466 semis:
993 3410 1116 3485 superet
1138 3403 1237 3464 sexies
1260 3402 1368 3482 plenc;
1399 3405 1479 3483 quod
1508 3425 1577 3469 cnm
1601 3408 1685 3475 dico.

847 3491 1012 3554 distantiae
1045 3491 1127 3554 Solis
1158 3500 1190 3552 ει
1221 3491 1334 3554 Terrae
1365 3493 1465 3555 tribuo
1497 3514 1557 3558 non
1595 3494 1686 3562 1200

847 3581 901 3642 sed
935 3576 1020 3643 1432
1053 3580 1302 3644 semidiametros.
1349 3579 1428 3644 Esto
1462 3592 1568 3646 tamen
1601 3586 1684 3647 hoc:

705 3632 762 3780 N
846 3668 903 3730 sim
926 3669 1076 3742 liberalis,
1102 3676 1137 3731 ut
1160 3667 1279 3730 omuino
1307 3687 1436 3748 maguus
1460 3672 1517 3735 fiat
1539 3675 1686 3736 mundns.

659 3789 664 3796 '
760 3781 784 3880 1
844 3754 1688 3926 tristitiistihtliltis‘rbt:

782 3881 800 4000 l
845 3941 894 3997 est
928 3931 1023 3998 1432.
1081 3933 1131 3996 Sit
1163 3933 1294 4014 sphaere
1324 3933 1453 3999 Saturni
1486 3939 1579 4002 altior
1612 3937 1686 4004 GB.

797 4001 805 4110 1
843 4021 914 4086 Jam
942 4021 1092 4086 Saturnus
1127 4022 1253 4102 decuplo
1283 4023 1382 4085 dietat
1415 4025 1498 4105 ejus,
1534 4046 1594 4108 qno
1628 4028 1691 4092 Sol

799 4111 805 4182 ‚i
844 4112 955 4187 distat,
988 4113 1125 4173 nimirum
1149 4109 1208 4174 OG
1236 4117 1286 4173 est
1315 4111 1448 4193 decupla
1480 4117 1578 4196 ipsius
1612 4115 1687 4180 CK.

760 4215 763 4221 “
844 4200 945 4262 Minus
977 4200 1094 4281 quidem
1126 4199 1239 4280 aliquid
1263 4208 1330 4272 est,
1365 4203 1422 4264 sed
1446 4211 1550 4268 ιειιιεε
1575 4205 1690 4270 ethic

773 4293 789 4372 Ι,ι’
843 4288 1005 4368 impleatur
1036 4307 1187 4351 numerus.
1233 4287 1371 4372 Distabit
1405 4291 1500 4371 igitur
1528 4295 1689 4360 Saturnus

846 4373 954 4440 14320
970 4377 1083 4438 Terrae
1106 4375 1348 4452 semidiametris,
1374 4389 1408 4442 ει
1418 4382 1501 4444 1ιεεε
1516 4391 1565 4446 cst
1579 4383 1689 4464 longi-

842 4465 916 4527 tudo
948 4465 1043 4545 ipsius
1076 4463 1144 4528 00.
1199 4465 1270 4527 Jam
1304 4464 1410 4546 itaque
1444 4472 1489 4534 sit
1520 4479 1554 4534 ut
1585 4472 1690 4536 semi-

843 4553 992 4615 diameter
1020 4553 1156 4634 corporis
1179 4552 1298 4616 Solaria
1322 4551 1366 4617 01
1395 4577 1454 4620 sex
1483 4561 1690 4624 semidiame-

844 4647 957 4702 trbmm
977 4641 1088 4703 Terrae
1108 4643 1148 4704 ad
1171 4641 1432 4708 semidiametrnm
1457 4649 1540 4712 orbis
1554 4649 1691 4714 Saturni

845 4726 904 4789 00
926 4728 975 4789 vel
1001 4728 1070 4803 οΒ,
1099 4727 1206 4794 14320
1235 4732 1531 4801 semidiametromm
1555 4739 1688 4811 Terrae,

846 4815 889 4880 sic
913 4815 989 4878 haec
1012 4815 1065 4880 οΒ
1089 4820 1129 4880 ad
1153 4817 1208 4882 01)
1238 4821 1503 4892 semidiametrnm
1531 4828 1687 4892 mamm:
