3566 5536
352 252 416 320 714
826 253 867 305 Dc
886 251 965 304 setta
981 251 1054 304 Nova
1071 249 1221 318 Serpentmii

350 433 516 498 chritudine
541 439 572 495 et
594 422 790 511 congruentia
812 431 909 512 hujus,
934 450 1022 514 quern
1046 429 1158 505 dicunt,
1183 449 1272 493 casus
1290 449 1345 494 nec
1363 429 1423 512 ipsi
1445 433 1638 494 moveantur
1661 445 1721 490 nec

351 525 427 592 alios
451 521 595 585 delectari
617 521 781 602 patiantur.

439 611 500 674 Sed
515 631 572 674 non
587 611 644 672 hoc
667 609 839 690 agebamus,
864 616 896 672 ut
910 607 1160 690 pulchritudinem
1179 627 1268 670 casus
1287 609 1578 681 commendaremus,
1607 625 1720 666 rer-um

351 711 385 765 ut
406 701 504 782 ipsum
537 719 639 764 casum
672 708 885 762 everteramus.
931 700 1037 780 Itaque
1067 698 1144 778 quod
1168 698 1228 760 dixi
1257 717 1316 760 non
1345 717 1411 760 esse
1444 706 1581 770 certum,
1619 695 1718 756 etiarn

353 791 533 853 aeternitate
556 808 711 864 concessa,
735 795 769 851 ιιι
788 808 890 852 εοιιιιιι
913 807 988 870 quae
1003 787 1110 849 cadere
1134 796 1261 867 possunt
1284 788 1384 851 omnia
1405 788 1529 862 cadant,
1555 785 1589 847 id
1616 785 1718 846 multo

352 880 478 942 maxime
502 886 572 942 tunc
595 885 730 960 apparet,
755 897 821 940 cnm
838 877 921 940 hisce
946 877 1094 940 lusoribus
1117 876 1354 956 multiplicantur
1371 897 1426 941 sua
1447 874 1640 957 projectilia.
1682 873 1717 933 iu

351 967 476 1032 tesseris
499 967 620 1042 usitatis
644 987 702 1030 nou
727 976 775 1029 eat
797 967 912 1042 mirum,
936 966 1035 1032 omnia
1057 965 1227 1047 promiscue
1250 967 1358 1030 cadere
1382 965 1485 1030 brevi:
1510 964 1605 1034 binae
1632 962 1717 1023 enim

350 1078 417 1120 esse
442 1059 550 1132 solent,
575 1057 712 1138 singulae
735 1077 790 1120 sex
811 1056 958 1118 laterum:
983 1057 1084 1135 itaque
1107 1074 1229 1118 casuum
1253 1057 1364 1118 formae
1388 1075 1445 1119 non
1467 1055 1571 1136 plures
1599 1051 1717 1131 viginti

351 1157 383 1210 et
400 1167 468 1222 nna.
508 1145 582 1210 Cum
597 1165 668 1208 vero
683 1145 770 1226 plura
784 1145 992 1209 adsciscuntur
1010 1143 1190 1226 projectilia,
1209 1165 1332 1208 casuum
1350 1147 1462 1222 tonnae
1477 1145 1507 1206 in
1524 1143 1715 1206 immensum

351 1246 516 1318 angantur,
548 1236 699 1316 multoque
723 1236 851 1299 maxime
875 1234 905 1298 in
929 1229 1166 1298 consideratione
1190 1253 1287 1298 rerum
1315 1235 1513 1306 naturalium,
1539 1233 1570 1294 in
1599 1231 1715 1311 quibus

350 1327 419 1406 ipsa
442 1326 534 1388 etiam
556 1333 693 1405 tempora
717 1327 807 1406 (quae
822 1325 888 1406 quis
908 1325 1010 1405 cupiat
1033 1321 1212 1400 adsciscere,
1238 1333 1272 1387 ut
1285 1325 1328 1386 sit
1347 1325 1488 1405 spatium.
1513 1340 1572 1403 quc
1597 1319 1713 1384 cadere

351 1415 472 1496 possint
494 1415 623 1491 omnia),
644 1417 681 1476 se
704 1415 779 1495 ipsis
803 1422 915 1494 augent
937 1432 1089 1476 numerum
1115 1413 1326 1496 projectiliuru.
1371 1416 1422 1476 Ita
1448 1429 1606 1492 nunquam
1632 1409 1713 1470 satis

350 1512 453 1587 potest
480 1505 575 1585 accipi
606 1503 763 1584 temporis,
795 1512 828 1565 nt
850 1503 951 1566 omnia
981 1503 1112 1577 cadaut3
1144 1503 1243 1564 brevis
1267 1510 1316 1566 est
1343 1503 1439 1566 omnis
1471 1499 1648 1565 aeternitas
1674 1499 1712 1558 ad

352 1613 475 1657 casuum
501 1593 689 1676 possibilium
717 1593 954 1656 multitudinem:
989 1593 1076 1675 quia,
1106 1611 1163 1674 quo
1187 1591 1262 1655 haec
1285 1593 1420 1672 longior,
1448 1591 1505 1654 hcc
1529 1589 1573 1652 illi
1606 1589 1713 1668 plures

350 1683 473 1749 infinitis
497 1683 628 1760 vicibns;
652 1685 755 1753 florea
777 1703 856 1760 neap
878 1702 967 1744 aanor
990 1703 1080 1763 φερει.
1118 1681 1197 1743 Vide
1222 1682 1292 1763 quid
1315 1691 1418 1762 agant,
1442 1681 1492 1762 qui
1516 1697 1598 1760 qnae
1625 1677 1712 1738 ordi·

352 1780 421 1835 nate
450 1772 592 1835 eveniunt
621 1773 703 1834 casui
735 1773 886 1834 tribuunt:
917 1771 1022 1852 paucis
1054 1769 1208 1852 principiis
1238 1770 1311 1834 nihil
1344 1770 1492 1846 efficiunt,
1525 1767 1619 1830 utin
1643 1786 1711 1828 meo

351 1863 487 1943 exemplo
512 1862 551 1924 ad
575 1861 737 1924 acetarinm
756 1880 814 1923 oon
838 1861 950 1924 sufficit
971 1859 1075 1940 patina
1088 1869 1120 1922 ει
1134 1861 1268 1924 lactuca:
1293 1861 1438 1942 principia
1460 1859 1581 1935 verosi
1605 1855 1712 1919 multi-

351 1952 481 2032 plicent,
513 1951 704 2014 aeternitatis
736 1971 808 2012 suae
830 1949 892 2011 vim
914 1969 1030 2012 omnem
1054 1949 1170 2012 infinita
1198 1968 1321 2013 casuum
1348 1949 1558 2024 multitudine,
1589 1965 1713 2008 omnem

352 2040 562 2103 aeternitatem
586 2047 810 2120 praecurrente,
840 2039 973 2102 eludunt.
1019 2038 1155 2120 Denique
1180 2040 1205 2100 si
1229 2038 1405 2114 camsilis,
1430 2039 1516 2119 cujus
1540 2035 1571 2098 vi
1597 2044 1712 2117 putant

352 2129 430 2192 effici
452 2129 652 2209 pulcherrima
675 2139 706 2191 ει
720 2119 944 2192 ordinatissima
967 2147 1109 2210 quaeque,
1135 2128 1179 2190 sic
1194 2137 1243 2190 est
1261 2135 1452 2209 comparatus
1470 2135 1505 2190 ιιι
1517 2134 1712 2190 tesserarum

348 2220 467 2300 jactus:
491 2218 649 2300 improvidi
664 2225 743 2294 sunt,
769 2217 817 2298 qui
832 2217 887 2280 hos
901 2219 990 2298 plane
1015 2217 1166 2292 fortuitos,
1191 2218 1246 2281 hcc
1261 2227 1310 2282 est
1327 2217 1473 2290 drcrrmna
1491 2235 1562 2278 esse
1576 2225 1710 2296 putant:

354 2303 400 2370 si'n
421 2314 520 2370 autern
541 2327 627 2371 snum
647 2326 749 2369 casum
768 2307 848 2370 omni
871 2313 963 2369 causa
982 2307 1112 2387 privant,
1136 2309 1266 2372 nondum
1285 2309 1349 2390 eJus
1370 2307 1538 2387 exemplum
1563 2305 1711 2368 dixerunt

353 2397 384 2459 in
408 2396 542 2460 tesseris.
589 2395 690 2470 Quare
714 2397 770 2459 hoc
789 2395 875 2476 jactu
894 2395 999 2458 Venus
1022 2396 1141 2466 cecidit,
1165 2396 1215 2460 illo
1240 2397 1347 2460 canis?
1370 2397 1516 2460 Nimimm
1540 2395 1633 2458 lusor
1656 2394 1710 2454 har

353 2486 418 2554 vice
442 2487 596 2548 tessellam
616 2486 675 2548 alio
690 2486 785 2548 latera
808 2485 942 2566 arripuit,
968 2485 1056 2548 aliter
1075 2505 1163 2550 manu
1187 2487 1328 2562 condidit,
1354 2486 1537 2558 aliteriptus
1563 2484 1709 2564 agitavit,

353 2576 412 2639 alio
435 2575 548 2658 impetu
572 2574 661 2638 animi
684 2593 826 2638 manusve
849 2574 995 2655 projecit,
1026 2575 1114 2638 aliter
1136 2576 1302 2639 interflavit
1329 2596 1420 2648 aura,
1448 2573 1508 2638 alio
1532 2575 1604 2636 loco
1632 2573 1710 2634 alvei

351 2665 488 2746 impegit.
524 2664 609 2742 Nihil
631 2665 680 2728 hio
695 2673 752 2740 est,
777 2665 855 2745 quod
879 2683 934 2726 sua
956 2683 1049 2727 cansa
1071 2665 1209 2741 caruerit,
1235 2666 1342 2749 siquis
1365 2665 1427 2728 ista
1449 2663 1574 2727 subtilia
1599 2669 1711 2744 posset

352 2754 531 2818 consectari.
569 2754 746 2831 Hocmodo
770 2753 795 2815 si
815 2753 905 2816 etiam
928 2753 1035 2816 stellae
1058 2762 1180 2818 nostrae
1203 2773 1274 2818 suas
1297 2757 1329 2819 in
1347 2763 1455 2818 natura
1472 2773 1592 2816 causas
1613 2751 1708 2814 relin-

352 2851 454 2926 quant,
478 2863 530 2906 cur
552 2843 609 2906 hoc
632 2851 777 2923 tempore,
799 2844 856 2905 hoc
878 2842 944 2905 loco
968 2843 1128 2920 effulserit,
1157 2843 1229 2907 licet
1256 2851 1416 2926 separatas
1438 2843 1476 2907 ab
1500 2844 1570 2924 ipso
1594 2842 1706 2923 planc-

351 2943 661 3012 tarum-congressu:
692 2934 758 3014 jam
794 2932 885 3012 igitur
922 2933 1148 3014 transfugerunt
1180 2934 1217 2996 ab
1246 2934 1376 3015 Epicuro
1410 2934 1449 2996 ad
1479 2933 1705 2996 Aristotelem:

352 3023 454 3104 itaque
479 3021 568 3086 aliter
591 3022 684 3084 etiarn
707 3041 773 3084 cnm
796 3022 847 3085 illo
871 3022 1022 3084 tractandi
1045 3031 1123 3086 sunt.

440 3112 595 3174 Hactenus
619 3111 695 3174 enirn
725 3110 855 3175 refutavi
878 3112 987 3174 tertiae
1015 3111 1161 3193 opinionis
1185 3131 1250 3174 eam
1273 3121 1407 3193 partem,
1436 3132 1511 3194 qnae
1535 3131 1649 3176 casnm
1672 3134 1705 3176 ex

352 3199 476 3281 Epicuri
498 3199 651 3263 sententia
674 3201 844 3264 deliniebat.
877 3200 971 3272 ,Quod
986 3219 1055 3263 vero
1075 3202 1203 3264 alteram
1221 3211 1338 3284 partem
1359 3202 1478 3276 attinet,
1505 3221 1584 3284 qnae
1603 3223 1704 3266 amum

353 3309 411 3352 non
445 3310 464 3351 a
494 3288 613 3352 defectu
645 3291 773 3353 omnium
805 3309 979 3366 causarum,
1018 3291 1072 3352 sed
1104 3312 1123 3352 a
1152 3311 1295 3356 concursu
1329 3300 1487 3354 eventuum
1521 3293 1703 3374 descripsit:

355 3375 492 3460 equidem
514 3377 590 3440 talia
612 3379 813 3460 superioribus
836 3379 951 3463 aliquot
973 3379 1122 3461 capitibus
1146 3381 1302 3461 disputata
1324 3389 1410 3444 suut:
1442 3390 1476 3444 ut
1496 3381 1611 3463 posito.
1630 3385 1704 3464 qued

354 3468 446 3531 stella
468 3466 510 3530 sit
531 3475 657 3530 naturae
681 3486 770 3549 opus,
801 3468 846 3530 illi
869 3469 1037 3531 sententiae
1061 3469 1117 3532 hoc
1141 3471 1232 3532 etiarn
1254 3471 1285 3532 in
1308 3471 1444 3552 exemplo
1476 3471 1704 3553 subscripturus

310 3563 312 3570 '
354 3556 459 3620 fuerim
482 3556 546 3620 sine
570 3557 757 3638 exceptione,
781 3557 807 3618 si
830 3557 912 3620 sidus
936 3558 992 3621 hoc
1015 3578 1123 3622 novum
1146 3561 1242 3622 solum
1264 3566 1382 3640 tempus
1403 3577 1530 3642 magnae
1556 3563 1703 3642 conjunc-

331 3645 445 3731 ¹tionis
468 3655 656 3734 occupasset.
695 3648 741 3710 At
762 3646 833 3726 quia
855 3646 942 3709 simul
966 3655 998 3709 et
1020 3649 1118 3710 locum
1141 3649 1298 3730 occupavit
1321 3651 1420 3732 quoad
1442 3649 1548 3726 visum,
1575 3653 1704 3714 eandem

354 3737 383 3800 in
407 3755 553 3819 suspenso
576 3735 742 3817 relinquere
766 3754 865 3816 cogor,
889 3745 986 3800 utrum
1010 3745 1118 3800 natura
1140 3737 1209 3818 ipsa
1230 3739 1306 3802 coeli
1330 3739 1433 3803 extimi
1455 3740 1501 3802 ita
1523 3750 1704 3822 comparata
1730 3759 1739 3798 ι

355 3826 453 3902 luerit,
477 3835 512 3889 nt
534 3826 590 3888 hoc
612 3825 804 3907 potissimum
826 3833 959 3906 tempore
983 3834 1015 3887 et
1037 3827 1101 3890 loco
1126 3828 1246 3890 stellam
1269 3849 1382 3892 novam·
1399 3829 1521 3892 ederet:
1550 3849 1590 3892 sn
1617 3831 1704 3892 simul

355 3915 445 3978 etiam
466 3917 533 3978 cnm
554 3915 806 3996 conjecturalibus
821 3914 891 3991 illis,
916 3914 1021 3997 quibus
1040 3917 1173 3979 secunda
1190 3918 1292 3999 placet
1310 3919 1471 3994 sententia,
1496 3937 1591 3982 cansa
1610 3939 1703 4000 prae-

354 4014 440 4070 terea
469 4015 552 4068 certa
583 4005 676 4086 ipsius
705 4007 795 4068 etiam
825 4024 985 4068 concursus
1015 4006 1057 4068 sit
1083 4005 1303 4088 investiganda.
1351 4009 1454 4072 Tertia
1476 4028 1607 4090 namque
1632 4029 1702 4072 sen-

354 4095 453 4156 tentia
475 4094 609 4174 singulas
633 4113 681 4157 res
709 4094 834 4160 seorsim
858 4114 896 4156 cx
917 4094 980 4157 suis
1004 4095 1128 4158 deduxit
1151 4098 1265 4170 causis,
1294 4113 1488 4178 congressum
1509 4099 1702 4179 planetarum

356 4203 394 4246 ex
416 4183 614 4259 astronomia,
646 4191 742 4246 ortum
765 4183 872 4246 sideris
895 4202 933 4245 ex
949 4185 1089 4266 ‘physica
1137 4184 1278 4249 Secunda
1300 4206 1370 4248 vcro
1404 4206 1580 4252 concursum
1605 4189 1702 4269 ipsum

356 4292 454 4336 rerum
475 4272 580 4336 harum
604 4271 787 4339 diversarum
810 4273 839 4334 in
864 4274 928 4336 loco
953 4283 1139 4355 attempero
1163 4275 1328 4338 vindicavit
1356 4295 1453 4340 novae
1476 4277 1568 4340 alicui
1592 4297 1702 4340 causae

356 4361 561 4446 procuratrici.
606 4361 648 4423 Et
671 4363 742 4442 quia
763 4363 854 4425 tertia
876 4363 974 4443 opinio
999 4363 1098 4426 deficit
1120 4363 1151 4426 in
1174 4385 1266 4428 causa
1288 4365 1466 4445 invenienda
1488 4366 1626 4448 speciali,
1652 4387 1702 4430 cur

356 4455 386 4516 in
409 4452 465 4515 hnc
488 4451 553 4513 loco
580 4447 638 4514 ’18ο
659 4456 703 4525 ᾧ,
732 4469 784 4514 cur
806 4451 879 4516 item
902 4453 958 4515 hoc
981 4461 1128 4534 ternpore,
1162 4455 1225 4518 scii.
1250 4475 1327 4518 anno
1354 4451 1447 4520 1604
1485 4455 1534 4520 10.
1558 4455 1701 4520 Octobris

357 4542 485 4604 oriretur
506 4557 613 4602 novum
637 4539 738 4602 sidus:
764 4540 822 4604 etsi
846 4542 946 4604 forsan
971 4542 1072 4622 aliqua
1094 4563 1161 4605 esse
1184 4552 1295 4626 potest,
1321 4553 1422 4608 tamen
1445 4545 1516 4627 quia
1538 4547 1628 4609 nobis
1651 4548 1702 4609 illa

358 4632 485 4702 occulta,
508 4630 606 4709 magis
624 4627 715 4710 igitur
733 4629 841 4692 inclino
860 4631 900 4692 ad
919 4631 1086 4710 opinionem
1109 4635 1278 4709 secundam,
1303 4643 1337 4696 ut
1351 4635 1458 4712 dicam,
1483 4635 1699 4716 inquirendum,

360 4737 417 4798 qna
439 4719 554 4782 ratione
582 4718 706 4794 iactum,
740 4726 773 4782 nt
795 4738 972 4800 confflessns
995 4719 1053 4783 iste
1083 4723 1288 4803 planetarum,
1321 4718 1370 4806 qui
1400 4725 1499 4788 iactus
1523 4726 1700 4790 estendam

360 4805 425 4872 loco
449 4815 480 4872 et
502 4815 650 4886 tempore,
680 4826 744 4870 curn
767 4827 819 4888 per
846 4808 990 4872 usitatam
1013 4818 1139 4875 naturae
1166 4813 1246 4875 viam
1270 4814 1319 4888 (ut
1340 4814 1370 4878 in
1393 4815 1506 4895 primae
1532 4817 1699 4882 sententiae
