3672 5528
306 253 372 324 184
777 254 968 318 Paralipomeua
985 255 1010 304 in
1029 251 1195 304 vitellianum.

389 430 517 506 Quinto,
548 452 585 494 an
610 432 778 498 ascendant
809 430 955 510 imagines
979 431 1007 492 in
1030 430 1224 509 proportione
1259 431 1375 492 sinuum
1407 430 1658 493 inclinationum?

299 519 433 584 Minime.
480 520 559 583 Nam
583 521 687 581 eadem
710 519 789 581 ratio
813 527 898 580 esset
921 538 1065 580 ascensus
1087 521 1118 580 iu
1142 519 1278 580 omnibns
1302 519 1421 579 mediis.

388 610 439 671 An
469 625 539 687 ergo
574 615 660 670 sexto
692 607 820 686 primurn
843 617 875 670 et
897 608 926 669 in
961 608 1200 688 perpendiculari
1233 607 1401 668 r·adiati0ne
1435 607 1606 668 exaltentur
1629 607 1658 666 in

300 697 492 776 proportione
517 695 690 768 mediorum,
714 695 783 756 inde
799 697 896 776 magis
912 697 1067 776 magisque
1092 695 1258 757 ascendant
1273 697 1301 758 in
1325 695 1517 774 proportione
1542 695 1659 757 sinuum

301 782 550 848 inclinationum?
573 783 696 844 Etenim
715 783 758 846 sic
772 785 926 864 proportio
943 803 1119 846 ascensuum
1134 793 1362 862 componeretur
1375 784 1518 864 fieretque
1538 783 1660 844 diversa

300 893 355 953 per
377 871 477 935 media
500 871 630 955 diversa.
666 871 770 934 'Nihil
818 874 896 935 Nam
926 873 1059 934 calculus
1084 873 1122 934 ab
1151 872 1338 952 experientia
1366 872 1570 950 discrepabat.
1617 871 1659 932 Et

299 963 330 1023 in
362 979 472 1040 genere
506 960 617 1021 frustra
648 961 831 1022 consulimus
863 961 1022 1040 imaginem
1046 968 1100 1022 aut
1132 961 1229 1021 ltcum
1261 960 1416 1038 imaginis,
1451 969 1575 1040 propter
1603 959 1659 1022 hoc

299 1051 410 1129 ipsum,
435 1048 514 1128 quod
538 1048 637 1129 imago
661 1055 719 1108 est.
766 1049 851 1111 Nihil
874 1049 951 1111 enirn
983 1049 1095 1110 attinet
1118 1048 1208 1110 medii
1238 1047 1434 1124 densitatem,
1465 1048 1538 1109 nihil
1562 1048 1659 1126 ipsum

300 1137 381 1199 reale
405 1137 480 1198 lucis
504 1141 605 1208 undae
630 1156 683 1198 seu
707 1135 883 1208 drusiacus,
914 1137 983 1217 quid
1007 1137 1084 1200 visui
1108 1137 1241 1212 accidat,
1267 1137 1413 1216 ancujus
1437 1156 1535 1198 errore
1559 1137 1659 1216 imago

300 1227 439 1288 resultat.

424 1363 454 1428 3.
485 1345 734 1444 Praeparatio
758 1366 802 1425 ad
827 1365 1087 1426 dimensionem
1111 1384 1230 1427 vernrn
1256 1364 1533 1427 refractionum.

389 1489 546 1550 Hactenus
570 1507 642 1574 ergo
667 1489 729 1550 iere
753 1507 874 1551 caecam
899 1488 1064 1568 inquirendi
1090 1489 1236 1550 rationem
1261 1489 1356 1550 secuti
1380 1508 1481 1551 sumus
1505 1497 1538 1550 et
1561 1490 1658 1551 lurtu-
1696 1489 1698 1494 ’

300 1597 371 1638 narn
395 1578 612 1640 invocavimus.
659 1577 729 1638 Jaru
752 1577 780 1638 io
805 1585 959 1656 posternrn
983 1576 1109 1638 alterurn
1143 1577 1352 1656 reperiebamus
1381 1578 1511 1652 oculum,
1545 1586 1659 1639 certam

209 1687 213 1695 ·
301 1666 481 1728 insistentes
504 1665 687 1727 methodum.

387 1753 510 1816 Etenim
533 1773 598 1815 cum
623 1753 853 1836 perpenderem,
883 1754 1047 1832 imaginem
1070 1753 1112 1814 rei
1137 1753 1191 1814 sub
1220 1773 1298 1833 aqua
1320 1753 1405 1816 visae
1435 1755 1510 1815 adeo
1532 1753 1658 1832 propin-

209 1883 213 1896 ·
300 1861 392 1922 quam
415 1862 483 1904 esse
508 1843 684 1904 dimensioni
709 1842 860 1921 legitimae
884 1841 1107 1913 refractionurn,
1133 1849 1165 1902 ut
1188 1859 1264 1919 pene
1287 1843 1485 1904 retractiones
1507 1842 1658 1914 metiatur,

303 1930 423 1993 humilis
452 1931 506 2005 sit,
539 1931 564 1992 si
593 1950 641 1992 res
670 1951 690 1992 a
717 1929 928 2011 perpendiculo
959 1930 1146 2009 inspiciatur,
1177 1929 1322 2008 paulatim
1350 1931 1404 1992 liat
1435 1931 1538 2003 altior,
1574 1929 1659 1992 oculo

301 2037 409 2081 versus
433 2018 617 2082 horizontem
637 2037 732 2099 aquae
756 2019 987 2098 procumbente:
1013 2039 1050 2080 ex
1071 2019 1168 2080 altera
1192 2037 1262 2080 vero
1281 2026 1368 2098 parte
1387 2019 1464 2080 ratio
1484 2020 1549 2097 jam
1572 2018 1660 2080 urodo

301 2107 382 2168 dicta
406 2115 547 2186 negaret,
583 2108 611 2167 iu
635 2107 766 2187 imagine
799 2107 1001 2187 quaerendam
1030 2127 1098 2168 esse
1127 2107 1360 2187 dimensionem,
1393 2115 1556 2188 propterea
1583 2106 1660 2186 quod

300 2195 399 2274 imago
423 2195 537 2256 existat
560 2213 616 2256 non
640 2197 729 2274 plane
755 2215 792 2257 ex
810 2198 853 2257 rei
877 2203 993 2270 natura,
1021 2196 1074 2256 sed
1098 2195 1186 2256 sirnul
1205 2215 1243 2256 ex
1266 2196 1442 2275 deceptione
1465 2196 1558 2268 visus,
1584 2214 1660 2276 quae

301 2283 440 2344 accidens
469 2291 517 2344 est
544 2283 586 2344 rei
616 2284 730 2362 ipsius:
759 2284 926 2346 arrharum
954 2284 1075 2364 inquam
1103 2284 1297 2362 pugnantium
1325 2284 1475 2346 rationum
1499 2284 1659 2345 collatione

302 2370 425 2432 taudem
448 2370 542 2432 subiit
565 2371 704 2446 animum,
730 2391 839 2434 causas
859 2372 942 2451 ipsas
961 2371 1102 2451 imaginis
1116 2373 1146 2433 in
1166 2391 1245 2452 aqua
1269 2373 1451 2434 constitutae
1475 2372 1660 2452 investigare

301 2466 332 2519 et
353 2459 384 2519 in
413 2458 459 2520 his
493 2460 593 2521 causis
626 2461 842 2523 dimensionem
874 2461 1095 2522 refractionum.
1143 2458 1252 2540 Opinio
1285 2462 1480 2523 haec'tauto
1508 2462 1606 2540 magis
1629 2460 1660 2522 in

300 2565 348 2607 me
377 2547 433 2608 tuit
460 2548 649 2622 confirmata,
684 2550 762 2630 quod
787 2549 942 2623 viderem,
978 2569 1098 2611 causam
1130 2548 1270 2626 imaginis
1301 2557 1332 2610 et
1360 2549 1388 2611 iu
1419 2541 1549 2628 speculis
1574 2549 1659 2611 etin

300 2635 387 2712 aquis
421 2637 595 2715 apparentis
620 2636 658 2698 ab
692 2637 801 2716 opticis
825 2655 883 2698 non
917 2657 983 2698 esse
1018 2637 1151 2717 legitime
1184 2632 1374 2700 indicatam.
1404 2638 1446 2700 Et
1474 2638 1543 2699 hinc
1575 2637 1659 2718 origo

301 2723 413 2785 laboris
437 2724 527 2799 illius,
561 2743 649 2804 quem
673 2744 764 2806 snpra
788 2726 936 2806 cap.'IIl.
967 2727 1163 2805 suscepimus.
1210 2726 1315 2806 Neque
1346 2745 1419 2788 sane
1452 2727 1610 2789 mediocris
1633 2725 1660 2786 is

301 2820 375 2884 urat,
400 2813 469 2874 dum
493 2813 572 2874 inter
594 2814 743 2893 principia
766 2815 795 2876 in
819 2835 851 2876 re
877 2823 939 2876 tarn
967 2815 1111 2894 perplexa
1134 2833 1187 2894 pro
1212 2815 1298 2876 falsis
1327 2815 1492 2895 optinorum
1516 2814 1659 2876 traditio-

267 2915 270 2924 ’
300 2900 387 2963 nibus
417 2902 493 2963 alias
523 2901 619 2962 falsas
653 2903 809 2982 opiniones
837 2922 965 2983 sequor:
998 2903 1067 2964 dum
1095 2911 1143 2964 ter
1173 2912 1280 2982 qnater
1313 2904 1405 2966 aliam
1433 2903 1540 2965 insisto
1570 2903 1658 2976 viam,

300 2995 396 3050 totum
424 2989 576 3067 negotium
605 2991 641 3051 de
670 3009 747 3053 novo
777 2999 901 3071 repeto:
934 2992 1101 3072 totiesque,
1126 2999 1160 3052 ut
1186 2992 1235 3064 fit,
1260 2991 1289 3053 id
1319 2991 1430 3072 ipsum,
1466 2993 1542 3072 quod
1573 3001 1658 3054 tanto

303 3076 409 3136 ardore
430 3077 639 3156 quaerebatur,
665 3081 825 3141 temeraria
843 3081 1038 3160 persuasione
1056 3098 1110 3159 pro
1121 3080 1186 3158 jam
1202 3080 1324 3142 invento
1344 3081 1441 3142 animo
1467 3080 1659 3160 complector.

388 3163 431 3225 Et
453 3164 530 3226 hunc
555 3167 673 3245 quidem
702 3169 886 3248 catoptrices
919 3170 1029 3231 nodum
1052 3167 1167 3230 Gordiu
1202 3169 1400 3232 difficiliorem
1429 3170 1495 3231 sola
1518 3169 1660 3248 analogia

299 3251 421 3312 taudem
446 3253 545 3327 secui,
578 3255 617 3315 ad
641 3275 706 3315 enm
730 3258 850 3318 modum
874 3276 960 3338 quem
985 3276 1077 3336 supra
1100 3256 1261 3335 descripsi:
1292 3257 1360 3320 dum
1383 3259 1550 3338 perpendo,
1582 3277 1658 3336 quae

288 3339 328 3433 ‘in
352 3340 483 3417 speculis
507 3341 716 3420 contingerent
730 3352 762 3404 et
781 3364 857 3425 qnae
876 3346 906 3407 in
925 3343 1016 3425 ¹aquis
1031 3346 1070 3407 ad
1095 3345 1212 3408 illorum
1236 3345 1459 3409 similitudinem
1484 3347 1658 3425 contingere

299 3436 534 3489 consentaneum
566 3438 658 3492 esset.
712 3431 835 3494 Etenim
862 3433 892 3495 in
921 3433 1051 3514 speculis
1084 3434 1230 3513 imagines
1259 3443 1347 3496 extra
1375 3436 1472 3497 lucum
1501 3435 1543 3496 rei
1576 3435 1658 3496 usae

299 3515 430 3577 collocat
453 3535 512 3578 uon
536 3519 664 3580 materia
687 3521 762 3595 ulla,
793 3522 847 3583 sed
871 3523 937 3583 sula
965 3522 1151 3602 repercussio
1176 3543 1195 3583 a
1218 3522 1315 3601 polita
1342 3523 1507 3602 superficie.
1556 3521 1657 3593 Quare
1733 3559 1734 3563 =

289 3603 481 3684 sequebatur
504 3613 535 3666 et
557 3605 587 3666 in
613 3607 707 3686 aquis,
733 3609 878 3689 imagines
899 3612 1066 3694 vascendere
1091 3621 1122 3672 et
1145 3611 1311 3690 superficiei
1336 3613 1576 3691 appropinquare
1601 3630 1658 3672 non

299 3692 337 3754 ad
361 3692 445 3771 leges
470 3693 632 3755 densitatis
655 3696 685 3757 in
711 3717 789 3778 aqua
812 3699 934 3778 majoris
957 3700 1006 3761 vel
1029 3699 1165 3772 rniooris,
1190 3707 1279 3778 prout
1307 3701 1416 3762 rectior
1440 3702 1487 3762 vel
1512 3700 1658 3780 obliquior
1694 3727 1699 3734 ·

299 3787 383 3842 esset
412 3781 552 3853 intuitus,
587 3783 641 3845 sed
673 3794 797 3865 propter
830 3789 925 3875 solarp
959 3788 1172 3850 refractionem
1205 3789 1321 3850 luculae
1351 3809 1388 3849 ex
1416 3809 1446 3850 re
1475 3789 1506 3851 in
1540 3789 1658 3850 oculum

299 3869 446 3948 allapsae.
485 3868 551 3940 Quo
576 3871 620 3932 sic
644 3874 753 3950 posito,
779 3875 918 3955 quicquid
943 3895 1035 3955 supra
1051 3894 1105 3956 per
1123 3875 1283 3956 imaginem
1309 3878 1434 3956 ejusque
1458 3877 1657 3940 elevationem

297 3956 327 4017 iu
359 3957 544 4020 dimensione
579 3959 791 4024 refractionurn
829 3972 1033 4039 tentaveram,
1069 3965 1157 4044 plane
1196 3965 1384 4028 concidebat.
1440 3967 1534 4045 idque
1571 3974 1656 4027 tanto

298 4045 409 4125 inagis,
433 4056 593 4127 postquam
617 4067 739 4111 cansam
762 4052 921 4130 genuinam
945 4053 1061 4126 inveni,
1093 4073 1145 4116 cur
1172 4062 1254 4114 esset
1283 4055 1382 4133 imago
1407 4054 1435 4116 in
1461 4054 1566 4116 eadem
1591 4073 1655 4116 curn

298 4153 330 4196 rc
353 4133 422 4213 ipsa
444 4136 683 4215 perpendiculari
709 4147 770 4200 tam
794 4141 823 4200 in
849 4141 980 4221 speculis
1005 4135 1098 4221 quam'
1117 4143 1146 4203 in
1170 4142 1277 4203 mediis
1302 4143 1502 4205 densioribus.

388 4220 463 4284 Ourn
479 4241 550 4301 ergo
570 4242 623 4302 per
646 4228 817 4306 analogiam
841 4229 1009 4309 hujusmodi
1033 4228 1162 4292 feliciter
1186 4230 1332 4293 cessisset
1345 4231 1374 4292 in
1399 4231 1655 4293 demonstratione

299 4308 474 4371 difficillima
513 4311 550 4371 de
581 4311 646 4373 loco
680 4315 838 4392 imaginis:
882 4317 966 4396 coepi
1000 4317 1077 4378 hanc
1111 4318 1298 4398 analogiam,
1332 4319 1452 4382 illectus
1488 4319 1655 4398 cupiditate

299 4396 473 4460 dimetiendi
498 4399 704 4477 retractiones,
730 4403 855 4466 ulterius
878 4406 1028 4485 persequi.
1076 4404 1229 4485 Optabam
1255 4407 1333 4470 enim
1358 4415 1460 4469 tenere
1485 4426 1654 4469 mensuram

299 4485 527 4560 refractionnm,
562 4490 751 4566 quantumvis
784 4510 922 4567 caecam,
957 4493 1114 4555 dummodo
1145 4495 1295 4576 aliquam:
1327 4504 1413 4558 certa
1436 4514 1506 4575 spe,
1533 4499 1595 4558 lore
1623 4502 1656 4557 ut

299 4589 438 4634 mensura
462 4573 593 4653 legitime
617 4578 740 4655 cognita
763 4599 856 4640 causa
880 4599 995 4660 quoque
1019 4590 1201 4660 patesceret.
1249 4581 1302 4645 Sic
1326 4603 1398 4664 ergo
1420 4585 1550 4664 perrexi.

388 4659 646 4730 Quemadmodum
668 4666 698 4728 in
731 4667 861 4746 speculis
894 4669 1036 4731 convexis
1065 4671 1161 4748 minor
1183 4671 1217 4732 fit
1239 4673 1284 4733 rei
1307 4673 1416 4752 imago,
1442 4674 1485 4734 sic
1510 4673 1601 4735 etiarn
1625 4671 1672 4732 in⁴

300 4745 405 4810 mediis
436 4748 619 4815 rarioribus:
652 4760 684 4814 et
710 4755 796 4816 utin
825 4757 955 4835 speculis
989 4757 1129 4818 concavis
1161 4758 1259 4839 imago
1289 4761 1323 4822 fit
1351 4762 1462 4842 major,
1497 4761 1541 4822 sic
1570 4769 1603 4824 et
1625 4760 1654 4822 iu
