3476 5532
328 279 394 350 764
843 289 1149 344 nmuemecnnmea

323 461 410 536 Quae
434 485 527 530 cauea
549 467 684 532 sufficere
707 467 806 549 possit
829 467 1068 550 diligentissimis
1097 463 1274 542 artificibus,
1297 481 1351 527 cur
1380 461 1496 526 tertioe
1518 461 1648 544 maguitu-

323 554 401 616 dinis
424 555 561 630 stellam,
585 565 647 620 tam
670 558 798 620 vicinam
821 557 866 620 illi
889 579 964 642 qnae
988 567 1037 621 est
1059 558 1089 620 iu
1115 563 1257 637 pectore,
1290 551 1472 618 omiserint?
1510 549 1587 624 Quia
1606 573 1649 616 uon

324 651 449 725 quartae
472 651 603 720 tautum,
628 647 682 709 sed
707 647 828 728 quintae
852 649 945 710 etiam
968 655 1000 712 et
1022 653 1127 712 sextae
1154 642 1385 724 magnitudinis,
1413 641 1552 723 adeoque
1573 641 1650 704 nebu-

322 733 404 796 losas
428 752 552 815 quoque,
577 735 603 796 si
617 736 655 800 ud
675 735 814 817 imaginis
838 737 1019 816 lineamenta
1041 734 1228 816 designanda
1250 741 1354 796 esseut
1377 730 1482 807 utiles,
1508 739 1541 793 nt
1560 730 1588 794 iu
1608 731 1651 794 hoc

321 822 387 904 ipso
411 819 513 886 Oloris
536 824 621 901 collo,
647 845 704 888 non
728 835 909 891 censuerunt
931 827 1122 890 omittendas.
1159 823 1238 888 Num
1261 823 1399 886 sufficere
1421 821 1502 901 ipsis
1525 819 1587 882 uisa
1605 841 1652 882 uua

322 913 360 974 sd
382 920 487 993 pectus
511 913 751 994 designandum?
773 915 906 982 Minime.
944 917 1023 980 Nam
1045 914 1181 978 sufficere
1205 920 1237 976 et
1253 933 1312 976 una
1335 909 1528 992 paternitati
1546 910 1652 972 caudam

321 999 499 1082 Capricorni
513 1001 747 1084 designaudeiu;
766 1006 820 1067 sed
837 1007 911 1078 duras
926 1013 1043 1081 notant,
1063 1005 1287 1079 cinnamonum,
1307 1002 1436 1065 alteram
1457 999 1651 1062 obscuriorem

320 1091 355 1154 In
379 1090 477 1153 cauda
498 1091 595 1154 Piscis
619 1093 762 1169 austrini,
785 1094 816 1156 iu
840 1095 962 1159 humero
986 1093 1160 1175 Sagittarii,
1185 1093 1215 1155 iu
1237 1111 1330 1154 cornu
1357 1109 1415 1154 uuo
1440 1086 1561 1152 Arietis
1581 1088 1651 1150 binas

322 1187 444 1262 ponnm
481 1179 618 1265 Denique
641 1183 775 1263 singulas
799 1184 935 1248 solitarie
953 1183 1030 1246 sitas
1054 1181 1189 1265 quamvis
1211 1181 1288 1244 setis
1307 1199 1398 1261 saepe
1418 1197 1551 1258 maguae
1572 1177 1651 1239 inter·

321 1269 390 1332 dum
413 1269 553 1346 omisere,
578 1271 604 1334 si
627 1272 714 1352 longe
739 1282 825 1336 extra
847 1275 990 1338 terminos
1018 1273 1181 1352 imaginum
1207 1269 1425 1334 occurrissent:
1457 1287 1498 1330 ex
1522 1265 1596 1329 binis
1614 1265 1650 1328 vcl

321 1357 410 1421 trinis
433 1359 609 1439 conjunctis,
629 1371 753 1443 propter
767 1357 851 1426 risus
869 1360 1006 1442 lupaces,
1025 1362 1103 1426 hand
1117 1361 1179 1424 ocio
1199 1379 1236 1423 sn
1250 1359 1386 1422 invenias
1400 1357 1521 1420 alteras
1535 1355 1650 1419 ommes

322 1449 429 1526 ltaque
453 1448 490 1510 ob
508 1450 569 1512 'hoc
592 1449 708 1531 ipsum,
738 1451 809 1532 qnia
831 1451 1002 1532 geminatae
1025 1453 1176 1526 visuntur,
1200 1449 1227 1512 ci
1250 1457 1377 1530 utreque
1400 1446 1476 1512 olim
1501 1443 1649 1519 fuissetis

322 1555 475 1600 numerum
498 1538 613 1600 relatae
636 1540 742 1603 ambae
765 1541 902 1604 inissent.

343 1689 346 1698 ,
406 1625 465 1689 Hic
487 1626 666 1691 Maestlinue
689 1629 827 1711 producit
849 1629 1013 1705 stellulum,
1039 1647 1114 1712 quae
1137 1646 1227 1709 super
1249 1623 1378 1690 mediam
1401 1623 1497 1686 trium
1520 1621 1550 1684 in
1572 1621 1650 1682 cauda

319 1713 417 1779 Ursae
441 1715 563 1796 majoris
586 1716 704 1791 visitur,
727 1719 928 1800 equitatorum
951 1737 1005 1782 seu
1028 1717 1162 1798 aurigam
1187 1717 1290 1779 dicunt
1313 1713 1485 1794 agricolae,
1512 1711 1594 1792 quasi
1612 1710 1649 1791 qni

320 1821 410 1885 snper
424 1805 521 1866 medio
541 1824 616 1887 equo
640 1807 764 1870 sedeat:
790 1827 865 1888 quae
886 1808 944 1870 etsi
964 1825 1023 1871 nou
1042 1807 1279 1872 contemnendae
1302 1801 1532 1883 magnitudinis,
1557 1800 1649 1884 punisse

320 1901 420 1956 temen
446 1901 494 1955 est
513 1915 531 1955 a
549 1893 722 1959 Ptolemaeo
741 1905 773 1960 et
786 1898 970 1978 Hipparcho.
1006 1895 1198 1978 Respondes,
1222 1907 1344 1959 caueam
1368 1911 1436 1956 esse
1461 1890 1647 1962 manifestam,

320 1981 440 2072 nimiam
463 1983 579 2046 scilicet
601 1985 853 2068 propinquitatem
877 1986 986 2070 equitis
1010 1986 1097 2068 hujus
1117 1993 1180 2047 tam
1203 1983 1289 2066 parvi
1308 1982 1447 2045 edanum
1473 1997 1580 2062 equum
1600 1984 1647 2040 an

320 2089 460 2150 maguum
483 2079 515 2133 et
528 2073 670 2136 clerum:
695 2093 751 2157 quo
770 2075 804 2138 lit
826 2083 934 2139 utnon
955 2076 1036 2138 cerni
1059 2073 1156 2156 possit
1170 2073 1228 2137 nisi
1243 2071 1346 2152 abiis,
1371 2070 1420 2150 qui
1444 2065 1647 2134 correctissimo

320 2168 391 2224 suut
412 2159 488 2222 visu.
534 2159 669 2244 Suntque
692 2163 781 2244 hujus
814 2165 985 2228 omissionis
1014 2159 1156 2244 exempla
1183 2163 1278 2226 etiam
1301 2160 1370 2222 alia.
1418 2160 1464 2222 At
1488 2159 1563 2222 nibil
1589 2156 1647 2216 haec

320 2267 413 2312 cansa
435 2249 473 2310 ad
497 2247 574 2313 hauc
597 2252 729 2329 Novam,
754 2271 829 2333 quae
854 2254 914 2316 etsi
935 2253 1033 2316 nicius
1056 2261 1105 2316 est
1127 2251 1235 2316 stellae
1258 2249 1407 2332 pectoris,
1431 2249 1478 2312 sic
1503 2243 1646 2312 tamenab

320 2357 359 2399 ea
385 2337 496 2413 distat,
527 2345 562 2400 nt
588 2339 671 2403 viem
702 2341 791 2421 plane
824 2342 898 2405 nibil
930 2342 1138 2406 confundetur.
1184 2342 1228 2404 Ut
1251 2349 1385 2411 taceam,
1417 2339 1500 2420 quod
1534 2333 1646 2414 aequalis

320 2427 530 2508 propemodum
552 2427 594 2492 eit
615 2431 846 2510 magnitudinis,
870 2432 972 2513 itaque
995 2440 1121 2512 utraque
1145 2449 1237 2512 aeque
1261 2428 1400 2510 expedite
1423 2433 1577 2490 cocuntur.

407 2514 468 2579 Sed
492 2518 591 2579 forsan
624 2519 696 2596 illa,
728 2539 816 2600 quarn
839 2521 956 2584 Novam
980 2521 1120 2592 dicimus,
1152 2528 1201 2582 est
1222 2519 1421 2599 decoquere,
1455 2525 1547 2578 extra
1568 2509 1646 2593 cygni

319 2604 549 2686 figurationem?
581 2608 679 2672 Multo
702 2609 809 2672 minus.
855 2610 933 2672 Nam
958 2607 1093 2692 Cygnum
1120 2611 1181 2689 par'
1201 2609 1318 2670 usitata
1345 2606 1504 2668 stellarum
1536 2599 1646 2679 vestigia

319 2695 370 2758 rix
394 2694 547 2779 quisquam
579 2698 701 2778 pinget,
735 2698 804 2782 quin
833 2705 950 2779 partem
984 2698 1133 2780 pectoris,
1169 2698 1277 2760 saltem
1305 2695 1374 2758 colli
1403 2694 1539 2758 radicem
1560 2689 1644 2754 illrin

319 2793 406 2866 purte
430 2785 506 2848 coeli
528 2787 688 2867 relinqunt,
713 2787 763 2850 ubi
786 2807 863 2850 nnnc
886 2787 1018 2850 cernitur
1041 2787 1102 2849 ista
1125 2787 1162 2848 de
1186 2807 1245 2876 qna
1273 2785 1420 2867 loquimur
1448 2783 1560 2846 stella:
1587 2777 1645 2840 adeo

320 2874 434 2955 pectori
458 2873 556 2937 vicina
580 2885 636 2949 est,
662 2877 737 2938 odeo
761 2879 880 2958 longum
903 2877 990 2957 hujus
1006 2875 1107 2939 Oloris
1129 2877 1237 2939 collum
1261 2875 1390 2938 astella
1412 2873 1530 2954 pectori
1552 2869 1644 2932 tributa

320 2963 358 3025 ad
383 2972 548 3027 extremum
571 2965 671 3029 rostri.
717 2965 782 3030 Nec
806 2965 923 3028 obscuri
948 2973 1017 3028 eunt
1044 2965 1235 3047 antiquitatis
1261 2971 1388 3028 conatus
1411 2962 1440 3025 in
1465 2953 1644 3026 extendendis

320 3060 353 3114 et
371 3053 601 3134 contorquendis
624 3055 796 3118 animalium
818 3055 930 3135 liguris,
954 3065 987 3117 nt
1002 3055 1146 3135 plurimas
1168 3073 1228 3117 nna
1240 3053 1417 3134 figuratione
1440 3051 1549 3115 stellas
1570 3053 1642 3110 nous

320 3139 397 3203 biles
419 3143 666 3222 complectantur.
705 3143 781 3216 Quis
804 3144 896 3224 igitur
918 3144 1030 3219 credet,
1055 3151 1117 3208 tum
1140 3144 1252 3207 claram
1277 3143 1350 3218 iere,
1374 3161 1465 3224 quam
1488 3148 1538 3204 est
1557 3143 1643 3219 pectet

319 3229 427 3309 ipsum,
450 3230 479 3292 in
494 3239 580 3294 muta
593 3232 711 3307 vicinia,
733 3241 822 3296 tante
838 3235 1061 3314 opportunitate
1079 3233 1293 3314 positam‘(est
1310 3232 1398 3305 euim,
1424 3237 1457 3294 ut
1476 3229 1548 3304 dixi,
1572 3221 1642 3307 petit

321 3325 408 3380 extra
430 3319 538 3382 lineam
558 3330 710 3400 spectore
729 3323 758 3385 in
775 3326 919 3398 rostrum)
938 3323 1140 3386 declinaturos
1163 3331 1195 3385 et
1208 3341 1224 3382 e
1239 3323 1334 3402 figura
1356 3321 1531 3383 exclusuros
1549 3309 1642 3379 inisse?

407 3416 538 3480 Rursum
552 3417 741 3482 Ptolemaeus
761 3421 811 3482 illo
827 3417 935 3500 capite,
959 3419 989 3502 ip
1005 3439 1062 3501 quo
1076 3421 1142 3483 viae
1158 3421 1276 3482 lacteae
1297 3429 1412 3482 tractus
1435 3437 1489 3500 per
1508 3417 1641 3480 sultano

321 3505 452 3587 vestigia
475 3506 634 3581 describit,
667 3509 752 3589 ponit
783 3529 871 3571 unam
903 3517 1021 3571 tautum
1044 3509 1072 3570 iu
1095 3516 1234 3588 pectore:
1267 3510 1355 3588 huJ‘us
1385 3529 1456 3570 uero
1487 3507 1575 3586 plane
1598 3517 1641 3562 11⁰⁰

320 3587 471 3664 meminit.
506 3614 580 3677 qnae
613 3595 641 3658 iu
674 3597 753 3660 vium
785 3607 886 3660 tamen
919 3599 1049 3661 lacteam
1082 3599 1187 3662 incidit
1218 3599 1352 3679 adeoque
1384 3598 1413 3660 in
1445 3605 1563 3678 partem
1593 3589 1640 3670 ejus

319 3685 447 3750 maxime
471 3684 708 3760 memorabilem,
741 3707 799 3768 que
822 3687 948 3749 circulus
971 3687 1029 3750 iste
1052 3689 1081 3751 in
1114 3687 1213 3750 sidere
1238 3687 1379 3751 Gallinae
1403 3685 1432 3748 iu
1456 3687 1565 3750 bivium
1592 3675 1640 3741 ubil

319 3793 491 3856 ramumque
515 3792 619 3837 versus
642 3775 795 3839 humerum
819 3775 968 3856 Ophiuchi
991 3777 1126 3858 porrigit.
1171 3777 1267 3858 Hujus
1289 3776 1457 3856 argumenti
1481 3783 1589 3858 quruta
1606 3766 1639 3827 rit

319 3862 375 3940 sit,
409 3873 471 3926 tum
495 3865 613 3928 demum
635 3865 808 3946 apparebit,
842 3865 890 3928 ubi
919 3866 985 3948 quis
1013 3867 1086 3929 illud
1114 3874 1205 3948 caput
1233 3865 1380 3932 industrie
1411 3865 1521 3946 legerit
1542 3871 1571 3926 et
1590 3873 1639 3922 cun

319 3953 408 4032 globo
431 3953 599 4016 contulerit.
644 3965 760 4031 Exinde,
785 3955 889 4037 inquit,
913 3955 1048 4036 intellige
1072 3965 1142 4036 post
1163 3956 1315 4036 Aquilam,
1346 3967 1375 4022 iu
1406 3964 1545 4022 Gallim
1571 3956 1639 4018 tendit

319 4045 420 4110 lactea,
443 4050 473 4100 et
492 4061 589 4118 margo
609 4046 656 4118 qni
669 4049 704 4102 ad
718 4046 920 4116 septentriones
941 4053 1110 4104 cloccarum
1129 4048 1229 4120 vergit,
1251 4045 1415 4102 terminatur
1431 4049 1504 4118 apud
1519 4048 1636 4102 flumem

318 4125 348 4180 in
367 4125 465 4190 stello,
491 4142 561 4197 quae
582 4135 626 4181 eat
645 4127 674 4182 iu
699 4128 816 4182 amtrali
841 4127 954 4182 humero
975 4128 1119 4194 Gallinae,
1141 4136 1171 4184 et
1190 4127 1301 4193 imilla,
1328 4134 1464 4202 quaeest
1488 4128 1541 4182 sub
1558 4117 1637 4179 suin

318 4205 368 4260 ula
388 4207 482 4260 eadem
502 4212 532 4260 et
552 4207 580 4260 iu
600 4209 706 4264 duabus
728 4223 811 4278 super
831 4207 949 4264 carnali
968 4209 1048 4278 pede.
1088 4209 1188 4284 Margo
1208 4225 1274 4263 reru
1300 4209 1346 4280 qui
1366 4211 1401 4263 ed
1422 4213 1512 4264 crtum
1532 4213 1560 4262 et
1575 4199 1634 4260 meri·

318 4285 388 4341 diem
418 4291 528 4356 spectet
556 4286 720 4343 terminetur
744 4304 762 4343 a
782 4289 881 4352 stella,
911 4304 983 4360 quae
1012 4295 1056 4344 est
1081 4289 1110 4344 iu
1135 4289 1292 4345 summitate
1321 4287 1452 4344 australis
1482 4279 1634 4360 expamiunit

317 4382 470 4440 pennarum
490 4371 521 4420 et
539 4365 680 4438 intercipit
704 4370 772 4422 duas
799 4373 882 4424 extra
908 4369 1035 4434 formam,
1064 4386 1135 4440 quae
1155 4376 1220 4424 aunt
1246 4371 1298 4425 sub
1322 4371 1418 4446 eadem
1439 4367 1487 4423 ela
1507 4377 1538 4424 et
1555 4365 1635 4422 tisun

318 4449 385 4502 duos
411 4446 519 4502 circiter
546 4449 649 4519 gradus
671 4464 689 4502 e
708 4447 833 4519 margine
853 4449 912 4504 hoc.
953 4449 991 4503 Et
1010 4449 1065 4503 hae
1090 4449 1172 4506 luctis
1198 4455 1294 4520 partes
1319 4457 1385 4505 suut
1408 4449 1493 4520 paulu
1521 4445 1632 4504 deniers

318 4526 392 4582 eirca
412 4528 493 4582 alam
520 4527 672 4598 sequentes
686 4533 780 4598 partes
797 4527 949 4583 adbaerent
969 4521 1075 4600 quidem
1094 4529 1158 4584 huic
1171 4546 1267 4594 conoe,
1288 4530 1466 4586 vehementer
1478 4547 1544 4584 reru
1556 4529 1633 4583 densae

319 4613 398 4670 runt,
429 4605 508 4678 quasi
535 4623 554 4662 a
577 4609 710 4678 peculiari
740 4607 846 4679 origiue
874 4607 1044 4679 incipientes.
1085 4611 1212 4682 Verguut
1241 4617 1335 4666 eutem
1360 4613 1394 4665 ad
1419 4615 1546 4668 extrema
1569 4615 1631 4661 now

319 4686 448 4751 alterius,
473 4689 522 4742 sed
542 4693 635 4742 tamen
659 4689 753 4742 hiatus
778 4689 942 4760 relinquitur
964 4690 1035 4743 haec
1061 4689 1134 4746 inter
1155 4697 1185 4746 et
1205 4691 1279 4748 illes.
1320 4693 1359 4747 Et
1379 4707 1397 4746 a
1416 4690 1528 4746 meridie
1553 4686 1632 4762 quiden

319 4765 464 4835 attingunt
482 4783 543 4821 eam
564 4785 649 4822 conae
674 4775 796 4838 partem,
823 4785 876 4838 qna
898 4771 931 4822 de
953 4769 1013 4839 jam
1033 4769 1184 4841 loquimur,
1212 4788 1283 4842 qnae
1309 4773 1389 4827 valde
1410 4772 1502 4826 tenuis
1522 4777 1564 4826 est
1579 4759 1631 4836 apud

320 4849 490 4902 mutatum:
520 4847 685 4904 demitstem
714 4855 806 4904 autem
833 4855 897 4918 pust
925 4849 1031 4906 hiatum
1059 4851 1162 4906 dicturo
1190 4851 1325 4922 incipiunt
1348 4869 1367 4907 a
1395 4851 1486 4908 lucida
1515 4853 1545 4908 iu
1569 4841 1631 4903 mul·
