3694 5528
764 277 954 332 xcv-xum.
1471 268 1537 338 553

270 455 403 520 XCVII.
459 454 686 536 Propositio.
742 453 776 516 Si
809 453 927 534 longius
960 471 1036 515 cava
1068 453 1133 514 lens
1171 445 1330 512 recesserit
1364 447 1403 512 ab
1440 447 1537 522 oculo,

181 545 326 624 pauciora
349 543 482 607 visibilia
503 563 557 624 per
580 563 687 606 cavam
710 544 749 606 ad
773 544 889 606 oculum
914 541 1045 604 venient.
1560 538 1569 550 ‘

271 632 321 696 Sit
343 633 501 707 oculusA,
527 631 660 694 lensBC
684 633 815 713 propior.
854 631 904 692 Sit
922 649 1038 692 rursum
1057 624 1213 698 oculusD,
1239 624 1304 686 leus
1324 621 1377 684 EF
1396 589 1538 684 remotior

183 730 215 782 et
238 722 374 802 aequalis
397 721 490 802 priorr
482 718 569 783 'BG
607 721 698 783 Basia
720 721 813 799 igitur
831 719 886 782 EF
908 719 1043 798 aequalis
1059 725 1108 780 est
1125 713 1192 776 basi
1309 761 1362 826 rig.
1382 758 1427 812 ²³·

183 807 246 886 BG,
281 811 378 872 latera
407 828 479 871 vero
508 809 575 884 DE,
599 809 654 872 DE
683 810 820 888 longiora
849 807 992 870 lateribus
1025 807 1091 881 AB,
1121 803 1190 867 AG.

185 900 324 977 Angulus
347 899 439 978 igitur
461 896 546 960 BAG
576 898 672 976 mej0r
704 897 814 976 angulo
836 896 929 958 EDE.
976 895 1193 975 Refriugeutur

178 988 244 1067 jorn
266 987 344 1051 radii
367 995 400 1048 et
422 987 483 1048 sint
506 987 628 1047 refracti
651 984 721 1058 BG,
736 984 793 1047 GH
812 992 843 1046 et
856 985 908 1058 EI,
928 984 983 1044 ΕΚ
1006 1001 1059 1064 per
1073 981 1191 1058 XCIV,

183 1095 302 1156 semper
334 1075 425 1154 igitur
456 1075 523 1153 plus
556 1074 716 1154 diverguut
746 1071 819 1148 BG,
844 1071 910 1134 GH»
934 1091 1021 1152 quarn
1049 1071 1104 1147 EI,
1127 1072 1190 1134 ΕΚ.

183 1163 233 1226 Sit
256 1165 333 1226 enlm
357 1163 438 1224 ELF
469 1162 649 1242 triangulum
682 1161 861 1242 applicabile
890 1161 949 1240 ipsi
972 1158 1068 1224 BAG.
1115 1158 1191 1222 Cum

182 1271 253 1330 ergo
278 1273 297 1314 a
319 1255 347 1316 D
370 1260 403 1314 et
424 1251 452 1312 L
476 1251 660 1312 descendant
682 1249 739 1312 DE
763 1259 794 1311 et
816 1249 871 1312 LE
894 1249 924 1310 in
947 1248 1026 1310 idem
1049 1257 1191 1327 punctum

182 1339 391 1422 Esuperticiei
414 1339 571 1415 densioris,
595 1339 617 1400 ii
639 1339 821 1401 refractione
846 1339 928 1399 iacta
947 1337 1017 1398 inE
1034 1357 1067 1398 se
1086 1345 1189 1400 mutuo

182 1431 337 1504 secabunt,
362 1436 395 1490 et
416 1429 471 1490 LE
493 1428 617 1489 inferior
640 1428 750 1489 evadet
771 1427 801 1489 in
825 1427 887 1488 EM
913 1427 1113 1506 superiorem:
1145 1427 1189 1488 sic

181 1519 235 1580 LE
253 1519 282 1580 in
297 1519 361 1594 FN,
385 1536 438 1598 per
451 1517 510 1579 XI.
549 1517 621 1578 Plus
635 1517 727 1596 igitur
739 1517 811 1590 EM,
829 1516 885 1578 FN
909 1516 1076 1595 divergeret,
1099 1535 1188 1597 quam

182 1606 245 1681 EI,
268 1607 340 1681 ΕΚ,
372 1607 440 1685 plus
469 1605 561 1685 igitur
592 1611 624 1667 et
656 1607 692 1668 de
725 1605 946 1686 hemisphaerio
978 1605 1187 1686 intercipiunt:

183 1714 273 1775 quare
306 1702 339 1756 et
360 1692 430 1767 BG,
454 1692 511 1755 GH
542 1695 610 1775 plus
642 1693 832 1773 intercipient
861 1713 881 1754 a
910 1695 989 1756 lente
1022 1695 1189 1775 propinqua

184 1802 271 1863 quam
293 1783 346 1857 EI,
371 1783 427 1844 ΕΚ
450 1803 469 1842 a
491 1782 572 1844 lenta
595 1790 713 1844 remota
735 1781 867 1845 refracti.
1242 1811 1258 1845 ι
1342 1821 1356 1858 0
1393 1817 1411 1849 ι

270 1869 421 1935 XGVHI.
466 1871 697 1951 Propositio.
745 1870 778 1932 Si
802 1871 919 1950 lougius
949 1891 1025 1932 cava
1049 1873 1113 1934 lens
1136 1890 1187 1932 re-

183 1961 312 2022 cesserit
334 1959 372 2022 ab
395 1960 491 2029 oculo,
515 1959 630 2022 miuora
644 1967 909 2040 repraesentantur
927 1959 1066 2034 visibilia,
1090 1978 1187 2040 quen-

183 2049 278 2128 tisper
302 2049 366 2109 leus
390 2067 448 2108 nou
481 2049 673 2129 propinquior
695 2049 730 2110 fit
753 2048 796 2109 rei
824 2046 935 2108 visibili
969 2068 1057 2129 qnam
1090 2050 1186 2112 oculo.

273 2135 451 2216 Aequaliter
470 2136 548 2198 euim
563 2139 601 2198 ad
625 2156 745 2199 sensum
760 2155 826 2198 cum
845 2135 1010 2198 remotione
1034 2137 1123 2199 lentis
1147 2140 1295 2206 decrescit
1319 2142 1382 2221 ejus
1406 2141 1534 2204 visibilis

183 2225 357 2305 magnitudo
381 2243 435 2304 per
456 2225 590 2288 LXVII.
628 2226 673 2287 At
695 2244 753 2287 uon
777 2224 944 2305 aequaliter
967 2226 1110 2304 pauciora
1132 2232 1239 2312 recipit
1262 2230 1395 2293 visibilia
1419 2229 1535 2310 lougius

183 2313 339 2376 distantia.
378 2312 447 2374 Etsi
471 2313 551 2376 enim
574 2332 627 2393 per
641 2312 775 2377 XCVII.
801 2331 919 2393 semper
938 2314 1081 2393 pauciora
1103 2317 1220 2400 recipit,
1246 2319 1299 2382 illa
1322 2327 1422 2380 tamen
1448 2318 1538 2380 uimi-

183 2403 267 2464 nutio
290 2401 399 2481 engua
423 2409 564 2482 estpars
588 2403 802 2475 universorum,
827 2401 972 2481 siquidem
1001 2413 1117 2466 remota
1141 2405 1251 2470 fuerint
1274 2407 1419 2479 visibilia,
1445 2426 1538 2488 prop-

183 2499 269 2551 terea
292 2491 371 2569 quod
398 2489 596 2552 retractiones
622 2490 649 2551 in
674 2489 780 2569 majori
812 2489 977 2551 remotione
1000 2509 1075 2568 pene
1109 2495 1182 2557 nihil
1214 2503 1384 2568 mutantur,
1418 2514 1485 2556 cum
1509 2503 1540 2556 et

183 2579 393 2641 inclinationes
426 2579 594 2650 (schemate
619 2575 677 2652 23)
708 2578 858 2640 radiorum
889 2578 955 2652 LE,
986 2577 1041 2640 DE
1071 2580 1124 2641 Ito.
1157 2602 1247 2663 super
1279 2584 1392 2645 lentem
1424 2583 1477 2644 EF
1508 2584 1538 2642 in

184 2667 291 2746 majori
314 2665 480 2730 remotione
499 2686 575 2747 pene
590 2666 664 2737 nihil
688 2672 851 2744 mutentur.
890 2665 964 2726 Plus
983 2664 1074 2744 igitur
1089 2668 1257 2732 detrahitur
1276 2673 1314 2732 de
1333 2669 1538 2748 magnitudine

184 2755 363 2834 aspectabili
394 2773 482 2833 quam
513 2758 549 2819 de
582 2755 771 2818 multitudine
805 2773 903 2816 rerum
935 2772 989 2833 por
1027 2756 1138 2818 lentem
1176 2760 1317 2821 visarum.
1371 2758 1538 2820 Universae

184 2845 275 2924 igitur
297 2844 401 2905 minori
425 2845 534 2923 angulo
558 2852 739 2905 cernuntur:
766 2861 857 2922 quare
882 2849 914 2902 et
936 2843 1066 2920 singula.

272 2933 390 2994 Aliter:
414 2931 463 2993 Sit
486 2933 588 2995 oculus
610 2933 651 3005 Λ,
675 2931 753 2994 radii
776 2930 923 2992 rectilinei
945 2930 1039 3005 ABE,
1063 2931 1154 2995 ACG
1177 2935 1319 3013 angulum
1342 2930 1430 3010 EAG
1453 2950 1538 2995 oom-

183 3017 420 3099 prehendentem
444 3020 464 3080 ii
486 3029 591 3083 secent
614 3022 725 3082 lentem
747 3019 944 3099 propinquam
958 3017 1011 3081 BG
1032 3027 1064 3080 et
1085 3040 1185 3082 remo-

184 3117 247 3170 tam
270 3107 336 3170 EG.
379 3108 592 3188 Retriugentur
615 3109 706 3188 igitur
729 3115 897 3168 extrorsum
919 3107 948 3168 iu
968 3105 1045 3180 B,G
1068 3109 1188 3188 punctis

182 3216 236 3277 per
259 3195 378 3259 XCIV.
425 3196 495 3258 Sint
518 3199 640 3260 refracti
663 3197 729 3268 BE,
754 3194 819 3258 OD.
859 3193 934 3256 Cum
958 3202 1059 3257 autem
1082 3197 1111 3257 in
1131 3195 1187 3260 EG

184 3287 327 3366 majorem
351 3284 632 3365 lentisportionem
656 3283 849 3363 intercipiant
870 3284 927 3344 AF
949 3290 981 3344 et
996 3282 1068 3359 AG,
1093 3285 1187 3364 major

183 3374 276 3435 etiam
298 3373 357 3434 erit
379 3374 520 3436 retractio
544 3375 572 3434 iu
592 3373 649 3436 FG
671 3391 761 3454 quam
783 3372 813 3432 iu
832 3369 887 3435 BG
910 3390 964 3450 per
982 3373 1039 3445 XI,
1064 3373 1187 3435 refracti

80 3472 84 3478 '
184 3463 275 3540 igitur
299 3461 328 3522 in
349 3463 384 3529 F,
404 3459 433 3522 G
456 3471 600 3525 exeuntes
625 3463 782 3540 divergent
804 3460 941 3537 amplius,
966 3479 1054 3538 quarn
1077 3461 1126 3541 qui
1150 3479 1187 3521 ex

184 3549 221 3622 B,
246 3547 271 3610 G
296 3558 414 3624 exeunt,
438 3560 615 3614 concurrent
637 3551 728 3631 igitur
751 3567 817 3610 cum
840 3547 909 3610 illis.
947 3545 1134 3610 Concurrunt
1156 3557 1188 3610 et

184 3638 226 3699 sit
248 3655 409 3699 concursus
427 3638 463 3713 E,
483 3639 521 3714 D,
546 3647 577 3701 st
600 3637 722 3702 refracti
745 3638 777 3700 hi
798 3637 860 3710 FE,
886 3633 956 3698 GD.
1000 3633 1076 3698 Cum
1098 3636 1190 3716 igitur

184 3725 247 3798 FE,
273 3723 331 3786 GD
360 3733 432 3804 post
464 3744 636 3801 concursum
660 3737 692 3789 et
721 3725 885 3788 sectionem
918 3725 993 3787 liant
1024 3723 1188 3826 exteriores

184 3901 305 3964 termini
337 3901 400 3963 sint
427 3903 456 3963 in
483 3903 558 3983 ipsis
590 3905 709 3986 punctis
741 3921 902 3965 concursus
925 3899 966 3974 Ε,
990 3902 1035 3976 D)
1065 3908 1129 3963 tam
1152 3919 1190 3962 ax

183 3991 351 4072 propinqua
381 4009 469 4071 quam
498 4011 535 4055 ex
561 4002 677 4056 remota
711 3993 791 4054 lente
823 3989 910 4052 simul
943 3989 1048 4052 eodem
1080 3989 1189 4068 angulo

184 4077 268 4144 BAG
306 4079 355 4140 vel
386 4077 474 4141 EAG
508 4081 703 4162 spectabitur.
756 4081 835 4142 Nam
870 4076 1192 4139 visibiliaremotiora

184 4186 272 4247 quam
286 4167 353 4240 ED,
378 4175 412 4228 ut
427 4167 543 4231 visibile
563 4170 619 4245 XI,
638 4168 884 4248 comprehensum
909 4166 1048 4228 refractis
1067 4163 1191 4246 propin·

184 4275 261 4336 quae
285 4255 375 4318 lentis
398 4256 454 4331 ΒΙ,
480 4255 546 4333 GK,
579 4279 636 4320 uon
669 4255 936 4336 comprehendetur
967 4253 1107 4316 refractis
1129 4251 1191 4325 PE,

186 4342 244 4406 GD
278 4345 382 4406 eodem
415 4348 524 4422 angulo
556 4345 643 4408 EAG
676 4347 715 4406 ad
745 4345 862 4406 oculum
900 4342 1108 4412 venientibus,
1140 4339 1193 4400 sed
1269 4340 1270 4343 ’

185 4432 378 4494 interioribus
401 4433 482 4494 iutra
504 4435 539 4504 F,
565 4433 605 4508 G,
630 4433 680 4514 qui
702 4432 808 4494 minori
832 4430 942 4510 angulo
966 4431 1006 4494 ad
1021 4431 1052 4492 A
1075 4427 1193 4491 oculum

186 4521 319 4668 vcegiuut,
339 4538 459 4672 suffla
480 4523 573 4601 igitur
596 4529 744 4602 apparent
757 4539 812 4601 per
835 4520 1025 4583 remotiorem
1041 4516 1098 4580 GE
1121 4535 1210 4601 quam
1223 4542 1279 4603 per
1299 4522 1541 4605 propinquiorem

263 4617 317 4687 ptr
449 4653 458 4670 .

275 4693 394 4761 XCIX.
440 4696 667 4777 Propositio.
714 4693 801 4760 Cava
822 4698 902 4768 lens,
927 4700 954 4762 si
976 4697 1111 4779 proxime
1142 4697 1259 4766 oculum
1281 4697 1325 4764 ait
1351 4698 1540 4780 applicanda,
