3700 5530
318 304 384 376 338
811 305 984 383 Asbonpnrias
1002 305 1064 362 Pers
1083 307 1180 374 Optio*
1211 321 1220 363 t
1244 335 1305 383 ΔΩ

872 375 1027 442 ’,ἰῑ’“””
1069 373 1211 430 ·ἰ-ΐι(·’11
1260 390 1264 398 ’

407 487 453 549 At
472 488 536 568 jam
559 481 763 566 propositione
781 468 939 558 Wnihil
963 483 1021 546 nisi
1046 482 1245 564 Copemicum
1270 483 1370 564 sepit:
1392 494 1434 559 si,
1457 483 1562 565 inquit,
1578 496 1675 567 sliqna

319 581 446 634 ferantur
470 578 613 632 celeritate
642 571 795 643 inaequali,
828 571 954 644 interque
975 590 1011 628 ea
1031 581 1061 628 ει
1087 578 1199 631 ocnlns:
1232 591 1267 630 ea
1294 591 1366 646 quae
1394 578 1490 630 eadem
1512 591 1572 630 cum
1594 577 1674 630 oculo

318 661 463 714 celeritate
483 659 617 721 fenmtur,
639 659 715 708 stare
735 654 916 723 putabuntur,
939 671 1011 726 quae
1034 657 1140 711 tardius
1155 658 1243 721 oculo,
1264 657 1292 710 in
1307 657 1475 711 eontrarium
1494 657 1579 720 ferri;
1602 671 1674 728 quae

320 747 445 812 celerius,
466 748 641 818 praecedere.
685 731 769 794 Nihil
801 750 857 811 ego
891 733 948 795 nisi
979 734 1074 796 verba
1107 735 1240 799 mutabo.
1288 734 1322 796 Si
1347 735 1482 798 ferantur
1504 735 1533 797 in
1562 751 1673 797 couse-

318 825 440 909 quentia
462 826 604 907 planetae
628 828 661 883 et
681 821 786 895 Terra,
810 821 893 884 visus
916 822 1010 886 nostri
1034 825 1159 903 specula
1182 825 1227 898 (id
1251 831 1352 886 autem
1375 825 1409 886 6ι
1431 824 1462 886 in
1485 824 1673 886 semicirculo

319 915 399 979 orbis
423 913 563 988 Terreni,
586 912 727 992 planetas
750 909 963 990 respiciente),
998 919 1088 993 atque
1113 914 1238 976 Terram
1262 921 1294 976 et
1316 915 1472 994 planetam
1506 911 1674 996 aequaliter

316 1003 485 1086 promoveri
507 1003 665 1081 contingat
697 1001 852 1079 (respectu
885 1001 1019 1080 ejusdem
1052 1002 1179 1083 alicujus
1202 1003 1337 1077 rectae),
1369 1004 1495 1085 planeta
1522 1003 1675 1064 videbitur

317 1102 416 1169 stare,
440 1091 488 1154 sin
512 1091 627 1154 tardior
648 1090 774 1171 planeta
797 1088 900 1160 fuerit,
931 1089 1082 1158 videbitur
1104 1093 1308 1168 retrocedere,
1337 1093 1382 1155 siu
1407 1101 1508 1154 autem
1531 1091 1672 1166 velocior,

316 1181 468 1246 videbitur
490 1180 520 1243 in
544 1177 760 1260 consequentia
782 1173 910 1258 terri.*)
957 1177 991 1241 Si
1016 1179 1081 1259 quis
1105 1190 1154 1244 est
1176 1182 1222 1244 ita
1253 1181 1417 1256 delicatus,
1453 1182 1498 1242 ita
1524 1197 1672 1254 morosus,

316 1279 351 1334 ut
372 1271 448 1333 baec
471 1270 575 1334 audire
599 1288 657 1331 non
681 1267 789 1348 possit,
813 1267 839 1330 is
863 1268 928 1329 loco
952 1268 1064 1330 Terrae
1087 1270 1205 1332 Lunam
1228 1271 1402 1345 substituat,
1428 1271 1516 1352 inque
1539 1289 1577 1332 ea
1600 1288 1673 1349 spe-

317 1360 484 1423 culatorem
498 1359 629 1440 aliquem
643 1375 741 1420 rerum
755 1356 930 1419 coelestium
949 1358 1087 1434 collocet,
1112 1367 1183 1422 tunc
1197 1361 1227 1422 in
1243 1359 1360 1422 Lunam
1375 1360 1482 1422 eadem
1496 1367 1658 1441 sequentur
1663 1377 1673 1434 ;

295 1439 410 1512 'Terra
432 1449 507 1512 baec
531 1456 653 1522 nostra,
688 1446 824 1527 quamvis
847 1465 917 1508 vere
942 1446 1127 1527 quiesceret,
1158 1450 1271 1511 moveri
1295 1449 1460 1524 ridebitur,
1491 1449 1580 1511 Luna
1602 1467 1674 1509 vern

316 1539 481 1619 quiescere,
505 1556 572 1600 cum
594 1542 761 1610 moveatur,
784 1553 839 1598 nec
862 1543 1006 1616 poterunt
1028 1537 1091 1599 ulla
1113 1537 1263 1601 solutione
1286 1538 1350 1601 iste
1373 1540 1477 1601 everti.

404 1626 575 1708 Propositio
600 1621 653 1690 55.
678 1623 797 1687 videtur
820 1643 928 1688 sonare
953 1625 1096 1688 demoto
1120 1627 1234 1692 diurno.
1279 1637 1317 1704 si,
1340 1628 1446 1712 inquit,
1464 1637 1677 1711 eliquamrnulte

317 1744 375 1783 una
395 1727 522 1782 ferantur
543 1725 701 1798 quiescente
722 1741 777 1781 unc
798 1725 905 1796 aliquo,
938 1727 964 1781 id
986 1727 1014 1780 in
1039 1728 1207 1783 contrarium
1224 1729 1335 1782 moveri
1365 1728 1511 1784 ridebitur.
1562 1715 1675 1778 Oculus

318 1807 437 1890 quidem
460 1806 491 1869 in
515 1815 619 1868 centro
647 1804 750 1867 mundi
780 1814 952 1881 censeatur,
983 1805 1021 1867 ob
1052 1815 1281 1869 evanescentem
1305 1808 1416 1870 Teneo
1438 1807 1674 1888 proportionem,

321 1904 353 1958 et
375 1896 471 1958 Terra
499 1894 639 1958 volvetur
660 1895 699 1957 ab
729 1912 838 1956 occasu
865 1894 895 1957 in
928 1903 1027 1957 ortum
1059 1905 1141 1958 motu
1175 1896 1296 1970 diurno,
1327 1896 1479 1962 montibus
1509 1896 1601 1976 igitur
1630 1894 1676 1955 ita

319 1984 449 2058 delatis,
473 1983 524 2066 qui
555 1984 695 2048 videntur
728 1983 859 2063 contigui
883 1992 915 2046 et
942 1984 1058 2064 magni,
1092 1986 1189 2048 stellis
1218 2003 1289 2047 vero
1323 1985 1564 2067 quiescentibus,
1598 2001 1675 2064 quae

316 2074 451 2137 minutae
475 2080 507 2136 et
539 2090 665 2153 sparsae
698 2080 863 2154 apparent,
897 2074 1005 2137 stellae
1028 2073 1059 2136 in
1082 2075 1283 2151 contrarium,
1315 2074 1371 2138 boc
1395 2082 1461 2150 est,
1491 2076 1529 2137 ab
1553 2081 1622 2136 ortu
1645 2073 1674 2134 in

319 2181 461 2226 occasum
482 2161 662 2224 videbuntur
684 2161 807 2225 moveri.

405 2250 539 2315 Rursum
562 2269 684 2332 propos.
709 2246 761 2315 56.
793 2251 890 2333 spirat
917 2271 1060 2332 expresse
1084 2249 1292 2334 Oopemicum.
1336 2263 1432 2330 oculo,
1454 2253 1561 2335 inquit,
1587 2279 1675 2334 prope

316 2358 474 2424 spectatum
495 2353 653 2416 accedente,
675 2351 702 2405 id
723 2349 822 2422 augeri
841 2351 996 2421 putabitur.
1045 2339 1128 2421 Ergo
1166 2342 1308 2404 subsumo
1338 2361 1412 2424 ego,
1447 2343 1542 2405 Terra
1576 2343 1675 2404 visum

315 2439 451 2496 nostrum
475 2432 514 2494 ad
538 2432 726 2510 planetarum
750 2447 878 2511 corpora
901 2431 1080 2504 advehente,
1103 2429 1285 2494 videbuntur
1307 2439 1339 2494 ct
1362 2433 1462 2495 lineae
1485 2439 1619 2494 motuum
1643 2437 1675 2492 et

314 2521 382 2602 ipsa
413 2521 604 2601 planetarum
636 2537 763 2600 corpora
793 2537 913 2600 magna.
961 2517 1063 2591 Quare
1093 2538 1153 2582 non
1186 2527 1304 2582 tantum
1337 2539 1462 2585 accessu
1492 2522 1601 2584 stellae
1635 2521 1675 2582 ad

315 2612 441 2681 oculum,
467 2610 516 2690 qni
539 2608 603 2672 fleri
625 2609 757 2688 fingatm
779 2627 834 2689 per
856 2607 1036 2692 epicyolurn,
1062 2609 1116 2671 sed
1140 2609 1232 2672 etiam
1256 2610 1333 2672 oculi
1358 2611 1482 2673 adrem
1508 2608 1673 2692 appropin-

316 2701 458 2780 quatione
488 2699 518 2762 id
546 2698 773 2779 phaenomenon
797 2706 969 2760 excusatur.
1003 2698 1105 2779 Atque
1124 2698 1156 2760 id
1178 2699 1268 2760 valde
1288 2707 1337 2762 est
1360 2700 1493 2764 evidens.
1528 2701 1673 2763 Testatur

313 2789 502 2863 Melanthos,
528 2806 607 2850 auno
627 2784 1032 2867 mausolaeumque
1056 2795 1120 2850 tam
1144 2788 1318 2869 prodigiosa
1341 2791 1441 2870 specie
1464 2789 1561 2853 visum
1585 2789 1673 2851 Mar·

312 2884 389 2955 tem,
423 2884 458 2941 ut
487 2895 596 2940 novum
626 2877 711 2939 sidus
742 2878 924 2942 crederetur.
972 2877 1055 2939 ldem
1086 2873 1182 2940 1561.
1207 2876 1345 2958 Augusto
1377 2881 1489 2942 lactum
1521 2877 1674 2960 oportuit;

313 2967 393 3030 idem
426 2969 488 3030 tere
512 2973 545 3029 et
570 2963 666 3031 1593.
692 2966 851 3046 Augusto:
887 2967 997 3046 fietque
1025 2963 1120 3030 1608.
1143 2964 1237 3029 Julio.
1283 2967 1423 3032 Vidimus
1447 2976 1479 3030 et
1507 2970 1562 3031 hoc
1595 2985 1672 3030 auno

317 3053 412 3130 1603.
444 3075 547 3119 mense
570 3054 735 3118 Februario
760 3063 791 3118 et
813 3055 926 3119 Martio
950 3054 1082 3116 Veneris
1112 3056 1235 3118 stellam
1261 3056 1292 3118 in
1322 3077 1431 3121 occasu
1463 3077 1520 3138 per
1547 3056 1670 3120 nebulas

314 3145 456 3208 insolitae
480 3144 712 3225 magnitudinis,
738 3164 774 3206 ac
797 3146 883 3208 multi
906 3162 1015 3206 novam
1038 3144 1134 3208 videri
1162 3145 1283 3208 stellam
1312 3147 1539 3211 asseverabant.
1585 3143 1669 3207 Con·

314 3242 438 3298 currunt
461 3235 540 3297 euim
563 3231 610 3296 his
638 3233 773 3296 articulis
804 3242 970 3314 temporum
1006 3234 1167 3296 eocentrici
1191 3242 1223 3296 et
1246 3235 1371 3319 epicycli
1401 3237 1560 3318 perigaea,
1593 3233 1671 3316 qnod

314 3324 343 3386 in
367 3323 414 3386 his
439 3321 555 3386 duobus
577 3322 709 3402 planetis
732 3323 853 3386 maximi
886 3322 1031 3386 momenti
1053 3332 1115 3400 est,
1149 3324 1177 3386 in
1207 3326 1316 3390 ceteris
1339 3345 1398 3388 non
1422 3334 1540 3389 tanturn
1569 3324 1672 3390 eflicit.

402 3411 576 3493 Propositio
592 3409 653 3490 ¹57.
688 3412 820 3474 maxime
850 3411 1079 3475 accommodata
1103 3421 1151 3475 est
1179 3415 1206 3478 ei
1234 3423 1366 3478 motuum
1399 3439 1565 3498 φαντασιᾳ,
1597 3433 1674 3496 quae

315 3504 355 3566 ad
379 3501 580 3565 eocentricum
604 3502 744 3563 refertur.
791 3500 891 3565 Docet
914 3501 991 3564 enim
1018 3529 1110 3586 aequa
1130 3516 1276 3572 celeritate
1290 3518 1453 3584 delatorum,
1476 3537 1547 3592 quae
1562 3519 1674 3592 longius

313 3596 427 3658 distant,
450 3591 556 3647 tardius
577 3592 643 3646 ferri
664 3591 758 3647 rideri.

404 3673 541 3753 Denique
564 3671 732 3752 propositio
756 3665 810 3734 58.
835 3671 964 3734 asserit:
989 3683 1673 3763 oculotrensletc,quae,10ngiusspectentur,

312 3772 428 3830 destitui
452 3771 553 3836 rideri,
578 3760 629 3822 ubi
644 3779 717 3823 voce
733 3761 936 3824 astronomica
948 3759 1165 3827 ὑπολειπισθαι
1183 3769 1344 3831 manifeste
1363 3771 1466 3833 utitur.
1496 3769 1556 3832 Est
1574 3779 1675 3833 autem

314 3851 531 3918 incitarentur
549 3850 579 3912 iu
599 3849 786 3912 astronomia
800 3849 888 3927 idem,
909 3852 988 3932 quod
1002 3853 1170 3933 promoveri
1183 3855 1215 3918 in
1234 3859 1458 3940 consequentia,
1482 3867 1555 3940 puto
1574 3862 1674 3941 respi-

315 3963 384 4006 cere
407 3959 513 4005 vocem
527 3940 567 4001 ad
582 3939 711 4002 alteram
734 3938 916 4004 contrariam
939 3947 1142 4024 προηγιισθαι,
1164 3946 1417 4026 praecedere.**)
1462 3948 1542 4012 Nam
1566 3951 1592 4012 si
1616 3969 1676 4032 qna

400 4127 429 4202 *)
449 4131 581 4188 Definitio
602 4132 699 4203 itaque
719 4131 789 4184 haec
810 4136 855 4184 est
875 4130 1004 4186 stationis
1025 4134 1098 4202 apud
1115 4133 1302 4204 Copernicnm,
1326 4141 1396 4210 quod
1418 4143 1483 4193 tunc
1503 4141 1673 4210 perficiatur,

314 4231 375 4270 cum
395 4213 472 4268 linea
491 4229 542 4284 per
561 4212 702 4267 Tellurem
721 4217 752 4264 et
771 4211 915 4281 planetam
941 4213 1082 4267 translata
1102 4229 1157 4268 non
1177 4215 1339 4286 inclinetur,
1362 4221 1410 4274 sed
1431 4219 1483 4274 sibi
1504 4219 1558 4290 ipsi
1579 4227 1675 4276 manet

312 4293 475 4366 parallelos.

399 4371 440 4440 ⁸)
461 4377 663 4444 Argumentum
683 4372 751 4426 hoc:
781 4371 909 4426 Euclides
935 4371 1024 4426 utitur
1044 4389 1111 4427 noce
1142 4377 1342 4444 astronomica,
1373 4394 1442 4451 ergo
1475 4381 1674 4437 astronomiam

310 4454 405 4509 tradit.
446 4457 488 4508 At
507 4455 540 4506 de
562 4451 746 4508 mandatione
766 4451 839 4505 oculi
859 4450 989 4520 loquitur.
1029 4453 1107 4524 Ergo
1129 4455 1162 4508 de
1184 4457 1236 4510 tali
1259 4459 1442 4524 metonomia,
1472 4460 1578 4532 inqua
1597 4463 1673 4518 risus

313 4533 351 4588 uic
371 4539 505 4597 moretur,
526 4537 559 4586 ut
578 4533 745 4604 retrograda
765 4531 857 4584 sidera
877 4538 1043 4599 appareant,
1065 4551 1163 4604 nempe
1184 4537 1217 4589 de
1236 4537 1436 4607 Cuperuicana.
1477 4543 1557 4596 Addo
1577 4549 1673 4598 tamen

314 4615 349 4665 ad
369 4612 443 4666 hunc
462 4612 612 4666 discursum
633 4617 663 4666 ει
682 4611 751 4665 hoc:
780 4610 866 4663 rideri
886 4609 1028 4665 Euclidem
1056 4630 1123 4668 voce
1144 4627 1334 4692 προηγεισθαι
1354 4620 1428 4674 velle
1456 4621 1592 4676 rationem
1614 4629 1673 4678 tra·

314 4693 387 4754 dere,
409 4709 457 4744 cur
477 4691 505 4746 in
525 4708 622 4762 campo
644 4695 799 4745 currentem
820 4695 926 4744 montes
948 4705 1003 4742 uon
1028 4696 1138 4748 tantum
1165 4698 1290 4752 comitari
1317 4691 1403 4770 (quod
1424 4717 1478 4772 ego
1500 4701 1590 4757 solum
1610 4719 1675 4773 per·

311 4767 542 4896 penderamgused
561 4771 645 4826 etiam
672 4785 853 4840 praecurrere
880 4769 1035 4825 rideantur.
1078 4775 1123 4828 lta
1142 4777 1232 4847 magis
1259 4779 1405 4850 popularis
1426 4781 1476 4836 liet
1497 4781 1576 4854 origo
1599 4783 1674 4838 accis

311 4855 448 4914 nchyrcc
487 4857 506 4896 ι.
