3700 5530
797 295 880 362 ilapnt
898 295 929 348 X.
1465 239 1542 366 ,335

185 475 255 540 dine
285 473 417 556 reperit,
449 493 517 538 oum
544 475 619 538 nihii
646 476 710 538 tale
741 475 801 557 ipsi
824 475 909 537 coelo
932 474 1015 539 insit.
1062 475 1140 538 Hinc
1163 473 1290 538 Vitellio
1314 476 1366 540 lib.
1391 477 1450 540 IV.
1475 497 1544 542 cnm

186 583 270 646 prop.
297 563 349 628 10.
373 563 573 639 ostendisset,
598 583 725 644 corpora
748 565 889 626 ordinata
912 571 944 626 et
966 565 1142 628 continuata
1165 583 1233 626 cnm
1255 565 1322 628 visu
1344 567 1542 630 remotionem

187 653 282 716 ultimi
306 671 432 733 arguere
455 654 610 732 maiorem,
636 672 725 734 quam
740 654 766 715 si
781 673 838 715 non
855 662 958 716 essent
981 655 1119 716 ordinata
1134 663 1166 715 et
1180 654 1364 730 continuata,
1388 675 1473 736 prop.
1491 654 1542 720 ¹3.

189 741 333 817 ostendit,
369 761 421 803 cur
452 741 573 804 horizon
604 743 715 804 Terrae
748 743 909 804 cohaerere
941 744 1040 816 coelo,
1073 752 1105 804 et
1131 743 1185 804 illa
1215 743 1290 805 coeli
1318 763 1390 823 pars
1414 766 1434 806 a
1456 745 1543 808 nohis

186 831 343 906 remotior,
368 829 531 893 distantiae
555 831 686 894 siderum
709 833 841 911 maj0ros
865 841 1049 911 appareant,
1083 851 1170 911 qnam
1195 851 1270 912 quae
1295 841 1366 896 sunt
1388 835 1419 896 in
1441 833 1543 896 nenith

187 919 306 1000 ospitis.
354 917 434 982 Sunt
455 920 548 1000 igitur
570 921 627 982 hae
651 921 842 984 necessariae
866 921 949 982 visus
973 921 1202 1000 appellationes,
1228 921 1333 1000 quibus
1357 941 1460 984 carere
1484 941 1543 986 non

186 1027 359 1092 possemus,
393 1009 452 1070 etsi
475 1009 505 1070 in
538 1009 627 1089 globo
651 1011 755 1072 Lunae
778 1029 849 1071 vere
874 1009 1182 1073 circumvolveremur.
1230 1009 1297 1081 Quo
1320 1011 1416 1074 minus
1440 1011 1544 1074 mirari

187 1099 347 1172 debemus,
381 1116 487 1160 ausum
519 1117 587 1162 esse
620 1098 805 1179 distinguere
839 1097 1039 1178 Oopernieum
1067 1099 1147 1160 inter
1180 1118 1231 1174 ea,
1267 1119 1343 1179 qnae
1376 1101 1406 1161 in
1439 1099 1543 1164 Sacris

186 1187 284 1250 literis
308 1187 347 1248 ad
370 1187 454 1249 visus
477 1187 626 1250 rationem
649 1189 860 1270 explicandam
882 1197 963 1250 reete
988 1189 1106 1268 quidem
1137 1189 1289 1263 dicuntur,
1315 1196 1347 1251 et
1368 1187 1435 1264 illa,
1466 1208 1543 1269 qnae

187 1276 389 1338 astronomiae
423 1277 598 1339 examinata
630 1277 719 1340 aliter
750 1278 860 1340 habere
893 1277 1164 1356 deprehenduntur.
1219 1277 1288 1340 Non
1321 1277 1400 1340 enim
1434 1277 1543 1340 falsum

187 1365 305 1440 dicunt,
335 1365 390 1428 sed
413 1383 534 1428 sensnm
556 1367 641 1428 visus
662 1367 721 1430 hoc
744 1367 843 1429 dicere
867 1365 1023 1428 verissime
1056 1375 1257 1440 asseverant3
1286 1385 1339 1428 seu
1363 1367 1464 1448 potius
1487 1368 1543 1429 hoe
1614 1360 1617 1368 ’

188 1455 297 1518 avisu
320 1453 504 1533 suggestum
521 1455 560 1516 ad
588 1454 759 1518 institutum
783 1475 868 1518 suum
892 1457 1139 1518 accommodant:
1175 1465 1367 1518 astronomus
1395 1475 1466 1519 uero
1490 1476 1544 1520 seu

189 1541 287 1624 magis
319 1543 439 1624 opticus
469 1561 591 1606 sensnm
617 1545 700 1607 visus
732 1545 870 1607 fallaciae
899 1545 977 1606 citra
1008 1563 1126 1607 omnem
1154 1545 1366 1608 contumeliam
1395 1547 1543 1624 coarguit.

189 1631 335 1712 Equidem
358 1646 425 1694 cum
449 1632 577 1712 legimus
596 1634 677 1696 mille
697 1635 772 1697 locis
791 1634 973 1696 mentionem
993 1642 1192 1697 extremorum
1207 1635 1294 1708 coeli,
1320 1634 1359 1694 ad
1378 1653 1454 1714 qnae
1469 1654 1544 1714 gens

186 1719 307 1784 Judasa
330 1721 522 1800 dispergatur
543 1723 671 1804 indeque
694 1731 870 1800 revocetur,
895 1741 983 1786 nemo
1006 1743 1065 1786 non
1089 1722 1187 1798 ridet,
1211 1723 1267 1786 illa
1288 1741 1343 1802 per
1369 1721 1420 1787 13.
1445 1724 1544 1804 quarti

189 1810 367 1873 Vitellianis
390 1810 579 1890 explicanda.

193 1939 197 1946 -
279 1897 355 1962 Cum
378 1917 449 1962 vero
472 1919 526 1980 per
547 1900 619 1965 ill.
644 1901 743 1982 quarti
762 1900 869 1964 Vitell.
890 1921 929 1962 ex
947 1900 1057 1980 spatio,
1081 1919 1172 1980 snper
1194 1900 1273 1982 qnod
1296 1899 1415 1964 risibile
1438 1919 1545 1964 more·

189 1995 247 2064 tur,
270 1988 460 2068 motusipse
484 1997 659 2052 censeatur:
685 1991 781 2056 omnis
805 2009 875 2054 vero
899 1999 1000 2052 motus
1018 1989 1048 2051 in
1075 1991 1157 2053 linea
1177 1990 1245 2064 fiat,
1271 2009 1366 2071 eaque
1389 1991 1439 2052 rel
1462 1997 1546 2053 recta

189 2078 239 2140 vel
271 2077 426 2151 circulari,
458 2085 546 2160 patet
577 2079 681 2159 igitur,
714 2079 741 2141 si
772 2080 838 2160 quis
869 2099 951 2142 error
983 2080 1095 2142 accidit
1122 2079 1201 2142 visui
1229 2079 1258 2142 in
1282 2080 1370 2142 lineis
1401 2087 1544 2155 motuum,

191 2168 318 2230 eundem
341 2167 372 2229 in
395 2169 527 2230 motibus
550 2168 627 2248 ipsis
651 2169 799 2232 accidere.
831 2167 1011 2249 Hujusmodi
1034 2187 1160 2242 errores,
1186 2187 1239 2232 seu
1257 2168 1358 2248 potius
1377 2177 1546 2248 φωιιασιαι,

191 2257 315 2318 duorum
339 2267 411 2319 sunt
439 2275 581 2337 generum
613 2257 694 2338 apud
727 2265 931 2333 astronomus,
965 2259 1128 2320 secundum
1152 2258 1231 2336 quod
1255 2258 1330 2319 duos
1353 2257 1546 2337 potissimum

192 2345 319 2408 circulos
343 2347 393 2408 uni
415 2347 558 2424 planetae
581 2348 726 2422 tribuant,
752 2348 879 2409 alterurn
898 2346 1107 2423 eoeentrioum,
1132 2345 1262 2408 alterum
1276 2345 1452 2427 epinyclurn.
1481 2345 1547 2408 Sed

191 2434 281 2496 aliter
301 2433 505 2511 Ptolemaeus,
531 2435 620 2498 aliter
643 2433 839 2516 Oopernious,
864 2455 951 2516 qnam
974 2453 1031 2514 ego
1055 2455 1172 2516 aequor,
1198 2435 1287 2497 aliter
1310 2443 1342 2496 et
1365 2435 1547 2500 novissimus

193 2523 295 2606 Tyoho
322 2523 432 2586 Brahe.
478 2525 559 2587 Nam
589 2526 732 2588 circulum
763 2525 961 2588 eccentricum
990 2522 1158 2605 Oopernioo
1191 2532 1223 2586 et
1254 2524 1390 2606 Tychoni
1422 2525 1548 2604 planeta

191 2611 257 2693 ipse
290 2632 345 2675 sno
375 2631 499 2694 corpore
526 2621 691 2694 peragrat:
724 2614 899 2676 Ptolemaeo
928 2633 986 2676 non
1020 2633 1126 2693 corpus
1153 2613 1296 2692 planetae
1329 2614 1383 2674 sed
1413 2619 1548 2676 centrum

191 2701 338 2784 epioyoli:
372 2703 538 2784 epioyolum
570 2712 677 2764 contra
700 2703 875 2765 Ptolemaeo
908 2703 973 2783 ipse
997 2703 1122 2782 planet-a
1149 2721 1203 2764 suo
1234 2721 1360 2782 corpore
1391 2710 1547 2782 peragrat.-

192 2790 304 2870 singuli
334 2791 485 2870 singulos:
517 2790 685 2871 Oopernico
709 2792 821 2854 Terrae
851 2791 993 2854 circuitus
1017 2793 1120 2854 unione
1144 2809 1247 2854 omnes
1270 2791 1354 2854 tollit
1376 2790 1547 2872 epicyclos:

192 2878 329 2962 Tychoni
361 2887 394 2942 et
420 2878 504 2942 Solis
528 2889 559 2942 et
588 2882 683 2943 totius
714 2881 892 2962 systematis
920 2881 1081 2961 planetarii
1112 2897 1188 2942 nnus
1221 2889 1252 2942 et
1283 2881 1364 2942 idem
1395 2881 1548 2954 circuitus,

193 2968 357 3032 communis
381 2969 517 3033 omnibns
539 2970 687 3050 partibus,
714 2969 819 3032 itidem
842 2989 945 3032 omnes
969 2970 1051 3032 tollit
1074 2969 1234 3051 epinyclos.
1279 2970 1449 3049 Propterea
1470 2970 1547 3030 Pto·

191 3057 309 3122 lemaeo
340 3065 372 3120 et
401 3059 536 3140 Tyohoni
568 3061 711 3138 planetae
743 3067 842 3121 motus
866 3078 924 3122 non
954 3058 1144 3138 simpliciter,
1172 3077 1267 3139 neque
1291 3058 1334 3121 illi
1360 3058 1549 3139 epicyclicus‚
1604 3051 1613 3072 ⁶

192 3165 290 3228 neque
314 3147 381 3210 huie
412 3148 600 3212 eoeentricus
623 3156 687 3226 est,
721 3147 809 3211 circa>
832 3157 974 3228 punctum
997 3148 1119 3229 aliquod
1148 3147 1312 3222 immobile,
1338 3148 1392 3210 aed
1415 3167 1447 3210 re
1477 3165 1551 3210 vera

191 3236 319 3316 spiralis
343 3244 375 3298 et
397 3237 583 3316 compositus
606 3257 645 3299 ex
668 3238 835 3301 eoeentrico
859 3245 890 3299 et
913 3237 1063 3319 epieyclo:
1088 3237 1145 3300 soli
1170 3235 1339 3316 Copemico
1363 3237 1550 3299 eoeentricns

191 3326 234 3399 is,
269 3343 357 3405 quem
387 3325 438 3387 ille
468 3327 628 3406 supponit,
661 3335 710 3388 est
737 3346 769 3388 re
797 3345 870 3388 vera
893 3327 987 3407 ipsius
1010 3327 1152 3406 planetae
1176 3333 1275 3388 motus
1308 3324 1438 3405 simplex
1470 3325 1551 3387 circs

190 3422 335 3494 punctum
363 3415 513 3477 immobile
546 3435 600 3477 seu
632 3413 735 3478 Solem
776 3415 850 3488 (nisi
882 3423 1031 3496 quatenns
1061 3415 1129 3478 hnic
1161 3413 1332 3478 sententiae
1362 3414 1549 3477 correction-

191 3503 292 3565 onlam
315 3502 458 3584 aliquam,
482 3503 521 3565 ad
545 3522 649 3566 omnes
673 3511 812 3567 auctores
835 3505 1045 3584 pertinentem,
1071 3505 1218 3567 allatnms
1242 3521 1307 3566 sum
1332 3503 1363 3565 in
1388 3501 1550 3566 Commen-

192 3591 281 3654 tariis
304 3592 342 3653 de
365 3593 495 3654 motibus
518 3591 644 3667 Martis)
672 3611 769 3674 neque
801 3593 937 3656 variatur
964 3602 1049 3656 motu
1079 3592 1259 3675 epioyclico‚
1291 3611 1358 3654 cum
1389 3591 1437 3654 hic
1470 3590 1549 3670 apud

191 3681 277 3744 illum
301 3689 455 3743 auctorem
478 3681 551 3744 nihil
575 3681 656 3744 alind
679 3683 733 3752 sit,
762 3701 852 3762 qnam
878 3683 1043 3762 phantasia
1065 3691 1183 3744 motus:
1216 3683 1286 3744 dnm
1309 3683 1422 3742 Terrae
1445 3686 1544 3742 motus

191 3769 300 3832 unicus
323 3769 531 3833 dissimulatur
552 3770 584 3834 in
608 3773 703 3833 Terra
726 3779 758 3833 et
780 3771 906 3852 singulis
929 3771 1063 3850 planetis
1086 3770 1308 3833 transcribitur.

281 3858 361 3922 Utut
392 3865 567 3938 comparata
600 3859 642 3922 sit
672 3861 748 3922 haec
779 3859 992 3942 hypothesium
1023 3860 1209 3933 differentia,
1242 3857 1379 3938 gemina,
1409 3862 1444 3918 nt
1476 3853 1548 3930 dixi,

192 3953 330 4011 motuum
352 3949 507 4030 perceptio
531 3948 638 4011 existit
661 3950 753 4012 errori
778 3949 927 4025 obnoxia3
961 3949 1060 4012 altera
1082 3948 1201 4031 quidem
1224 3945 1388 4008 communis
1412 3944 1549 4007 omnibus

193 4037 385 4112 auctoribus,
416 4055 491 4118 quse
520 4046 569 4100 est
592 4039 630 4101 sb
658 4039 846 4102 eoeentrico·
872 4037 981 4111 altera,
1004 4041 1043 4102 ab
1067 4037 1202 4121 epinyclo
1226 4043 1303 4109 orta,
1327 4033 1359 4096 in
1381 4032 1549 4112 Gopemioo

191 4145 278 4190 mera
300 4135 351 4190 est
371 4126 456 4190 visus
480 4125 561 4190 circa
582 4126 739 4206 planetam
760 4127 1000 4204 hallucinatio,
992 4149 1022 4191 m
1046 4129 1157 4192 ceteris
1182 4123 1355 4190 auctoribus
1378 4123 1473 4185 habet
1490 4120 1549 4184 ali·

192 4215 264 4297 quid
287 4216 325 4278 de
348 4233 420 4278 rero
442 4216 584 4296 planetae
607 4224 690 4281 motu
713 4217 914 4298 conjunctum.

286 4302 392 4368 Causa
414 4304 574 4368 eoeentrici
596 4305 739 4385 planetae
761 4306 812 4368 vel
840 4306 921 4368 tardi
950 4303 1000 4366 vel
1029 4305 1150 4367 veloces
1172 4309 1330 4384 apparent.
1379 4299 1482 4364 Canes
1504 4305 1553 4360 est

195 4393 309 4477 partim
330 4393 469 4476 physica,
494 4394 606 4474 partim
630 4395 741 4474 optica.
782 4395 860 4457 Pars
883 4413 994 4458 caueae
1016 4392 1145 4474 physica
1168 4412 1227 4455 non
1249 4390 1378 4472 praebet
1399 4389 1476 4451 risui
1500 4405 1551 4449 ar-

197 4489 373 4562 amentum
406 4483 541 4559 errandi,
566 4483 621 4546 s'ed
643 4483 685 4559 id,
711 4485 790 4564 quod
812 4502 844 4546 re
868 4502 942 4546 vera
963 4483 1014 4558 lit,
1039 4483 1131 4544 etiam
1154 4481 1232 4545 risui
1254 4484 1481 4561 repraesentat,
1514 4475 1550 4562 de

196 4587 257 4651 qna
277 4571 310 4634 in
329 4569 562 4636 Commentariis
585 4571 623 4634 de
645 4571 777 4636 motibus
800 4573 929 4636 Martis:
953 4579 1073 4634 veteres
1092 4589 1159 4633 eam
1180 4587 1236 4650 per
1253 4568 1397 4632 circulum
1416 4583 1552 4646 aequan-

198 4667 261 4722 tem
284 4667 562 4741 repraesentarunt.
603 4661 681 4724 Pars
705 4679 815 4725 causae
838 4661 941 4742 optioa
962 4661 993 4722 in
1015 4660 1073 4721 hoo
1096 4658 1157 4721 sita
1179 4666 1236 4734 est,
1262 4657 1432 4740 quodcum
1454 4661 1553 4717 motus

196 4746 338 4828 planetae
361 4769 382 4811 a
403 4749 471 4812 visu
494 4749 679 4814 eoeentricus
703 4751 754 4826 sit,
778 4758 881 4832 partes
904 4751 997 4830 igitur
1019 4747 1098 4810 aliae
1121 4747 1211 4827 htrjm
1235 4745 1338 4810 circuli
1357 4745 1476 4824 longius
1494 4741 1553 4806 ab·

198 4845 270 4900 suut
292 4859 311 4900 a
333 4838 408 4912 sisa,
434 4839 690 4921 qnamreliqnae.
731 4838 964 4921 Peresigitur,
989 4835 1222 4917 qnaeeap.IX.
1247 4836 1423 4899 dictasunt
1447 4839 1554 4912 etpsr
