3464 5524
621 314 652 366 da
670 313 742 366 rebus
761 311 863 378 Opticlr.
1130 329 1132 332 ·
1373 306 1413 374 61

110 497 168 563 alteri
184 495 271 574 imago
293 493 323 554 in
348 489 375 555 G
401 491 531 564 directe,
566 489 651 551 alteri
675 487 773 568 imago
798 487 826 549 in
852 484 876 548 O
900 504 958 547 oon
990 483 1124 556 ridetur,
1157 484 1209 544 sed
1234 485 1295 546 alia
1317 483 1416 565 imago

110 585 213 650 inllilli
233 583 367 656 offertur,
394 583 449 644 sed
474 579 600 658 oblique,
626 577 734 657 quippe
758 575 807 655 qui
831 593 889 637 nen
913 575 942 636 in
966 575 992 637 B
1017 572 1119 636 sedin
1144 569 1169 634 O
1193 573 1326 635 directus
1350 593 1417 636 esse

106 673 191 757 ponitur
209 671 243 733 ob
265 671 451 732 evidentiam
475 668 571 750 partis
594 665 709 747 speculi
723 666 765 738 B,
790 682 865 743 quae
890 663 928 724 ad
952 681 985 724 ee
1008 661 1090 741 rapit
1112 669 1268 743 utrumque
1292 663 1417 725 oculum.

107 765 158 825 lide
175 763 223 822 hac
244 761 279 821 de
303 779 336 821 re
351 758 467 839 Optica
489 756 565 838 Cap.
582 757 620 830 V,
637 752 667 819 3.
683 772 767 833 prop.
785 750 881 827 2-7,
906 751 1066 832 praecipue
1089 767 1173 830 prop.
1190 749 1220 812 7.
1252 751 1323 812 Etsi
1338 752 1416 812 euim

102 855 126 914 dr
143 850 215 930 globo
229 867 320 929 aquea
345 867 448 910 sermo
464 855 528 920 est,
553 845 642 906 facile
657 851 757 906 tamen
783 841 999 903 demonstratio
1024 839 1267 902 accommodatur
1290 839 1328 901 ad
1345 858 1417 920 spe·

100 943 169 1004 culum
188 955 355 1000 concavum.
404 937 510 1017 ltaque
533 934 618 996 vides
642 932 733 994 etiam
756 929 785 990 in
811 926 929 1010 Opticle
952 947 999 991 me
1022 929 1079 990 hoc
1103 929 1190 1002 dare,
1214 947 1272 990 non
1297 947 1417 991 omnem

99 1031 169 1092 locum
188 1025 318 1106 imaginis
343 1045 413 1088 esse
438 1047 457 1088 a
480 1024 625 1086 facultate
658 1020 817 1083 oculorum.
865 1016 946 1088 Quid
968 1017 1062 1098 igitur
1085 1035 1159 1098 opus
1183 1023 1248 1091 est,
1283 1025 1317 1080 nt
1346 1017 1417 1079 mihi

98 1121 123 1180 do
139 1115 287 1197 pertinacia
309 1123 432 1176 metues
456 1113 487 1174 in
516 1119 658 1192 suscepta
681 1129 753 1171 sen·

97 1195 185 1267 tentia?
223 1203 270 1265 Ex
297 1202 426 1265 infinitis
457 1201 543 1264 unius
575 1200 678 1280 puncti
701 1219 753 1261 ra·
1038 1210 1092 1278 rig.
1111 1207 1153 1260 st.

97 1293 138 1356 diis
161 1311 256 1366 nuum,
285 1291 347 1366 ais,
387 1292 485 1354 solnm
507 1290 537 1351 in
561 1290 688 1351 oculum·
702 1307 753 1349 re·
877 1319 879 1326 ·

96 1385 145 1462 cipi
189 1381 281 1444 Video
327 1380 418 1443 uobis
460 1380 609 1458 imponere
646 1395 753 1438 vocum
778 1379 800 1394 ⁰

96 1471 284 1552 ambiguitates.
304 1470 480 1550 Loqnemur
493 1468 611 1530 clarius.
635 1467 764 1540 Puncta,

97 1560 214 1622 radiantia
231 1559 297 1620 sint
311 1559 358 1632 A,
375 1556 416 1631 C,
441 1555 543 1619 radius
566 1575 671 1630 conus,
697 1575 751 1617 cu-

93 1651 127 1728 jus
144 1647 215 1710 basis
232 1649 297 1728 jam
322 1655 375 1708 est
391 1646 446 1709 EF
468 1644 597 1708 latitudo
620 1643 750 1724 pupillae

96 1737 227 1798 foraminis.
259 1737 344 1816 Ergo
361 1736 427 1814 lege
442 1733 658 1796 mathematica
675 1733 756 1818 intra

95 1825 131 1886 EF
148 1835 176 1886 ut
195 1825 310 1887 infinita
334 1831 409 1886 eunt
430 1832 555 1903 puncta,
581 1822 624 1884 sic
646 1819 755 1884 infiniti

95 1934 181 1994 quoqne
202 1915 279 1976 exA
298 1913 392 1988 radii,
416 1911 523 1974 infiniti
548 1910 640 1974 etiam
663 1929 701 1972 ex
716 1907 753 1972 Ο.

94 2003 111 2062 li
127 2021 213 2064 omnes
235 2003 448 2083 ingrediuntur
471 2003 519 2074 (et
541 1999 586 2062 sic
604 1999 754 2080 recipiun-

94 2095 139 2166 tur)
159 2092 182 2153 in
204 2092 329 2154 oculum.
372 2089 549 2152 Sentiuntur
572 2097 672 2150 tamen
688 2101 753 2149 onr-

93 2199 132 2240 nrs
157 2181 280 2259 ejusdem
309 2180 381 2242 coni
410 2177 518 2242 radioli
548 2178 604 2239 sub
636 2178 753 2239 ratione

95 2267 164 2332 unius
190 2269 364 2331 incidentes
378 2267 456 2330 enim
471 2265 500 2328 in
515 2266 752 2348 chrystallinnm,

93 2358 140 2434 ejus
168 2357 305 2420 beneficio
344 2355 561 2419 contrahuntur
598 2355 627 2416 in
664 2373 753 2417 unum

92 2453 218 2522 punctum,
241 2465 349 2508 omues
374 2445 456 2507 exA
479 2444 508 2505 in
531 2445 572 2516 B,
597 2462 701 2505 omnes
716 2461 754 2504 ex

93 2531 150 2594 Gir
169 2535 202 2598 D.
245 2535 288 2597 Et
311 2535 377 2615 jam
407 2531 456 2595 hic
479 2531 507 2594 in
527 2532 569 2605 B,
594 2533 623 2594 D
646 2551 753 2594 occur·

92 2623 305 2687 teneretiformis
320 2621 434 2702 excipit
448 2621 631 2684 radiationes
650 2639 754 2683 omnes

93 2709 213 2774 munere.
249 2713 340 2775 Haec
359 2711 389 2772 in
405 2709 513 2791 opticis
538 2710 752 2772 demonstravi.

92 2797 208 2862 Videmur
226 2801 333 2884 itaque
356 2807 481 2880 uterque
497 2817 569 2860 vera
592 2798 700 2873 dicere,
725 2798 750 2860 si

93 2887 122 2948 sic
140 2891 315 2971 explicemus
338 2896 444 2952 nostra
466 2887 569 2950 verba.

155 2997 369 3062 Brenggernr:
394 2993 499 3059 Negavi,
517 2994 598 3044 lucem
620 3010 636 3045 a
657 2999 785 3060 superficie
804 2999 910 3064 corporis
936 2997 1054 3063 diaphaui
1070 2997 1170 3063 refringi
1194 3009 1276 3064 posse,
1302 3013 1331 3050 eo
1352 3001 1417 3066 quod

92 3064 186 3116 damiata
208 3073 305 3118 areat
349 3065 388 3115 'l'u
411 3081 468 3116 reru
489 3068 624 3130 opposuisti
647 3068 707 3118 milri
733 3070 794 3135 Gap.
816 3071 834 3120 l.
854 3086 889 3134 pr.
911 3067 952 3118 13.
982 3069 1088 3133 Opticae
1120 3075 1195 3125 tuae,
1226 3071 1269 3120 nbi
1297 3071 1416 3132 comodis,

92 3137 201 3198 uperfciei
219 3137 403 3204 quodammodo
425 3144 564 3201 competere
589 3138 746 3191 densitatem.
784 3142 847 3192 Eam
864 3141 914 3206 legi
934 3148 960 3192 et
978 3140 1141 3191 animadverti
1162 3141 1263 3192 remita
1279 3156 1307 3192 se
1325 3142 1418 3195 habere

91 3214 110 3252 ct
125 3211 226 3272 scripsisti
246 3207 284 3274 (p.
310 3205 365 3270 57).
404 3208 464 3258 Esto
486 3209 552 3258 enim
577 3223 664 3273 corpus
690 3213 754 3276 quod
778 3212 951 3270 condensetur,
975 3225 1078 3262 necesse
1100 3218 1139 3262 eat
1159 3214 1213 3273 ejus
1237 3212 1419 3278 longitudinem

91 3283 110 3324 rt
126 3278 266 3331 latitudinem
290 3286 317 3329 et
337 3293 381 3343 per
401 3293 553 3344 consequens
574 3281 654 3344 ipsam
678 3297 774 3348 quoque
795 3282 948 3347 superficiem
969 3282 1123 3333 condensari.
1161 3281 1255 3334 Verum
1279 3285 1419 3348 superficiei

91 3345 124 3397 loc
143 3353 224 3401 accidit
246 3366 300 3402 non
323 3365 369 3414 per
391 3365 418 3400 se
442 3350 487 3400 sed
508 3365 552 3414 per
572 3351 700 3413 accidens,
725 3368 773 3404 nec
795 3353 922 3412 absolute,
945 3353 990 3412 aed
1012 3353 1147 3404 secundm
1169 3355 1235 3420 quid.
1272 3355 1333 3406 Ideo
1350 3365 1419 3408 recte

92 3423 238 3473 aeaddita
266 3429 306 3473 eat
337 3422 465 3478 limitatio.
494 3422 559 3486 quod
589 3425 717 3486 competat
745 3427 768 3475 ei
792 3425 901 3474 densitas
927 3425 1206 3489 „quodammodo.“
1244 3427 1284 3476 liit
1309 3427 1418 3478 conden-

92 3494 185 3555 satioper
201 3494 399 3544 cmhacdonem
420 3507 466 3542 sen
483 3493 687 3556 proximationem
710 3494 751 3557 (ut
775 3496 811 3546 sic
836 3491 929 3556 dicam)
950 3497 1057 3560 partium
1076 3497 1182 3560 corporis
1204 3499 1323 3549 contined.
1360 3499 1419 3549 Janr

92 3575 130 3610 rere
150 3565 297 3628 mperfieier,
322 3565 344 3612 si
363 3564 541 3628 longitudinem
560 3570 658 3628 spectes
678 3571 704 3615 et
730 3566 900 3623 latitudinem,
924 3573 962 3618 est
982 3566 1082 3616 dividua
1101 3575 1127 3616 et
1145 3567 1222 3618 habat
1242 3577 1336 3632 partes.
1354 3583 1419 3634 quae

91 3633 243 3700 nmgnstum
270 3636 385 3686 contrahi
407 3642 517 3698 possunt,
542 3642 571 3684 ut
585 3636 621 3684 sic
643 3637 689 3685 fiat
709 3638 808 3688 densior
829 3652 872 3686 sno
894 3637 974 3686 modo.
1012 3639 1047 3686 Δι
1068 3638 1204 3688 secundum
1226 3640 1419 3702 profunditatem

91 3705 128 3762 einr
147 3720 197 3769 pars
218 3707 289 3756 nulla
313 3713 366 3764 est,
399 3719 475 3770 quare
502 3706 638 3756 seeundum
662 3706 727 3758 hauc
749 3705 791 3769 (de
813 3721 863 3772 qua
886 3709 1038 3771 potissimum
1063 3708 1132 3758 nobie
1153 3724 1233 3759 sermo
1258 3708 1309 3771 ert)
1330 3710 1419 3760 nullius

92 3786 149 3835 uper
169 3785 204 3827 est
229 3779 371 3828 densitatis.
408 3777 454 3826 His
479 3778 615 3834 stantibus,
648 3780 671 3828 ri
695 3779 832 3843 tingamus,
859 3779 955 3828 radium
980 3778 1104 3842 quendam
1121 3781 1227 3829 mansue
1249 3795 1293 3843 per
1310 3780 1417 3844 longitu·

91 3843 150 3895 duem
171 3849 313 3913 superficiei,
339 3862 397 3898 eum
420 3849 530 3898 dicemus
554 3848 653 3914 refringi
673 3863 689 3898 a
711 3849 834 3900 densitate
852 3849 1003 3914 superficiei:
1029 3857 1057 3901 at
1080 3851 1142 3900 radii
1159 3856 1415 3914 manseuutessuper-
1443 3848 1447 3856 '

91 3913 160 3979 idem,
179 3935 225 3970 non
247 3933 298 3985 qua
321 3919 398 3984 longa
421 3925 466 3968 aut
481 3918 550 3980 lata,
576 3920 620 3969 red
638 3934 683 3984 per
702 3928 885 3978 uenerersum,
916 3927 1039 3984 quatenns
1063 3921 1158 3974 seilicet
1175 3920 1281 3970 indivisa
1306 3927 1344 3970 est
1368 3933 1419 3970 nec

91 3995 152 4046 luter
172 3989 263 4041 hiena
288 4005 336 4040 nec
362 3991 519 4047 densitatem,
545 3991 578 4040 ab
601 3990 645 4039 illa
665 3992 766 4057 refringi
786 4007 835 4041 non
856 3999 968 4055 possunt,
993 3992 1037 4042 red
1061 3997 1160 4042 tantum
1181 4005 1197 4042 a
1222 3991 1346 4042 densitate
1364 4005 1418 4042 cer-

92 4059 137 4117 ttu't
161 4061 284 4126 diaphani,
320 4075 386 4126 quae
414 4062 473 4125 qnia
501 4076 553 4111 non
581 4062 607 4111 iu
632 4065 685 4124 ejus
715 4064 856 4113 summitate
887 4063 1010 4112 duntaxat
1031 4069 1058 4112 et
1080 4064 1147 4113 circa
1163 4061 1317 4127 superficiem
1337 4061 1418 4111 locum

92 4125 158 4188 labet,
182 4133 223 4183 aed
244 4147 288 4196 par
312 4147 400 4182 omnes
419 4132 582 4183 dimensiones
603 4135 679 4182 totius
703 4131 793 4182 diffusa
818 4140 868 4191 est,
895 4135 958 4182 ratio
977 4133 1056 4183 dictat
1077 4133 1158 4183 radios
1177 4132 1309 4183 luminosos
1329 4147 1378 4182 uon
1392 4135 1418 4182 in

92 4203 205 4254 tennitas
229 4209 344 4260 tanturn,
367 4203 412 4253 sed
435 4204 461 4252 in
484 4209 537 4252 teto
563 4217 663 4266 corpore
686 4205 828 4267 passionem
848 4203 916 4253 illam
941 4206 1072 4260 sustinere,
1093 4218 1167 4268 quam
1192 4203 1266 4266 optici
1287 4217 1337 4253 non
1357 4203 1418 4252 satie

93 4273 190 4323 summe
209 4275 386 4324 miraetionem
410 4273 543 4338 appellant
581 4274 722 4324 Persuadeo
748 4289 794 4340 ego
812 4273 881 4332 mihi,
904 4277 929 4324 in
950 4274 1074 4339 diaphano
1096 4274 1172 4324 denso
1191 4273 1272 4322 radies
1297 4271 1418 4330 connati.

93 4341 135 4400 tuit
152 4353 228 4406 partes
251 4345 317 4394 illius
342 4351 402 4398 sunt
425 4350 569 4394 contractae
593 4351 619 4396 et
640 4352 799 4404 coarctataer
822 4347 848 4394 in
869 4360 924 4395 raro
943 4357 1000 4395 rere
1025 4344 1124 4394 dilatari
1144 4359 1187 4410 pro
1209 4345 1306 4394 ratione
1327 4343 1418 4395 dilata·

93 4411 147 4462 dont
166 4418 267 4479 partium
291 4416 401 4480 corporis
426 4415 544 4479 diaphani
564 4417 621 4466 rari.
692 4445 695 4454 =

158 4485 352 4568 chlerus:
377 4486 506 4548 Pulchre
521 4505 656 4567 pugnas,
681 4487 856 4562 ostendens,
883 4486 1029 4567 quomodo
1044 4483 1120 4546 radii
1144 4483 1287 4564 diaphani
1310 4503 1419 4566 supcr-

93 4567 165 4636 iciem
186 4577 359 4657 trajiciant,
394 4594 452 4636 non
485 4593 544 4655 qua
573 4575 627 4637 illa
656 4584 704 4637 est
733 4576 828 4638 densa
851 4595 884 4638 aa
907 4575 989 4653 ipsa,
1024 4573 1084 4635 imo
1108 4591 1167 4652 qua
1190 4572 1301 4635 nullam
1324 4575 1419 4637 habet

94 4669 184 4736 parum
204 4665 261 4728 sibi
284 4665 471 4726 obstantem.
504 4665 549 4726 At
571 4683 683 4745 quaeso
707 4672 751 4739 te,
776 4664 847 4745 quid
870 4670 960 4742 putas
976 4660 1005 4722 in
1019 4659 1145 4740 chalybe
1168 4660 1248 4734 fieri,
1273 4662 1343 4741 quid
1367 4682 1419 4725 re·

94 4752 195 4822 percutit
214 4753 334 4817 radium
359 4749 462 4815 Solis?
498 4749 698 4831 Superiicies‘l
738 4753 784 4814 At
806 4752 907 4813 radius
931 4749 975 4810 illi
999 4748 1056 4808 hac
1079 4745 1197 4821 incidit,
1224 4767 1283 4828 qua
1305 4751 1418 4812 nullam

95 4829 164 4899 labo
182 4851 312 4922 partem,
347 4849 384 4903 ut
406 4847 439 4903 tu
461 4841 550 4902 modo
573 4840 707 4916 dixeras,
742 4840 850 4920 qnippe
879 4843 963 4900 caret
991 4834 1207 4917 profunditate.
1254 4837 1304 4900 An
1328 4837 1419 4920 igitur
1479 4835 1481 4838 ’
