3718 5528
777 303 858 368 Caput
875 303 933 356 vtt.
955 307 977 357 l.

760 575 880 690 Caput
917 591 996 666 Vll.

706 768 762 830 De
784 771 896 832 umbra
921 769 1049 832 Tmae.

286 927 339 992 Ad
363 928 520 990 materiam
543 925 775 990 astronomicam
806 929 842 989 de
874 929 1035 1010 eclipsibus
1064 931 1189 993 subinde
1217 933 1339 1012 propius
1368 931 1555 992 accedimus:

200 1019 335 1098 quamvis
359 1019 403 1080 ita
426 1026 509 1079 arcte
533 1017 612 1078 inter
635 1035 668 1078 se
691 1035 843 1079 connexae
869 1027 939 1080 sunt
963 1019 1182 1098 disputationes
1218 1021 1254 1082 de
1282 1021 1500 1082 illuminatione
1526 1027 1557 1080 et

199 1108 236 1169 de
265 1105 513 1169 obtenebratione
536 1107 658 1181 Lunae,
682 1115 716 1166 nt
740 1125 831 1186 snpra
854 1125 921 1186 cap.
947 1108 1003 1170 VI.
1029 1110 1095 1187 jam
1125 1110 1162 1171 de
1189 1110 1354 1189 penumbra
1383 1108 1554 1181 dixerimus,

198 1198 235 1258 de
259 1195 461 1258 illustratione
486 1213 555 1257 vero
579 1195 674 1256 multa
697 1196 861 1258 differenda
885 1197 996 1258 luerint
1019 1218 1074 1260 uec
1097 1198 1185 1277 plane
1209 1199 1312 1260 decisa
1335 1198 1375 1259 sit
1394 1196 1555 1270 sententia,

199 1295 298 1348 utrum
322 1285 411 1347 Luca
433 1284 552 1366 proprio
576 1282 685 1346 lumine
707 1285 798 1367 plane
822 1293 935 1348 careat.

651 1425 678 1488 1.
716 1426 768 1488 De
797 1427 919 1506 figura
949 1426 1108 1488 umbrae.

287 1551 433 1614 Umbram
457 1550 558 1630 itaque
582 1551 693 1612 Terrae
717 1569 822 1611 conum
856 1571 908 1612 seu
940 1551 1039 1612 meta'e
1063 1551 1158 1630 figura
1181 1569 1257 1624 esse,
1289 1558 1451 1631 propterea
1479 1553 1558 1631 qnod

200 1649 233 1702 et
262 1639 316 1702 Sol
344 1639 515 1702 illuminans
552 1640 710 1712 rotundus,
741 1645 771 1698 et
803 1639 912 1714 Terra,
947 1639 1020 1699 nihil
1052 1639 1199 1718 impedita
1226 1641 1394 1714 montibus,
1428 1640 1558 1701 rotunda
1601 1659 1603 1664 ·

199 1730 363 1809 eademque
388 1727 484 1789 minor
507 1725 579 1788 Sole
603 1728 657 1796 sit,
688 1729 766 1788 satis
799 1735 847 1788 est
870 1749 889 1789 a
912 1727 1077 1788 Vitellians
1109 1726 1234 1808 aliisque
1258 1729 1429 1808 probatum.
1477 1728 1557 1789 Vide

201 1819 253 1882 lib.
278 1819 317 1880 ll.
344 1816 520 1878 Vitellionis
546 1835 631 1896 prop.
656 1810 708 1880 26.
734 1814 786 1878 27.
811 1814 872 1892 28,
906 1817 954 1878 ubi
979 1835 1107 1896 sequens
1132 1813 1185 1880 33.
1210 1818 1300 1896 plane
1324 1817 1485 1894 eclipsibus
1510 1824 1559 1880 est

203 1907 368 1968 destinata.
415 1905 515 1966 Docet
542 1905 620 1967 enirn
648 1906 679 1966 iu
710 1905 897 1985 oppositione
926 1906 1051 1967 contrali
1086 1905 1274 1968 luminarium
1307 1925 1345 1968 ex
1377 1907 1470 1967 Terra
1494 1903 1557 1966 lieri

196 1998 304 2059 'Lunae
330 1995 465 2072 eclipsin.
490 1991 577 2064 Quae
600 2013 672 2056 vero
693 1995 877 2072 praemissae
901 2003 971 2056 sunt
991 1992 1042 2058 31.
1060 2002 1092 2055 et
1112 1991 1165 2057 32.
1191 1995 1330 2057 videntur
1354 1993 1554 2056 aVitellione

200 2084 373 2146 destinatae
396 2083 435 2144 ad
459 2101 580 2144 causam
604 2083 772 2154 dicendam,
796 2103 849 2145 cnr
870 2085 958 2146 Luna
981 2105 1121 2163 nepqace
1144 2083 1256 2163 nigrior
1278 2083 1320 2145 sit
1342 2084 1448 2146 umbra
1466 2083 1553 2143 invo-

201 2174 275 2246 luta,
301 2191 388 2253 quam
412 2171 558 2251 dnoyeme,
583 2190 672 2254 quam
697 2172 903 2251 quaestionem
925 2173 974 2234 hio
998 2191 1035 2233 ex
1058 2173 1196 2252 professo
1220 2172 1383 2236 trademus.

199 2368 265 2440 quia
286 2367 405 2438 spatium
428 2375 546 2438 quatuor
567 2369 694 2422 horarum
716 2375 777 2422 ortu
800 2384 952 2438 occasuque
974 2371 1137 2439 occupabat.
1179 2369 1258 2424 Alius
1285 2369 1430 2438 splendore
1452 2369 1558 2422 caudae

200 2448 365 2518 septimum
392 2449 477 2502 oculis
503 2449 659 2502 mortalium
683 2450 833 2519 ingerebat
859 2457 924 2518 post
949 2449 1020 2503 Solis
1047 2467 1187 2514 occasum,
1216 2452 1335 2503 nondum
1362 2449 1470 2502 beliacs
1497 2455 1557 2502 orto

200 2529 301 2598 capite,
324 2531 395 2599 quod
416 2530 595 2599 sequentibus
617 2531 723 2583 demum
743 2529 840 2582 diebus
861 2530 982 2583 emersit.

288 2610 350 2662 Jam
371 2625 502 2663 concessa
521 2611 607 2664 semel
634 2609 835 2664 illuminatione
856 2625 941 2662 aurae
963 2609 1121 2672 aetheriae,
1145 2609 1329 2662 concedentur
1349 2615 1379 2662 et
1399 2609 1467 2662 certi
1488 2625 1553 2677 pro·

199 2689 363 2760 piaqoitatis
384 2691 488 2760 ςηάιιι
509 2705 560 2760 pro
581 2689 759 2758 dispositione
781 2689 902 2758 corporis
918 2689 1050 2744 cometici.
1078 2691 1123 2742 Ex
1138 2688 1236 2758 quibus
1259 2689 1369 2743 tandem
1384 2695 1413 2742 et
1433 2687 1554 2742 ceratias

199 2768 327 2840 speciem,
349 2785 403 2839 quo
424 2787 461 2824 ex
481 2786 585 2840 genere
610 2770 658 2824 ille
680 2769 745 2824 anui
767 2771 812 2824 77.
840 2769 924 2822 fuisse
953 2769 1076 2832 videtur,
1104 2787 1157 2822 non
1179 2769 1273 2838 inepte
1301 2768 1476 2830 extraxeris,
1500 2783 1554 2822 uon

199 2851 271 2920 quod
290 2848 360 2902 radii
381 2849 452 2904 Solis
474 2858 572 2906 contra
591 2849 660 2904 lucis
682 2858 808 2904 naturam
830 2856 977 2903 curventur
999 2849 1026 2902 in
1047 2867 1149 2911 arcum,
1170 2849 1217 2901 sed
1239 2849 1309 2918 quod
1324 2867 1361 2902 ex
1383 2848 1445 2902 aliis
1467 2856 1551 2916 atque

200 2929 263 2984 aliis
285 2928 408 2982 cometici
430 2931 550 2998 corporis
571 2931 699 3000 partibus
715 2947 764 2999 pro
786 2929 926 2999 inaequali
942 2946 1036 2982 earum
1058 2929 1236 2998 dispositione
1252 2928 1314 2982 hinc
1328 2929 1468 2998 longiores
1489 2927 1552 2981 inde

198 3008 340 3064 breviores
361 3009 431 3064 radii
451 3016 570 3073 exeant,
601 3009 646 3080 qui
672 3010 792 3064 universi
816 3008 904 3078 juxta
925 3008 1038 3063 invicem
1067 3008 1185 3062 ordinati
1211 3009 1330 3080 speciem
1351 3009 1430 3063 unius
1452 3009 1556 3062 madae

199 3096 334 3143 curvatae
355 3089 518 3145 exhibeant.

289 3168 381 3222 Possit
403 3171 498 3224 eadem
519 3177 549 3224 et
569 3169 759 3223 declinationis
782 3169 860 3239 origo
875 3185 946 3221 esse.
974 3167 1084 3222 Etenim
1099 3168 1164 3239 quia
1181 3167 1307 3231 diximus,
1328 3168 1441 3240 vulgari
1462 3167 1556 3236 cptica

197 3249 308 3304 ratione
330 3249 397 3313 heri,
420 3257 451 3303 ut
471 3250 540 3303 radii
556 3249 627 3304 Solis
648 3249 801 3304 transmissi
816 3265 866 3317 per
886 3249 999 3302 densum
1020 3257 1143 3300 cometae
1159 3265 1257 3318 corpus
1281 3248 1395 3317 primum
1417 3255 1555 3318 cogantur

200 3331 236 3384 ad
257 3345 339 3382 unum
363 3329 441 3399 quasi
469 3337 615 3400 punctum,
647 3329 738 3398 ibique
768 3328 890 3382 sectione
921 3330 997 3382 tacta
1022 3345 1129 3382 rursum
1161 3329 1328 3382 dilatentur:
1362 3328 1557 3382 extremitates

201 3411 296 3480 itaque
324 3411 430 3464 caudae
455 3410 589 3464 laterales
614 3409 743 3479 utrinque
776 3407 954 3464 declinabunt
975 3425 993 3462 a
1013 3409 1146 3462 diametro
1172 3409 1253 3462 Solis.
1296 3409 1420 3462 Concede
1445 3407 1504 3475 jam
1526 3412 1558 3460 ut
1603 3417 1605 3420 ·

202 3491 322 3544 alterum
343 3490 442 3558 capitis
464 3491 539 3544 latus
554 3507 603 3545 seu
623 3491 733 3562 figurae
746 3505 795 3542 seu
817 3488 961 3543 densitatis
976 3487 1084 3542 ratione
1105 3489 1197 3542 radios
1211 3488 1283 3542 Solis
1299 3507 1352 3543 non
1375 3487 1556 3548 transmittat,

200 3569 288 3642 igitur
309 3567 360 3622 illa
380 3571 485 3624 caudae
505 3586 570 3639 pare
593 3569 776 3638 praecidetur.
798 3569 906 3638 reliqua
919 3569 947 3622 in
969 3569 1043 3622 latus
1066 3569 1184 3622 alterum
1206 3568 1346 3622 declinans
1368 3569 1430 3622 sola
1450 3569 1556 3620 caudae

202 3649 290 3702 totius
310 3647 425 3719 ideoque
447 3657 477 3704 et
497 3650 662 3704 declinantis
683 3649 802 3718 speciem
823 3649 976 3702 exhibebit.
1007 3649 1178 3710 Quinetiam
1197 3655 1305 3702 mutata
1326 3648 1447 3718 corporis
1470 3663 1557 3698 come·

200 3729 248 3783 tici
269 3728 447 3798 dispositione
468 3730 513 3784 vel
534 3731 588 3783 situ
611 3731 644 3782 ad
666 3729 758 3784 Solem
789 3728 930 3782 inclinatio
953 3729 1027 3782 haec¹
1048 3729 1149 3782 mutari
1174 3728 1295 3798 poterit;
1327 3735 1359 3780 ut
1385 3745 1457 3782 anno
1483 3723 1557 3780 1596

203 3810 294 3862 canda
315 3808 430 3878 primum
452 3809 487 3863 ad
508 3811 635 3864 dextram
656 3809 828 3872 declinabat,
851 3807 912 3861 inde
934 3808 960 3861 in
983 3808 1070 3877 ipsam
1097 3808 1258 3862 diametrum
1279 3807 1350 3860 Solis
1372 3807 1557 3876 competebat,

202 3888 319 3958 denique
340 3889 481 3943 transibat
502 3889 536 3943 ad
558 3889 705 3943 sinistram.
741 3889 814 3942 Idem
835 3895 865 3940 et
886 3889 918 3941 de
940 3887 1032 3957 specie
1054 3887 1179 3941 mutabili
1201 3888 1407 3956 credipotest,
1429 3885 1557 3954 ratioque

201 3968 320 4038 patebit,
343 3985 398 4038 qua
412 3970 464 4022 sub
478 3969 661 4023 Macedonicis
683 3969 765 4023 armis
786 3971 921 4038 quondam
936 3967 1003 4022 hirci
1018 3967 1126 4038 efligies
1142 3967 1230 4020 Plinio
1251 3966 1391 4020 referente
1405 3965 1433 4019 in
1448 3965 1558 4018 hastam

201 4053 246 4102 est
266 4055 384 4102 mutata.
427 4049 523 4104 Solere
544 4065 660 4119 namque
681 4051 798 4119 figuram
826 4049 925 4117 capitis
946 4047 1046 4102 mutari
1074 4048 1202 4117 exemplo
1228 4049 1374 4100 eorundem
1403 4053 1559 4115 temporum

202 4135 320 4192 mactat,
351 4145 411 4183 curn
441 4128 573 4183 terribilis
595 4131 644 4184 fax
671 4130 750 4200 quasi
779 4129 906 4182 flammea
934 4131 1021 4182 nubes
1046 4129 1073 4181 in
1099 4130 1167 4182 duas
1194 4133 1288 4197 partes
1319 4126 1459 4180 discedere
1481 4123 1558 4178 etin

203 4209 337 4262 diversum
359 4209 438 4263 abire
458 4208 519 4262 risa
539 4215 591 4264 est.

291 4289 361 4352 Quid
376 4289 399 4342 si
419 4306 485 4344 rerc
506 4289 669 4344 misceamus
687 4288 893 4342 Aristotelicum
913 4290 947 4341 de
964 4291 1054 4342 cauda
1074 4286 1241 4340 sententiam
1261 4286 1415 4349 recentiori,
1439 4292 1471 4339 ut
1491 4301 1557 4338 rere

203 4368 312 4438 expiret
340 4370 435 4438 aliqua
463 4369 554 4424 lucida
582 4369 700 4423 materia
722 4387 760 4422 ex
785 4369 877 4437 capite
904 4374 933 4421 et
954 4367 982 4420 in
1008 4369 1125 4438 plagam
1147 4366 1254 4437 quidem
1277 4382 1353 4428 earn,
1383 4366 1410 4418 in
1438 4381 1518 4435 quarn
1542 4379 1560 4418 a

203 4447 273 4502 Solis
293 4449 376 4502 radiis
400 4449 479 4519 quasi
500 4450 674 4519 expellitur?
705 4449 781 4502 Tunc
807 4448 830 4502 si
851 4449 941 4502 cauda
961 4449 1075 4502 Terram
1102 4447 1261 4518 contingat,
1290 4446 1328 4498 nil
1350 4445 1446 4498 mirum
1467 4449 1559 4499 adrem

205 4543 306 4582 veneno
328 4528 408 4582 infici.

289 4607 436 4662 Ludicrum
456 4608 508 4661 hoc
529 4625 582 4662 nou
604 4613 632 4660 te
654 4607 752 4660 celabo
773 4607 874 4672 lector,
897 4615 929 4662 ut
949 4607 1021 4662 scias
1044 4613 1167 4662 cornetae
1189 4605 1310 4676 effigiem
1336 4611 1559 4674 repraesentare.

206 4687 234 4740 ln
255 4703 392 4742 cameram
406 4703 468 4756 cap.
487 4687 519 4740 ll.
541 4703 582 4756 pr.
602 4685 628 4742 7.
651 4687 817 4754 descriptam
838 4687 1012 4760 ingrediatur
1026 4688 1098 4742 Solis
1119 4686 1221 4750 radius,
1243 4685 1268 4738 ei
1290 4703 1326 4738 ex
1348 4684 1458 4739 dimidia
1478 4689 1560 4754 parte

205 4767 293 4836 objice
314 4769 429 4840 globum
455 4783 589 4836 aqueum:
618 4767 657 4819 sic
677 4771 710 4820 ut
734 4767 826 4820 radius
847 4767 918 4821 Solis
946 4769 1047 4838 partim
1069 4768 1096 4820 in
1116 4764 1216 4819 riuum
1244 4765 1344 4835 partim
1371 4765 1398 4819 in
1427 4764 1561 4835 parietem

205 4844 349 4917 impingat.
393 4847 534 4900 Comatam
555 4846 582 4899 in
605 4846 712 4916 pariete
733 4845 846 4900 ridebis.
860 4841 898 4914 ⁰²)
