3700 5530
357 253 423 336 624
838 251 1235 336 nasem'mnscmn

358 449 427 513 cius
450 451 519 526 ille,
549 447 780 512 facundissimus
809 447 896 509 simul
919 453 1009 527 atque
1033 444 1317 524 famigeratissimus
1339 447 1524 527 astrologiae
1544 444 1702 528 professor,

304 549 308 574 ’
361 538 511 614 habeant,
541 540 677 620 inquam,
708 537 779 619 quid
802 537 839 597 de
862 537 996 616 ipsorum
1019 534 1140 614 seriptis
1164 553 1240 598 unus
1262 535 1373 617 aliquis
1397 536 1531 615 J'udicet,
1561 555 1649 618 quem
1670 535 1703 598 do

359 628 433 690 artis
456 628 627 708 ignorantia
650 643 792 688 accusare
816 642 874 686 nou
897 630 1033 706 possunt.

448 714 568 778 Etenim
593 717 618 777 si
642 715 725 795 vulgi
749 721 797 776 est
819 713 855 774 de
878 713 936 774 hoc
958 709 1166 792 pronunciare,
1189 717 1257 773 nter
1278 711 1385 774 melior
1406 713 1589 792 astrologus,
1613 711 1705 774 sciant

358 823 406 865 me
429 811 512 866 stare
534 804 749 884 pulcherrime:
774 802 822 864 sin
846 802 1001 864 doetonrm
1018 800 1134 880 eligunt
1151 799 1314 880 judicimn,
1337 802 1397 881 ipsi
1406 801 1473 882 jam
1487 802 1604 883 pridem
1627 800 1704 862 ceci-

357 892 475 955 derunt
522 892 594 955 Sive
616 893 710 973 igitur
731 910 847 954 mecum
870 890 915 952 illi
939 896 1022 952 stent
1044 907 1146 952 coram
1167 887 1259 968 vulgo
1281 890 1347 952 sive
1362 907 1431 952 cum
1445 889 1508 954 illis
1522 908 1578 970 ego
1590 889 1705 968 jaceam

357 999 458 1062 coram
481 981 594 1044 doctis:
619 981 758 1063 utrinque
781 999 820 1042 ex
841 979 975 1061 ipsorum
990 977 1094 1041 ordine
1116 996 1192 1052 sum,
1216 977 1291 1058 ipsis
1305 997 1362 1060 par
1378 997 1453 1054 sum,
1476 978 1630 1060 repudiari
1650 995 1705 1040 non

358 1069 454 1131 debeo
461 1089 472 1146 5
496 1069 534 1132 ab
556 1069 691 1133 Herlioio
715 1076 797 1131 certe
820 1087 889 1144 uon,
913 1067 962 1151 qui
986 1085 1034 1128 me
1057 1065 1195 1128 laudarit
1215 1065 1343 1148 publice.
1384 1067 1531 1139 Quamvis
1552 1065 1706 1147 potissima

359 1156 508 1220 hieratio
531 1158 671 1221 habenda
700 1165 749 1220 est
778 1156 1020 1219 doctissimorum
1049 1156 1198 1230 virorum,
1228 1155 1278 1236 qui
1306 1156 1521 1220 mathematica
1551 1173 1613 1218 non
1635 1154 1705 1216 adeo

357 1245 463 1308 imbuti
488 1247 659 1328 frequenter
681 1254 837 1328 quaeruut,
861 1245 998 1307 naturale
1022 1243 1093 1326 quid
1116 1244 1157 1305 sit
1178 1243 1328 1322 Trigonus
1350 1244 1456 1326 igneus
1479 1265 1517 1308 an
1540 1247 1659 1306 darem
1671 1261 1703 1303 a.

446 1333 627 1416 Trigonus
651 1335 786 1408 Graece,
809 1332 1033 1414 Triangulus
1055 1331 1180 1408 Latine,
1201 1351 1264 1394 vox
1286 1339 1336 1394 est
1355 1333 1555 1414 geometrica,
1585 1334 1705 1414 liguram

358 1421 531 1502 significans
555 1423 691 1486 omnibns
718 1424 915 1486 notissimam.
961 1423 1060 1501 Hujus
1088 1419 1174 1484 vocis
1203 1421 1234 1482 in
1264 1421 1431 1502 astrologia
1461 1423 1537 1484 duae
1566 1421 1617 1482 vel
1646 1427 1704 1481 tres

357 1511 436 1572 aliae
467 1521 538 1574 snut
566 1513 714 1575 notiones.
760 1512 892 1576 Primum
922 1511 1017 1586 euim,
1047 1508 1166 1592 quando
1195 1509 1332 1572 binorum
1353 1512 1543 1592 planetarum
1565 1509 1644 1572 radii
1666 1507 1705 1570 sic

354 1607 465 1662 coeunt
488 1600 517 1662 in
540 1601 650 1676 Terra,
673 1608 708 1663 ut
731 1599 924 1681 intercipiant
946 1599 1050 1662 circuli
1073 1615 1111 1659 ex
1132 1605 1244 1679 puncto
1263 1597 1403 1662 coitionis
1426 1598 1571 1680 descripti
1593 1605 1704 1678 partem
1745 1657 1750 1662 .

355 1689 492 1767 praecise
515 1689 652 1764 tertiam,
676 1690 752 1751 haec
774 1688 920 1752 habitudo
942 1687 1079 1750 binorum
1102 1687 1253 1748 radiorum
1276 1703 1293 1747 e
1314 1706 1438 1752 numero
1452 1695 1631 1768 aspectuum
1652 1693 1703 1762 est,

355 1783 389 1838 et
417 1775 589 1857 trigonus
619 1779 667 1839 vel
697 1779 817 1841 trinus
848 1783 1021 1858 aspectus
1051 1775 1169 1837 dicitur.
1214 1775 1308 1838 Ratio
1338 1777 1466 1840 nominis
1493 1783 1559 1852 est,
1591 1774 1703 1857 quiesi
1802 1821 1803 1844 2

357 1865 467 1927 tertius
489 1866 613 1946 planeta
636 1867 794 1930 accederet
816 1867 921 1930 codem
937 1864 1054 1926 scilicet
1075 1863 1236 1926 intervallo
1252 1865 1290 1926 ab
1306 1865 1459 1948 utriusque
1474 1863 1571 1940 radio,
1595 1865 1705 1927 radium
1802 1873 1803 1898 ¹

354 1953 471 2033 etipse
494 1955 534 2016 ad
558 1975 742 2018 communem
765 1957 929 2018 sectionem
952 1953 1125 2027 demittens,
1155 1960 1186 2015 et
1208 1961 1320 2032 puncta
1345 1953 1465 2031 circuli,
1486 1953 1583 2017 radiis
1614 1953 1702 2015 tribus

355 2041 447 2117 secti,
478 2043 569 2106 rectis
603 2052 868 2118 connecterentur,
900 2042 1060 2123 genuinum
1092 2047 1245 2104 crearetur
1276 2042 1460 2122 triangulum
1490 2042 1703 2124 aequilaterum

353 2131 475 2193 notione
500 2134 692 2211 geometrica

441 2218 500 2281 Hic
522 2239 594 2282 vero
617 2219 775 2300 astrologi,
799 2238 836 2280 ne
860 2224 1039 2299 cogerentur
1062 2235 1179 2296 semper
1202 2226 1373 2298 expuncto
1396 2217 1535 2282 coitionis
1558 2217 1704 2282 radionm

355 2305 497 2369 circulum
521 2309 700 2384 describere,
724 2308 771 2370 nsi
795 2316 865 2370 sunt
887 2307 1073 2387 compendio,
1097 2324 1151 2386 pro
1175 2313 1286 2386 puncto
1302 2305 1441 2370 coitionis
1455 2312 1591 2370 centrum
1608 2307 1701 2370 mundi

356 2393 510 2476 ipsiusque
532 2397 658 2474 zodiaci,
683 2415 737 2477 pro
761 2394 872 2459 circulo
895 2415 967 2458 vero
989 2395 1187 2457 describendo
1206 2396 1272 2474 jam
1288 2395 1359 2458 olim
1379 2395 1562 2476 descriptum
1576 2395 1609 2459 in
1624 2397 1701 2458 coelo

353 2482 525 2560 zodiacum,
558 2485 613 2548 sub
642 2505 700 2567 quo
730 2486 872 2566 planetae
895 2503 1000 2548 omues
1031 2483 1189 2558 incedunt,
1220 2483 1383 2563 elegerunt
1429 2485 1535 2567 Itaque
1570 2484 1629 2548 etsi
1658 2505 1701 2546 res

354 2571 431 2650 ipsa,
455 2573 592 2654 trigonus
614 2595 732 2656 nempe,
756 2575 786 2636 in
809 2581 921 2654 puncto
937 2581 986 2636 cst
1001 2571 1144 2636 sectionis
1159 2571 1311 2635 radiorum
1327 2573 1406 2652 apud
1428 2582 1562 2636 centrum
1578 2573 1700 2636 Terrae:
1802 2615 1803 2620 η

353 2659 419 2740 ejus
444 2669 547 2725 tamen
570 2663 743 2726 aestimatio
767 2661 918 2742 perficitur
941 2663 971 2724 in
995 2661 1144 2723 altissimo
1169 2661 1301 2736 aethere,
1324 2681 1383 2724 non
1401 2681 1489 2724 secus
1504 2683 1541 2725 ac
1558 2662 1583 2724 si
1605 2679 1701 2725 omncs

354 2750 495 2828 planetae
519 2770 689 2831 supremum
712 2752 796 2814 illum
812 2751 954 2813 circulum
970 2749 1144 2829 corporibus
1160 2749 1222 2812 suis
1237 2760 1435 2830 permearent,
1458 2751 1702 2833 quemadmodum

355 2837 475 2918 quidem
504 2839 596 2902 ctiam
626 2849 773 2921 apparent
802 2841 848 2902 ad·
871 2839 978 2902 visum.
1026 2837 1216 2918 (remigum
1244 2856 1299 2919 pro
1328 2839 1496 2902 radiatione
1519 2840 1702 2919 planetarum

356 2925 415 2988 loci
437 2927 574 2991 binorum
595 2930 786 3008 planetarum
808 2929 838 2990 in
852 2926 986 3002 zodiaco,
1011 2924 1128 2989 scilicet
1149 2944 1203 3005 pro
1226 2945 1259 2989 re
1274 2928 1341 3006 ipsa
1355 2946 1496 2990 mensura
1518 2927 1573 3004 rei,
1596 2925 1701 3008 trigoni

354 3034 464 3079 nomen
488 3017 669 3098 susceperit:
693 3017 763 3080 hino
787 3017 878 3080 etiarn
900 3025 973 3079 nata
996 3033 1064 3077 esse
1086 3015 1206 3077 videtur
1228 3033 1288 3078 vox
1310 3023 1468 3098 aspectus,
1499 3015 1575 3098 quae
1598 3034 1702 3096 proso·

355 3105 501 3183 popoeiae
523 3107 618 3186 figura
641 3113 698 3180 est,
722 3105 772 3169 ubi
796 3105 933 3186 partubus
954 3103 1070 3166 zodiaci
1086 3103 1320 3184 aliquammultis
1343 3105 1461 3187 aequali
1484 3105 1584 3186 spatio
1605 3103 1702 3166 circuli

354 3191 546 3254 circumcirca
568 3195 751 3258 distantibus
775 3195 838 3268 (vel
861 3193 993 3274 planetis
1016 3191 1047 3253 in
1068 3192 1126 3254 has
1148 3191 1264 3254 zodiaci
1286 3199 1405 3273 partes,
1436 3212 1474 3254 ex
1498 3193 1622 3256 orbibus
1644 3191 1702 3254 suis

351 3277 541 3342 inferioribus
570 3301 625 3362 per
655 3281 902 3361 imaginationem
932 3281 1000 3343 visu
1030 3279 1133 3342 fallaci
1156 3281 1231 3343 duce
1254 3280 1398 3358 sublatis)
1428 3279 1506 3344 oculi
1528 3291 1701 3362 mutansque

350 3376 530 3447 conspectus
550 3370 698 3434 tribuitur.
1412 3379 1416 3388 '

442 3457 544 3540 Atque
567 3458 625 3521 hoo
648 3477 743 3540 genus
765 3477 874 3533 rerum,
898 3465 1040 3539 aspectus
1062 3475 1169 3536 nempe
1184 3457 1308 3519 duarum
1328 3454 1494 3532 stellarum,
1518 3477 1645 3539 quarum
1657 3455 1702 3518 vel

351 3552 478 3626 utraque
501 3547 550 3609 vel
574 3547 673 3610 altera
696 3548 737 3610 sit
758 3547 889 3621 mobilis,
913 3547 988 3608 illud
1010 3554 1068 3621 est,
1092 3545 1171 3626 quod
1194 3563 1251 3625 ego
1264 3565 1341 3626 pene
1365 3543 1462 3608 solum
1485 3546 1516 3608 in
1539 3546 1702 3626 astrologia
1802 3581 1803 3584 =

353 3632 541 3698 retinendum
565 3655 633 3699 esse
657 3654 776 3699 censeo.
816 3634 907 3706 Quod
930 3635 1049 3716 quidem
1071 3639 1158 3696 tanta
1172 3633 1362 3696 contentione
1385 3641 1491 3697 contra
1507 3633 1701 3716 philosophos

354 3721 430 3784 artis
452 3723 573 3804 penitus
593 3725 714 3806 ignaros
744 3723 951 3804 philosophice
982 3729 1013 3784 et
1040 3741 1079 3784 ex
1106 3721 1243 3784 doctrina
1264 3723 1439 3787 harmonica
1462 3725 1553 3804 (pene
1575 3723 1608 3784 in
1632 3721 1701 3786 soli-

351 3811 422 3872 dum
444 3811 599 3892 ignorata)
623 3813 763 3889 delendo,
787 3820 900 3894 quauta
921 3812 1044 3875 fidentia
1066 3809 1212 3892 reliquam
1231 3813 1451 3892 astrologorum
1467 3812 1702 3892 suppellectilem

349 3918 426 3979 pene
450 3919 568 3963 omnem
591 3902 804 3965 eliminandam
827 3920 896 3962 esse
919 3920 1028 3964 censeo
1051 3899 1140 3981 idque
1158 3899 1189 3962 in
1211 3901 1347 3964 omnibus
1361 3901 1436 3963 meis
1460 3901 1581 3981 scriptis
1603 3911 1701 3963 astro-

350 3985 458 4068 logicis
481 3988 685 4055 indesinenter
707 3997 867 4071 protestor.
1349 4023 1352 4026 ·

937 4213 1121 4230 ‘un-

916 4393 1037 4492 Caput
1063 4391 1130 4465 ΙΙΙ.

304 4633 306 4638 ,
372 4551 429 4616 De
451 4551 551 4616 eluro
574 4553 753 4664 mpreificctc
774 4553 858 4618 uocis
883 4553 1053 4636 tircanus,
1076 4572 1131 4614 eeu
1153 4553 1193 4615 de
1212 4549 1481 4635 maculatione
1498 4550 1678 4636 Sipnormna
1802 4561 1803 4584 ³

425 4693 487 4776 'Ex
516 4692 573 4756 hac
603 4693 788 4775 astrologica
817 4695 939 4763 notione
969 4694 1053 4757 vocis
1077 4694 1236 4775 trianguli,
1272 4713 1349 4776 quae
1379 4695 1491 4776 origine
1520 4695 1618 4776 prima
1645 4699 1699 4766 est,

350 4779 503 4843 linxerunt
531 4781 675 4864 reliquae.
721 4785 801 4846 Nam
828 4784 960 4846 secundo
990 4783 1057 4846 loco
1086 4783 1237 4846 manslata
1267 4790 1316 4846 est
1343 4784 1420 4846 haec
1449 4801 1510 4846 vox
1539 4805 1559 4846 a
1585 4781 1700 4864 punctis
