3674 5538
670 239 953 362 'mumiopsen
1466 297 1508 366 85

157 465 216 515 tt.
234 463 275 515 28
295 463 378 516 Mart.
400 466 438 516 ull
455 466 560 530 rupem
584 465 702 526 ruerunt,
731 481 805 532 quam
827 469 890 519 haec
913 483 1011 532 paucus
1040 468 1189 521 Ehrusester
1207 469 1251 523 isc.
1291 471 1364 522 Dices
1381 473 1510 540 geschieht

157 535 235 592 allaim
258 535 315 585 veil
335 537 385 586 mir
410 537 578 602 beiliegeudss
602 541 720 602 scriptum
739 538 769 588 de
793 553 858 589 nors
876 539 950 589 stella
972 539 1159 604 augehomnren.
1191 543 1288 593 dasselb
1306 545 1362 594 dem
1380 543 1460 595 Herm
1479 561 1509 596 su

157 607 350 658 conmuniciren.
389 608 447 658 Bitt
464 622 491 658 cs
508 609 554 658 mir
581 607 690 659 hernach
717 609 808 660 wieder
836 609 1024 661 auznschiclsen.
1063 609 1150 660 Sambt
1178 627 1229 662 was
1248 614 1300 664 lme
1329 630 1375 664 ron
1399 619 1444 666 mir
1462 616 1509 666 lieb

158 679 200 728 und
217 679 358 744 sugenemb
380 677 427 728 dtu.
451 705 481 715 —
1107 703 1112 714 ·

235 783 313 833 Dar.
335 785 513 835 Fabricius
532 781 629 848 (Comp.
649 780 705 834 Vol.
725 783 746 833 l.
765 799 788 848 p.
809 781 873 845 804)
892 785 916 834 in
936 753 1093 837 observandis
1112 787 1210 852 quidem
1235 789 1354 840 sideribus
1373 794 1508 842 versatissi-

158 871 211 912 mus.
229 856 284 919 plus
304 857 393 905 tribuit
412 855 564 921 astrologicis
587 855 810 918 speculationibus,
837 869 911 919 quarn
930 859 1001 906 utin
1028 859 1136 921 physicis
1154 865 1180 908 et
1206 860 1389 910 mathematicis
1407 862 1509 913 liberum

156 929 194 992 ipsi
219 931 327 976 restaret
349 926 480 988 iudicium.
524 925 607 987 Quam
633 925 665 976 ob
690 939 742 976 rem
770 928 796 976 in
824 927 901 976 literis
926 927 959 978 ad
982 929 1117 992 Keplerum
1145 930 1210 980 detis
1239 929 1394 994 Opticsrn
1421 948 1508 997 pamm

157 999 240 1061 ungit,
259 999 447 1061 quaestionibus
464 1002 563 1046 tantum
583 1003 612 1046 ut
630 1003 804 1052 consueverat,
825 998 891 1046 illam
915 999 1023 1049 misens.
1072 999 1237 1064 Keplerus
1260 1003 1387 1065 inceptum
1405 1005 1508 1054 nunciat

158 1091 210 1141 epus
236 1076 261 1126 d.
287 1074 311 1126 4.
332 1075 393 1126 tulii
412 1073 503 1125 itote,
536 1067 664 1149 Optica,
703 1076 850 1148 quatenus
885 1069 987 1148 optica
1017 1070 1151 1144 absolvi;
1190 1080 1287 1134 restat
1322 1081 1356 1134 ut
1392 1075 1429 1135 de
1453 1095 1507 1136 usu

158 1157 267 1232 dicam,
298 1156 331 1218 id
359 1165 466 1220 estut
493 1158 548 1219 lV.
579 1157 619 1216 V.
651 1157 706 1220 Vl.
734 1157 903 1218 Ptolemaei
928 1156 1020 1218 libros
1049 1176 1124 1238 pene
1158 1167 1239 1221 totos
1273 1161 1358 1222 novis
1386 1161 1508 1240 proble-

158 1246 243 1307 matis
273 1245 450 1324 exprimam.
498 1247 650 1325 lmpressa
678 1265 735 1306 nou
766 1255 843 1306 sunt.
892 1245 1006 1325 Magna
1034 1247 1195 1310 difficultas
1225 1249 1411 1328 imprimendi
1441 1245 1509 1312 erit.

160 1341 218 1392 oen
237 1341 261 1392 d.
281 1339 306 1390 7.
325 1341 383 1391 reb.
409 1338 475 1389 ¹604
493 1341 603 1392 scedas
621 1341 751 1392 sauneio:
779 1331 889 1412 Optica
908 1353 975 1397 mea
994 1335 1058 1414 jam
1081 1337 1201 1415 penitus
1226 1337 1342 1400 absolvi
1362 1345 1392 1399 et
1415 1348 1505 1420 typos

158 1439 256 1482 omues
275 1421 313 1482 ad
335 1419 397 1485 100
417 1421 539 1500 sculpsi.
564 1421 633 1484 Jam
657 1421 743 1485 deest
759 1421 877 1484 occasio
897 1423 1083 1502 imprimendi
1103 1432 1173 1485 ante
1193 1425 1350 1488 nundinas.
1376 1427 1510 1490 Detenta

158 1527 359 1590 premensem
385 1511 504 1594 luerunt
526 1511 605 1590 apud
631 1507 794 1572 Caesarem
817 1529 871 1590 pcr
893 1511 1107 1592 negligentiam
1132 1513 1391 1576 cubiculariorum.

241 1597 387 1648 Absolutum
424 1613 487 1662 opus
522 1599 590 1648 misit
617 1598 741 1662 Keplerus
768 1599 880 1648 Fabricio
909 1599 932 1648 d.
961 1597 1003 1650 18.
1027 1599 1090 1648 Dec.
1120 1597 1189 1647 1804
1217 1598 1306 1664 (comp.
1336 1611 1421 1653 annot.
1452 1600 1508 1662 90).

239 1668 411 1718 Fabricius
430 1666 467 1731 (d.
483 1667 530 1718 12.
550 1670 609 1732 Aps.
631 1663 712 1730 1805)
739 1669 839 1720 scribit:
867 1669 982 1733 Optioam
1009 1677 1079 1720 tuem
1104 1671 1183 1720 obiter
1207 1673 1298 1737 perlegi
1319 1687 1334 1721 a
1353 1672 1508 1724 cancellario

160 1740 212 1788 mitri
231 1738 332 1788 biduum
351 1740 576 1796 communicatame
603 1754 662 1789 nam
681 1741 807 1804 exemplar
825 1740 943 1790 donatum
966 1741 1075 1791 noudum
1095 1743 1190 1805 accepi.
1227 1741 1315 1792 Placet
1332 1745 1393 1794 mire
1411 1752 1509 1809 prepter

162 1813 212 1872 eius
237 1811 348 1875 grauium
375 1825 456 1860 rerum
484 1811 673 1874 explicationem
701 1818 727 1860 et
754 1811 997 1862 demonstrationem.
1038 1812 1172 1862 Multorum
1199 1814 1282 1864 oculos
1310 1813 1443 1865 illustrabit
1468 1819 1510 1880 qui

162 1881 279 1932 hactenns
297 1881 323 1930 iu
341 1881 425 1930 media
442 1881 498 1931 lnce
517 1883 584 1932 coeci
603 1882 680 1932 inere.

226 1951 281 2002 lloc
300 1959 402 2016 excepte
421 1952 548 2002 Fabricius
567 1967 628 2016 opus
641 1952 742 2016 Kepleri
762 1955 882 2002 intectum
902 1953 1007 2017 reliquit,
1025 1953 1104 2002 multe
1122 1953 1250 2024 tamenin
1270 1955 1346 2006 literis
1365 1958 1423 2014 suis,
1442 1972 1509 2006 mere

164 2029 278 2072 consueto
296 2023 437 2073 inordinate
456 2023 486 2072 de
504 2023 653 2086 quibuslibet
677 2024 799 2073 disserens
818 2024 904 2081 rebus,
923 2024 1007 2080 morit,
1025 2037 1089 2088 qnae
1108 2027 1206 2088 opticus
1225 2032 1340 2088 spectant
1364 2027 1508 2076 doctrinam.

162 2093 231 2152 Quas
249 2093 297 2144 huc
315 2095 467 2157 pertinentia
486 2095 511 2142 in
529 2095 637 2144 Fabricii
654 2102 681 2144 et
697 2093 799 2158 Kepleri
817 2094 894 2144 literis
912 2095 1003 2144 mutuis
1021 2102 1161 2152 occurrunt.
1181 2111 1230 2145 uon
1248 2103 1346 2146 tantum
1364 2099 1447 2161 optica
1464 2099 1508 2148 ssd

162 2167 235 2214 etism
253 2164 436 2215 ebsenssiones
456 2166 643 2222 astronomus,
673 2179 774 2230 quarum
796 2165 906 2228 palmam
923 2167 969 2228 ipsi
987 2166 1141 2216 concedebat
1158 2165 1288 2231 chlerus,
1315 2169 1458 2231 saepissime
1476 2170 1510 2218 ad

158 2249 200 2284 eas
216 2249 345 2284 recurrens
363 2249 469 2300 eumque
482 2241 571 2285 testem
589 2236 725 2292 adducens,
746 2235 852 2286 collecta
870 2243 896 2285 ct
913 2235 1016 2300 singulis
1034 2237 1111 2286 literis
1130 2237 1237 2288 Fabricii
1256 2239 1392 2300 subjunctis
1408 2239 1510 2302 Kepleri

158 2306 352 2370 responsionibus
367 2309 423 2368 jam
441 2306 601 2370 preponendo
619 2320 749 2356 censemus
768 2307 877 2356 ordinem
896 2313 1027 2371 sequentes
1045 2307 1160 2370 temporis
1179 2323 1226 2372 quo
1244 2310 1337 2373 scripta
1354 2316 1420 2360 sunt.

151 2403 156 2413 ι
224 2375 254 2425 lu
272 2378 421 2440 postscripto
441 2376 473 2426 ad
492 2377 577 2428 literas
597 2377 621 2428 d.
641 2377 665 2426 d.
687 2376 727 2424 ll.
748 2377 813 2442 bug.
836 2375 902 2426 1002
922 2379 1019 2441 quaerit
1037 2377 1224 2429 Fabricius:
1243 2395 1276 2429 an
1296 2381 1424 2430 caeruleus
1443 2381 1510 2431 color

159 2446 226 2497 coslo
244 2448 277 2494 sit
293 2447 414 2512 proprius,
434 2461 467 2497 sn
486 2447 584 2498 oculis‘l
602 2447 663 2498 bles
681 2449 807 2498 sententia
824 2449 901 2498 coelo.
1013 2453 1017 2459 '

242 2518 431 2598 Keplerus
454 2519 609 2600 respondit
628 2525 665 2590 (in
690 2528 767 2578 huns
786 2526 810 2576 d.
830 2527 855 2576 d.
875 2525 899 2576 2.
918 2526 982 2578 Dec.
1008 2523 1106 2586 ltotl:
1130 2521 1276 2583 Neutrum
1299 2523 1402 2600 probo.
1441 2523 1508 2584 Ne.

157 2625 210 2686 qne
242 2607 317 2668 coeli
349 2614 398 2668 est
429 2626 525 2689 neque
558 2607 645 2670 oculi.
692 2607 772 2669 Nam
801 2607 850 2668 rel
874 2605 930 2667 hoc
954 2608 1001 2669 rel
1034 2608 1086 2670 illo
1110 2609 1198 2670 modo
1223 2616 1254 2670 et
1283 2609 1330 2672 die
1359 2621 1389 2674 et
1421 2621 1507 2672 nocte

157 2695 325 2773 aequaliter
356 2691 538 2772 comeretur,
572 2695 622 2758 ubi
646 2696 728 2757 nulla
751 2695 801 2757 lux
830 2694 884 2758 sed
916 2695 1053 2757 immanis
1077 2697 1156 2758 atris
1188 2697 1400 2776 profunditatis
1424 2699 1509 2779 niger

157 2784 237 2845 color
259 2783 355 2846 oculis
378 2783 529 2863 objicitur.
577 2785 623 2846 At
646 2783 695 2846 ubi
718 2783 896 2864 profundum
925 2783 998 2844 illud
1023 2783 1140 2864 nigrum
1169 2786 1252 2848 tenui
1277 2787 1342 2848 luce
1364 2787 1505 2868 pingitur.

157 2891 194 2933 er
215 2870 277 2934 albi
301 2880 333 2933 et
356 2873 434 2953 nigri
457 2873 600 2950 mixtione
624 2872 654 2934 in
678 2879 747 2934 aere
771 2871 805 2934 iit
828 2872 995 2946 caeruleus,
1021 2873 1106 2935 oculo
1130 2873 1167 2935 ob
1191 2873 1353 2954 peristasin
1377 2875 1503 2938 claritu-

156 2959 233 3023 dinis
255 2961 383 3023 eximiae
407 2961 538 3024 interdiu
562 2962 697 3024 adsueto.

242 3067 439 3117 Fabricius:
459 3066 662 3118 observationem
680 3067 777 3130 eclipsis
789 3065 881 3117 Selenis
900 3073 926 3116 ct
943 3064 1048 3115 Lunsris
1066 3065 1178 3116 desidere
1196 3071 1224 3117 et
1240 3081 1290 3130 qus
1306 3069 1404 3118 radone
1422 3080 1505 3120 verum

156 3147 251 3202 tempus
268 3144 374 3189 senatus
392 3139 475 3190 inens.
501 3137 609 3200 Quande
627 3137 776 3188 Maestlinns
795 3137 897 3199 eclipsin
915 3136 1004 3188 Lunae
1023 3135 1161 3187 observarit
1179 3143 1281 3203 utroque
1300 3139 1414 3190 luminari
1431 3155 1505 3205 supra

156 3209 255 3258 Terram
274 3211 396 3260 οιίιιιιιιο
414 3209 507 3270 (Luns-
518 3211 543 3260 in
563 3209 695 3260 altitudine
715 3203 779 3269 2111

241 3279 290 3330 Vir
306 3281 437 3330 verisimile
455 3280 567 3336 rideturr
586 3293 647 3330 nam
664 3280 780 3330 retractio
799 3285 897 3329 mutum
915 3293 965 3328 non
983 3278 1115 3342 permittit,
1134 3279 1181 3330 nisi
1200 3280 1263 3331 leste
1282 3280 1386 3331 latitudo
1405 3289 1504 3346 septen·

155 3349 264 3400 tricus&
283 3351 374 3415 rdiqnld
393 3351 523 3402 addiderit.
562 3349 662 3415 (Comp.
682 3349 739 3414 Opt
761 3349 821 3414 Cap.
841 3349 886 3400 tv.
906 3345 944 3411 8.)

241 3420 287 3471 liis
305 3437 467 3486 supervenere
480 3422 546 3474 alise
563 3423 669 3473 Fabricii
685 3422 774 3472 literae
793 3421 937 3486 complures,
957 3421 1141 3487 quaestionibus
1154 3422 1334 3482 mmcnoudcis,
1352 3424 1506 3489 astrologicis

155 3501 180 3542 et
198 3491 306 3556 physicis
325 3493 461 3557 completae
480 3487 572 3558 (comp.
592 3493 649 3542 Vol.
661 3493 683 3543 1.
702 3508 727 3556 p.
743 3487 816 3552 ³12).
834 3493 941 3557 scriptae
960 3499 1094 3557 antequam
1106 3491 1229 3556 Keplerns
1247 3495 1381 3558 respondit.
1409 3495 1506 3546 Literas

155 3565 178 3612 b
197 3563 221 3613 d.
242 3561 284 3613 18.
302 3562 366 3614 Nos.
387 3562 455 3614 1802
475 3565 624 3616 concludens
643 3563 730 3615 addit:
750 3561 860 3624 Quaeso,
878 3565 1073 3627 quamprimum
1090 3563 1150 3612 mihi
1168 3565 1199 3614 sel
1219 3564 1330 3614 residuas
1348 3567 1506 3630 quaestiones

155 3636 344 3692 ammonicus,
363 3634 525 3700 astrologicae
543 3643 569 3686 et
586 3635 701 3699 physicas
719 3634 885 3698 respondeas,
908 3639 936 3684 ut
954 3642 996 3683 tuo
1012 3633 1105 3696 judicio
1121 3648 1180 3684 mea
1196 3635 1280 3686 studia
1298 3635 1333 3686 sio
1347 3637 1434 3698 jurem
1463 3643 1505 3685 tuo

156 3705 229 3754 rebus
247 3705 341 3768 judicie
360 3711 459 3755 tanturn
476 3707 566 3764 tribuo,
584 3711 613 3756 nt
632 3705 663 3756 de
681 3705 785 3755 allorum
804 3717 909 3753 censura
927 3703 1044 3754 sollicitus
1061 3719 1111 3754 non
1130 3705 1184 3755 sius.
1385 3707 1391 3720 ¹

241 3775 269 3826 Si
287 3777 312 3824 in
331 3775 499 3837 Mamurium
510 3775 609 3826 Venere
628 3776 798 3840 elongatieues
811 3774 967 3837 Tyebcnicas
985 3775 1105 3838 quasdem
1117 3775 1232 3827 habueris
1251 3776 1394 3840 descriptus,
1414 3789 1505 3840 quasso

156 3845 215 3896 ursui
233 3847 408 3900 communices.
445 3847 584 3898 Utilissims
601 3847 664 3897 telis
681 3852 764 3898 essem
781 3847 803 3896 si
822 3851 848 3896 st
865 3844 1015 3896 Mercurium
1033 3845 1221 3910 aggrederemur
1239 3860 1298 3895 nam
1316 3852 1344 3895 ut
1362 3859 1461 3910 corpore
1480 3847 1505 3896 iu

155 3917 223 3966 coele
249 3918 364 3966 ιιιίιιίιιιιιι
383 3919 420 3968 ita
446 3917 574 3968 effectibus
600 3919 672 3984 qussi
698 3918 819 3967 maximus
838 3930 891 3966 esse
911 3915 1020 3970 videtur.
1050 3914 1117 3966 Nam
1143 3930 1239 3980 semper
1257 3914 1326 3967 Deus
1343 3917 1507 3980 perminima

156 4001 249 4052 queque
268 3989 359 4038 cilicas
377 4003 432 4038 esse
450 3989 521 4039 solet.

242 4057 315 4107 suco
333 4059 516 4110 observationes
528 4072 598 4108 meas
610 4057 733 4108 Mercurii.
749 4055 790 4106 ll.
805 4055 872 4120 Sept.
887 4055 922 4120 (s.
936 4053 981 4118 st]
998 4069 1072 4106 mans
1085 4060 1141 4118 post
1157 4053 1183 4105 h.
1198 4053 1222 4105 t.
1241 4055 1377 4106 Mercurius
1396 4055 1506 4106 distabat

156 4127 284 4194 thegein
303 4126 351 4178 191
369 4126 422 4187 873
442 4129 487 4180 alt.
506 4125 528 4192 ξ
547 4127 594 4187 01;
615 4143 631 4178 a
649 4129 718 4179 clera
736 4127 792 4179 oolll
812 4123 834 4192 0
856 4125 905 4178 211
924 4125 958 4184 5⁴.
978 4127 1023 4177 alt.
1043 4119 1064 4186 Q
1082 4123 1129 4183 5⁰3
1148 4125 1172 4174 d.
1192 4122 1236 4175 18.
1255 4125 1324 4190 Sept
1344 4139 1362 4175 s
1378 4121 1504 4191 csudsil

158 4197 254 4257 11181,
273 4199 316 4249 ait.
337 4193 359 4260 h
377 4195 428 4258 4⁰;
455 4199 585 4265 sRegnlc
606 4197 725 4256 25012,
755 4198 798 4248 alt.
819 4194 839 4256 Φ
859 4197 906 4256 511ς
936 4191 1075 4262 aeolici}
1097 4191 1146 4245 201
1170 4191 1258 4260 wlf,
1288 4195 1331 4246 ait
1358 4189 1446 4255 §⁶⁰3
1465 4197 1506 4248 die

157 4267 195 4318 10.
214 4284 231 4320 a
247 4269 345 4338 Regulo
364 4267 414 4318 27⁰
433 4267 485 4332 271,
506 4271 550 4320 alt.
570 4265 591 4332 ζὲ
610 4268 657 4328 51ι
687 4270 727 4320 die
747 4267 788 4318 20.
808 4259 840 4320 ab
864 4269 951 4320 eodem
977 4264 1025 4316 29⁰
1043 4263 1078 4323 8⁴,
1107 4267 1150 4316 alt.
1171 4261 1191 4325 ξ
1212 4264 1258 4324 81,
1286 4280 1303 4315 a
1321 4265 1382 4316 collo
1403 4261 1427 4330 il
1448 4263 1503 4324 801,

156 4340 197 4388 alt.
215 4338 262 4399 t⁰;
280 4341 322 4393 die
341 4339 385 4390 21.
405 4355 423 4391 a
440 4339 536 4408 Regulo
555 4336 603 4390 301
622 4337 675 4398 481,
695 4340 738 4390 alt.
758 4335 798 4398 11,
818 4353 835 4390 a
852 4346 921 4404 tergo
941 4333 965 4402 0
986 4333 1105 4396 221451,
1125 4336 1169 4387 alt.
1190 4333 1228 4387 21.
1261 4335 1427 4386 01ιιίιιὶιιιιιιιι
1446 4343 1505 4386 tunc

158 4417 208 4460 erat
224 4411 327 4462 coelum.

236 4481 276 4534 De
295 4484 381 4534 causis
400 4481 545 4532 musone
564 4482 628 4532 assis
646 4481 778 4546 diligenter
795 4479 870 4530 selim
889 4480 998 4544 cogites,
1024 4491 1057 4528 an
1076 4491 1107 4527 ex
1124 4476 1255 4540 eclipsibus
1273 4477 1311 4526 sel
1329 4475 1506 4527 mumdeulbus

155 4555 236 4604 suane
253 4552 343 4606 Solis?
362 4551 399 4602 Et
415 4552 547 4616 praecipue
565 4553 597 4603 de
614 4559 724 4616 tempere
741 4552 805 4601 iultll
823 4549 956 4602 effectuum
974 4548 1102 4615 eclipsiusn
1120 4547 1285 4611 cogitationes
1302 4547 1420 4604 institues
1446 4559 1514 4603 nasu

152 4624 174 4674 in
190 4639 219 4676 se
235 4634 336 4676 ramses
355 4623 490 4672 terimam
508 4623 621 4690 affigisse
637 4637 688 4672 nou
705 4627 773 4686 puto.

230 4697 324 4753 Διιὰὶο,
344 4699 374 4744 te
393 4707 484 4742 noram
503 4699 581 4744 amem
605 4692 711 4744 ducendi
730 4705 810 4756 aquae
832 4692 973 4747 iuvenisser
997 4702 1088 4753 quaeso
1114 4686 1206 4751 aliquid
1225 4687 1336 4749 aperias.
1354 4686 1412 4751 quid
1431 4689 1462 4737 sit
1480 4695 1506 4738 et

147 4769 269 4832 qumodo.
290 4763 327 4830 (v.
349 4778 372 4812 s.
392 4777 420 4826 p.
439 4759 495 4823 81).

227 4833 393 4892 calamus
408 4831 545 4882 morborum
564 4833 679 4885 camaris
697 4831 822 4896 Budolphi
840 4829 971 4894 diligentes
989 4828 1126 4876 observate«
