3652 5532
377 279 441 346 690
536 245 542 256 i
852 275 892 324 De
911 272 990 324 Stella
1007 270 1080 322 Nora
1097 269 1248 335 dementarii

371 458 470 522 altera
493 475 530 518 ex
553 457 650 518 altera
672 459 836 532 conspecta
867 457 957 532 atque
987 467 1081 530 penes
1113 469 1169 512 nos
1195 449 1259 532 jam
1292 455 1418 531 utraque
1451 449 1603 532 apparet?
1631 457 1702 530 utque

372 547 563 610 inveniantur
586 542 746 605 intervalla
768 541 847 603 inter
870 548 1025 620 utramque
1049 539 1147 603 stellis
1171 559 1279 610 vacua,
1313 539 1452 621 aequalia
1482 541 1532 603 his
1560 540 1704 602 intervallis

370 637 450 698 iuter
474 654 527 695 uos
551 643 583 694 et
605 631 782 711 utramque?

457 721 629 797 Fortassis,
653 721 790 800 inquam,
823 739 873 781 res
895 717 952 779 hou
975 723 1065 795 pacto
1090 717 1225 797 adjuvari
1247 727 1367 798 posset,
1400 717 1426 780 si
1463 718 1542 780 duae
1567 717 1647 778 selae
1666 727 1705 779 aut

370 830 483 894 paucae
508 813 617 874 stellae
640 816 752 883 essent,
778 809 803 869 si
827 827 885 870 non
909 807 938 867 in
963 806 1065 868 orbem
1079 806 1289 885 circumjectae
1304 815 1336 869 et
1354 808 1583 870 disseminatae.
1628 806 1705 886 Equi-

372 906 438 965 dem
462 909 516 964 aot
538 899 663 962 alternis
686 897 854 977 hujusmodi
877 895 984 956 stellas
1008 896 1131 957 attolles
1156 905 1187 958 et
1209 896 1372 976 relinques,
1402 907 1455 959 aut
1478 896 1644 958 universas.
1683 893 1707 957 Si

372 990 508 1065 alteruis,
533 1008 592 1051 non
614 997 662 1050 est
681 987 803 1049 sublata
825 985 973 1066 quaestio,
997 985 1056 1045 etsi
1075 1003 1236 1066 parumper
1253 985 1418 1048 imminuta.
1456 985 1545 1058 Quae
1561 987 1635 1046 enim
1651 1005 1707 1066 pro-

373 1082 501 1162 pinquae
524 1085 708 1151 manserunt,
733 1077 770 1136 de
793 1076 829 1138 iis
853 1081 956 1136 mauet
978 1073 1140 1138 etiamnum
1163 1075 1270 1136 eadem
1292 1075 1471 1138 affirmatio:
1496 1075 1650 1156 propiores
1670 1075 1707 1135 in-

272 1163 275 1172 '
371 1171 466 1232 vicem
492 1187 558 1229 esse
582 1166 669 1228 binas
692 1164 915 1246 comparatione
946 1162 1087 1225 instituta
1119 1162 1330 1226 distantiarum
1361 1166 1399 1226 ad
1433 1165 1601 1226 diametros
1631 1165 1708 1242 adque

372 1257 547 1320 distantiam
573 1273 673 1317 earum
696 1253 813 1316 aSole.
852 1251 938 1324 Quae
962 1271 1033 1313 vero
1048 1260 1119 1314 sunt
1140 1251 1232 1316 altius
1246 1254 1404 1329 sublatae,
1429 1255 1591 1316 distabunt
1613 1253 1708 1333 quidem

372 1347 498 1426 longios,
524 1346 576 1407 sed
601 1346 631 1406 in
655 1362 765 1423 magna
788 1341 977 1404 nihilominus
1000 1341 1192 1421 proportione
1216 1350 1311 1405 erunt.
1358 1343 1459 1424 Atque
1490 1345 1550 1406 hoc
1583 1361 1636 1422 ego
1657 1343 1708 1420 qni-

373 1438 439 1500 dem
463 1437 541 1497 citra
565 1451 674 1496 causae
699 1431 908 1494 detrimentum
932 1431 1021 1492 facile
1045 1432 1261 1494 concesserim:
1293 1432 1386 1494 affixa
1409 1433 1510 1495 omnia
1534 1433 1638 1494 eadem
1659 1449 1709 1512 esse

372 1525 595 1604 magnitudine:
619 1541 742 1602 quorum
765 1541 841 1602 quae
856 1539 966 1599 magna
984 1519 1071 1582 nobis
1090 1530 1247 1600 apparent,
1270 1522 1437 1602 propinqua
1455 1523 1519 1584 sint
1535 1521 1630 1594 nobis,
1652 1539 1709 1598 quae

301 1677 306 1686 ,
372 1633 480 1695 parva,
505 1622 591 1675 tauto
615 1611 791 1674 remotiora:
828 1620 907 1684 ,Neu
928 1621 998 1689 quod
1020 1621 1098 1674 clara
1117 1620 1215 1686 minus,
1238 1623 1286 1676 sed
1300 1623 1371 1693 qued
1385 1623 1475 1696 magis
1490 1623 1556 1678 alta
1570 1619 1710 1674 aanor:

373 1713 407 1766 ut
429 1702 513 1765 canit
535 1701 689 1764 Manilius.
1169 1757 1174 1770 .

462 1790 669 1856 concesserim
693 1789 824 1868 inquam,
848 1805 907 1849 uon
928 1785 1148 1850 affirmaverim.
1183 1787 1264 1850 Nam
1278 1807 1372 1867 aeque
1389 1787 1477 1850 lacile
1492 1789 1577 1851 credi
1595 1793 1709 1868 possunt

375 1891 408 1944 ut
433 1883 583 1954 claritate,
608 1889 642 1940 ut
664 1877 824 1950 coloribus,
848 1877 893 1938 sic
916 1875 1009 1936 etiam
1031 1877 1236 1954 magnitudine
1258 1895 1291 1937 re
1310 1897 1384 1938 vera
1406 1877 1537 1940 differre.
1585 1880 1630 1940 Ac
1652 1877 1710 1937 forte

374 1986 530 2050 utrumque
554 1987 655 2030 verum
680 1975 740 2040 est,
774 1967 812 2028 ad
845 1965 1014 2044 exemplum
1045 1965 1249 2046 planetarum,
1283 1985 1406 2046 quorum
1440 1968 1491 2028 alii
1517 1967 1587 2030 aliis
1611 1983 1710 2028 revera

376 2059 523 2139 majores,
548 2057 600 2119 alii
623 2056 715 2118 etiam
738 2066 885 2136 apparent
904 2054 1047 2134 majores,
1080 2055 1138 2117 etsi
1165 2073 1220 2135 per
1242 2074 1310 2116 sese
1333 2057 1478 2130 minores,
1513 2057 1587 2137 quia
1617 2055 1710 2117 scilicet

375 2149 462 2210 nobie
486 2156 557 2208 sunt
578 2144 743 2226 propiores.
1187 2185 1191 2194 .

464 2236 524 2298 Sed
549 2253 708 2314 pergamus
731 2233 770 2295 ad
790 2232 916 2293 altemm
936 2231 1108 2305 membrum,
1134 2232 1279 2308 dicentes,
1295 2232 1364 2314 quid
1383 2233 1567 2310 obtineatur,
1591 2233 1616 2294 si
1631 2249 1710 2292 omnes

376 2326 414 2388 ad
438 2344 525 2386 unum
549 2325 658 2386 stellae
691 2323 729 2384 ab
757 2321 886 2385 invicem
919 2339 973 2382 suo
1007 2321 1160 2402 quaelibet
1187 2322 1365 2384 diastemate
1396 2323 1595 2385 divellantur:
1627 2321 1665 2380 sic
1687 2327 1711 2378 nt

376 2433 452 2495 quae
476 2413 563 2476 uobis
587 2412 724 2494 proxima
746 2411 878 2473 retineat
905 2408 983 2472 hanc
1012 2411 1280 2490 propinquitatem,
1311 2431 1398 2492 quarn
1430 2413 1519 2475 modo
1552 2407 1711 2473 astronomia

376 2511 485 2566 mamm
509 2503 575 2582 figit
599 2501 756 2576 universis,
780 2499 892 2561 nullam
916 2499 1039 2578 propius
1062 2499 1241 2574 admittens,
1267 2501 1305 2562 ab
1319 2521 1357 2562 ea
1371 2503 1503 2581 reliquae
1518 2521 1622 2563 omnes
1636 2497 1709 2559 attol-

375 2594 487 2665 lantur,
510 2590 662 2672 quaelibet
683 2591 783 2653 vicina
806 2595 892 2650 tauto
916 2588 1145 2669 altiusÎ‡quanta
1168 2597 1216 2650 est
1238 2590 1453 2652 humillimaea
1475 2591 1564 2652 nobis
1578 2587 1710 2650 distantia.

375 2683 459 2748 Nihil
484 2701 521 2742 ne
544 2680 588 2742 sic
612 2680 731 2760 quidem
755 2678 891 2741 efficitur.
930 2677 1089 2756 Nunquam
1111 2697 1159 2740 ros
1180 2697 1216 2739 eo
1235 2678 1389 2757 redigitur,
1414 2687 1449 2740 ut
1463 2679 1576 2740 similia
1589 2678 1634 2750 iis,
1655 2692 1710 2754 qna:

377 2772 464 2833 nobis
488 2779 645 2850 apparent,
670 2775 837 2850 appareant
860 2765 952 2826 etiam
976 2765 1033 2840 bis,
1058 2767 1108 2846 qui
1131 2766 1235 2830 inillis
1254 2769 1449 2830 stettisvertn
1465 2789 1559 2829 causa
1577 2769 1711 2829 observare

377 2863 543 2940 tinguntur:
568 2878 605 2920 ex
628 2877 685 2938 quo
708 2856 869 2937 colligitur,
894 2854 972 2916 huno
995 2856 1100 2930 locum,
1125 2855 1227 2938 inquo
1247 2875 1427 2929 nossemus,
1452 2877 1573 2938 semper
1586 2855 1710 2936 peculiare

378 2949 449 3030 quid
472 2948 667 3027 omnibusque
690 2965 744 3028 per
769 2953 862 3007 totam
883 2943 1061 3006 infinitatem
1079 2945 1162 3007 illam
1182 2945 1459 3008 incommunicabile
1474 2946 1620 3008 obtinere.
1652 2943 1711 3004 h'au

378 3038 404 3100 si
429 3037 473 3099 sio
496 3057 545 3100 res
569 3036 697 3112 habeat,
726 3035 771 3098 uti
799 3035 926 3108 dictum,
957 3044 1053 3109 certe,
1084 3043 1119 3096 ut
1149 3036 1301 3115 quaelibet
1324 3037 1427 3115 duplo,
1456 3036 1563 3116 triplo,
1596 3029 1710 3108 centuplo

379 3127 485 3200 altior,
518 3125 563 3186 ita
592 3125 698 3206 duplo,
733 3124 840 3204 triplo,
874 3122 1014 3202 centuplo
1041 3124 1099 3186 erit
1129 3133 1161 3186 et
1183 3126 1288 3203 major.
1336 3123 1454 3206 Quippe
1478 3133 1711 3205 quantumcunque

380 3215 464 3276 dicas
489 3214 650 3288 elevatam,
675 3231 824 3292 nunquam
848 3211 971 3283 efficies,
995 3211 1028 3273 u't
1042 3231 1100 3274 uon
1116 3212 1254 3277 videatur
1267 3213 1377 3276 habere
1397 3215 1516 3276 anobis
1536 3215 1622 3275 doum
1637 3210 1709 3270 minu-

379 3312 476 3366 torum
499 3302 688 3364 diametrum.
736 3301 862 3381 Semper
885 3301 977 3379 igitur
1000 3301 1147 3363 diameter
1170 3302 1332 3366 distantiae
1357 3325 1375 3364 a
1397 3303 1483 3366 uobis
1508 3305 1568 3366 erit
1589 3319 1654 3381 pars
1678 3295 1711 3356 bis

379 3391 539 3454 millesima
561 3399 614 3452 aut
636 3390 796 3453 millesima
819 3397 871 3452 aut
895 3391 957 3452 tale
981 3390 1148 3470 quippiam:
1179 3391 1343 3454 distantiae
1370 3411 1442 3453 vero
1466 3393 1591 3454 duarum
1613 3391 1711 3450 huarou

379 3502 399 3544 a
421 3500 454 3542 se
470 3489 571 3543 mutuo
587 3480 707 3558 (utpote
727 3479 829 3542 multis
843 3477 980 3558 partibus
994 3480 1127 3556 minoris,
1152 3499 1240 3562 qnam
1255 3489 1303 3543 est
1321 3500 1423 3542 earum
1437 3503 1456 3542 a
1470 3481 1558 3542 nobis
1577 3471 1710 3541 distantia)

380 3569 438 3633 erit
460 3571 521 3632 ista
544 3569 690 3632 diameter
712 3588 784 3649 pars
806 3569 899 3630 molto
923 3567 1028 3649 major.
1066 3568 1134 3630 Etsi
1149 3569 1243 3648 igitur
1264 3589 1301 3632 ex
1315 3589 1375 3632 noa
1389 3571 1481 3632 stella
1500 3571 1587 3632 nobis
1601 3565 1712 3648 proxiuu

380 3660 486 3724 cadem
510 3677 585 3738 pene
609 3657 702 3720 facies
726 3657 803 3720 coeli
827 3657 994 3739 apparebit,
1018 3676 1095 3737 quae
1118 3677 1212 3738 penes
1230 3679 1300 3722 nos:
1325 3669 1358 3720 at
1372 3679 1410 3721 ex
1425 3659 1546 3735 ceteris,
1571 3679 1624 3739 quo
1639 3671 1710 3734 quas

380 3749 454 3812 libet
477 3758 526 3810 est
548 3748 698 3822 remotior,
723 3747 780 3809 hoc
803 3747 899 3826 magis
924 3765 961 3808 ex
984 3766 1022 3808 ea
1044 3747 1210 3810 variabitur
1228 3757 1371 3829 aspectus
1385 3749 1497 3811 mundi.
1545 3743 1711 3810 Manentibus

381 3840 489 3920 quippe
512 3837 680 3900 intervallis
699 3837 833 3900 binamm
849 3834 1005 3898 stellamm
1024 3837 1116 3917 (quae
1131 3838 1217 3900 uobis
1231 3838 1370 3900 videntur
1389 3837 1615 3910 vicinissime),
1637 3847 1709 3907 auge-

381 3930 460 3990 bitur
482 3929 636 4007 proportio
661 3933 813 4005 aspectus.
859 3926 967 4006 Itaque
990 3944 1048 4006 quo
1072 3927 1168 4006 magis
1184 3927 1250 4006 quis
1264 3928 1373 3990 stellas
1392 3927 1421 3990 in
1437 3927 1584 3988 infinitam
1598 3917 1711 3986 subvehit

382 4017 580 4090 altitudinem,
605 4016 661 4078 hoc
684 4015 914 4078 monstrosiores
937 4014 1000 4077 illic
1023 4015 1109 4095 lingit
1131 4017 1236 4090 moles,
1261 4017 1365 4096 quales
1380 4036 1418 4079 ex
1439 4016 1495 4078 hoc
1510 4025 1612 4078 nostro
1632 4003 1709 4073 nundi

383 4108 447 4168 loco
470 4125 530 4167 nou
553 4111 721 4168 cernuntur.
769 4103 821 4167 Sic
844 4103 936 4166 etiam
959 4103 1117 4166 dicendum
1139 4105 1176 4166 de
1199 4105 1315 4186 spatio,
1347 4107 1425 4186 quod
1455 4104 1621 4185 hujusmodi
1640 4113 1709 4179 pertÎ‡

383 4195 517 4276 grinator
540 4194 647 4276 aliquis
670 4211 788 4273 semper
810 4213 870 4256 una
884 4201 985 4273 auget,
1010 4193 1127 4275 quoties
1146 4195 1253 4256 stellas
1268 4214 1307 4257 ex
1320 4215 1378 4258 uuo
1393 4195 1498 4256 ordine
1517 4213 1615 4257 omnes
1628 4195 1708 4270 poeteÎ‡

382 4284 490 4346 riorem
513 4301 659 4363 quamque
683 4283 775 4346 altirm
798 4283 908 4345 evehit.
955 4281 1081 4344 Dicerss
1096 4283 1179 4345 illurn
1192 4283 1360 4347 aedicolam
1376 4285 1477 4347 limaci
1494 4293 1650 4350 exstruere,
1668 4287 1710 4352 qut

383 4373 480 4452 magis
505 4382 673 4434 extrorsum
696 4371 887 4434 continuator
908 4371 966 4434 hoc
988 4371 1086 4451 magis
1110 4371 1252 4436 hiantem.
1299 4373 1449 4436 Deorsum
1472 4373 1553 4435 enim
1578 4369 1710 4432 sullana

385 4463 477 4524 stella
500 4461 669 4524 distrahere
692 4480 761 4537 non,
773 4469 885 4540 potest,
909 4461 986 4541 quod
1001 4480 1059 4522 oon
1076 4463 1135 4524 tert
1149 4463 1286 4525 doctrina
1298 4463 1508 4542 parallaxium,
1532 4481 1605 4545 quae
1621 4461 1708 4518 cedam

385 4549 682 4632 appropinquationis
706 4557 815 4612 metam
838 4549 918 4612 linit:
942 4551 972 4611 in
997 4551 1076 4612 latus
1099 4569 1160 4613 non
1181 4559 1284 4632 potest
1298 4552 1367 4615 illas
1386 4553 1565 4626 distrahere,
1587 4546 1646 4630 quia
1660 4542 1707 4621 jtffl

385 4640 540 4716 possident
563 4659 619 4702 sua
640 4638 776 4702 dimensa
798 4642 865 4701 loca
888 4638 953 4700 visu
976 4639 1089 4702 iudice:
1114 4640 1291 4721 relinquitur
1305 4641 1397 4722 igitur
1410 4650 1444 4704 ut
1459 4661 1576 4703 sursum
1589 4630 1708 4700 distrahat

387 4729 502 4804 stellas,
527 4735 618 4810 atque
641 4729 685 4791 sic
708 4749 767 4792 una
789 4737 881 4806 auget
903 4728 960 4790 hoc
983 4729 1070 4790 nobis
1093 4728 1315 4807 circumjectum
1340 4733 1481 4811 spatium,
1505 4732 1534 4792 in
1558 4748 1610 4811 quo
1626 4719 1707 4784 stellÂ²âµ
