3670 5526
751 309 833 388 capa
850 311 896 372 m.
915 313 940 372 a.
1465 321 1527 388 173
1578 409 1580 412 Ι

262 494 451 563 Producatur
483 497 560 559 enirn
584 497 635 560 ES
669 499 762 562 donec
796 505 881 560 secet
907 499 983 571 DL,
1021 506 1104 562 secet
1128 487 1165 560 ⁸in
1195 499 1221 562 T
1248 506 1281 561 σι
1311 506 1528 562 connectantur

178 595 287 670 puncta
310 587 345 663 T,
371 585 410 662 G,
445 585 542 666 sitque
573 587 657 649 locus
687 587 830 668 imaginis
856 589 886 648 in
911 587 956 661 T;
987 588 1176 650 continuetur
1208 587 1300 650 etiam
1330 585 1398 662 ΘΟ,
1433 589 1528 650 douae

176 679 257 738 secet
278 675 336 738 DL
358 676 388 758 in
413 675 453 735 V.
500 674 670 754 Ejiciantur
702 675 793 738 etiam
821 695 859 737 err
886 675 914 736 L
945 685 1047 737 centro
1078 693 1133 754 per
1155 675 1196 750 Ε,
1222 674 1251 736 G
1283 683 1396 755 puncta
1425 683 1527 740 rectae

176 765 377 846 aliquousque,
402 768 512 842 postea
534 763 593 843 ipsi
615 763 668 824 TE
692 771 801 843 agatur
822 763 988 845 parallelus
1012 781 1050 825 ex
1071 764 1101 825 D
1124 765 1154 826 in
1170 763 1234 834 LE,
1258 783 1366 826 secans
1385 765 1474 827 illam
1495 764 1525 826 in

175 853 213 914 X.
260 849 311 914 Sic
334 852 393 930 ipsi
416 849 474 912 TG
497 851 660 931 parallelus
685 862 793 931 agatur
816 871 853 913 ex
876 851 914 925 D,
939 869 1047 914 secans
1071 851 1130 914 LG
1154 853 1183 914 iu
1203 852 1242 914 Y.
1281 851 1315 915 Si
1340 869 1410 931 ergo
1430 853 1457 914 Τ
1478 860 1527 915 est

175 942 255 1002 locus
278 939 428 1019 imaginis,
454 940 604 1019 oportebit
627 959 685 1001 non
708 949 826 1003 tantum
848 939 935 1001 DET
958 941 1097 1020 angulum
1122 941 1261 1002 bifariam
1286 942 1383 1002 secari
1407 941 1446 1004 ab
1468 939 1527 1002 ΕΚ

173 1036 316 1108 tangente
340 1027 483 1089 circulum
505 1027 536 1088 in
559 1027 596 1101 E,
621 1029 675 1090 sed
699 1031 790 1091 etiam
813 1029 894 1090 idem
917 1029 981 1091 lieri
1004 1029 1063 1110 ipsi
1086 1027 1174 1090 DGT
1196 1047 1250 1108 per
1265 1027 1327 1090 GV
1351 1037 1525 1108 tangentem

174 1116 313 1179 circulum
336 1118 366 1178 in
391 1114 429 1190 G,
455 1135 490 1178 eo
515 1117 593 1195 quod
616 1125 741 1196 uterque
765 1117 896 1178 etDEK
916 1117 1047 1178 etKET
1069 1117 1204 1197 aequalis
1228 1119 1410 1197 est,angulo
1430 1116 1523 1194 OE0‚

173 1207 245 1267 item
268 1213 392 1285 uterque
416 1211 448 1264 et
469 1203 561 1266 DGV
578 1213 609 1265 et
623 1204 713 1266 VGT
735 1206 870 1286 aequalis
894 1206 944 1266 uni
967 1205 1057 1266 tertio
1077 1203 1180 1266 HGA.
1219 1203 1295 1268 (lum
1318 1206 1411 1284 igitur
1426 1205 1524 1278 XEK,

173 1293 257 1354 liEL
287 1293 350 1353 sint
382 1293 473 1354 etiam
506 1293 667 1370 aequales,
701 1295 814 1354 ablatis
843 1294 1017 1373 aequalibus
1050 1301 1138 1355 eruut
1168 1293 1280 1356 residui
1310 1293 1414 1367 XED,
1445 1293 1526 1354 TEL

173 1382 325 1460 aequales.
373 1379 435 1441 Sed
459 1381 601 1459 aequales
619 1381 710 1454 TEL,
731 1381 828 1456 DXE,
853 1383 923 1461 quia
936 1380 1006 1456 DX,
1026 1380 1079 1442 TE
1101 1381 1261 1460 paralleli:
1286 1399 1357 1460 ergo
1381 1382 1524 1462 aequales

174 1469 271 1544 DXE,
295 1467 397 1540 DEX,
430 1487 521 1548 quare
552 1477 583 1530 et
611 1469 680 1543 DX,
705 1469 770 1543 DE,
792 1467 978 1550 'aequalibus
1009 1470 1152 1550 oppositi.
1199 1471 1233 1531 ln
1258 1469 1419 1549 triangulis
1452 1487 1524 1550 ergo

172 1557 261 1618 DLX
283 1565 315 1617 et
337 1555 418 1617 ΤΕΕ
450 1557 561 1618 latera.
572 1555 623 1629 (E.
649 1558 705 1628 VI,
729 1556 765 1631 4)
790 1567 860 1620 sunt
890 1558 1137 1638 proportionalia.
1185 1556 1287 1628 Quare
1316 1566 1349 1620 ut
1371 1557 1440 1632 DX,
1466 1557 1523 1619 boc

172 1653 220 1706 est
242 1643 298 1706 DE
322 1644 361 1705 ad
383 1645 446 1719 ΕΤ,
471 1645 515 1706 εἰσ
538 1644 595 1706 DL
618 1646 656 1706 ad
680 1645 743 1707 ΕΤ.
789 1645 834 1708 Αι
858 1647 909 1719 (Ε.
934 1645 988 1719 Vl,
1014 1643 1049 1720 3)
1078 1653 1126 1708 est
1157 1647 1249 1708 etiam
1272 1653 1305 1708 ut
1327 1645 1383 1707 DE
1409 1647 1448 1708 ad
1470 1643 1526 1706 ΕΤ

173 1735 216 1796 εἰσ
240 1731 299 1793 DK
324 1731 362 1793 ad
384 1731 454 1808 ΚΤ,
484 1751 555 1812 ergo
580 1741 614 1794 ut
635 1733 692 1795 DL
721 1734 758 1796 ad
782 1733 850 1806 ΕΤ,
874 1734 918 1797 εἰσ
940 1734 1000 1795 DK
1023 1733 1062 1794 ad
1085 1735 1151 1795 ΚΤ.
1197 1733 1312 1796 Εσιίσιιι
1336 1752 1407 1796 vero
1430 1741 1522 1813 pacto

174 1819 436 1895 demonstrabitur,
461 1819 552 1883 YDG
576 1821 793 1902 aequicrurum,
818 1829 849 1884 et
872 1829 906 1884 ut
927 1821 996 1897 DY,
1020 1822 1077 1883 hoo
1101 1829 1149 1884 est
1171 1821 1231 1884 DG
1255 1823 1294 1884 ad
1320 1821 1445 1885 GT'sic
1464 1821 1522 1884 DL

175 1909 213 1971 ad
236 1909 299 1970 LT.
345 1909 387 1972 Et
409 1909 480 1989 quia
502 1929 540 1971 ex
563 1909 722 1990 hypothesi
744 1909 851 1983 DGV,
875 1909 965 1971 VGT
988 1910 1145 1990 aequales,
1171 1911 1230 1973 erit
1252 1918 1287 1973 ut
1308 1909 1370 1972 DG
1393 1910 1432 1972 ad
1457 1907 1523 1986 GT,

174 1998 218 2059 sie
241 1997 301 2058 DV
325 1998 363 2058 ad
387 1997 453 2059 VT.
499 1998 582 2077 Ergo
614 2005 647 2059 ut
670 1998 726 2059 DL
754 1999 793 2059 ad
823 1998 878 2059 ΕΤ
916 1997 959 2060 εἰσ
982 1998 1043 2059 DV
1075 1998 1113 2059 ad
1137 1999 1203 2061 VT.
1250 1998 1337 2061 Prius
1367 2005 1526 2060 autemut

173 2087 229 2147 DL
252 2085 292 2146 ad
310 2087 372 2160 ΕΤ,
398 2086 441 2147 εἰσ
459 2085 518 2147 DK
542 2087 580 2148 ad
598 2087 664 2161 ΚΤ,
690 2099 760 2166 ergo
784 2095 818 2148 ut
835 2087 895 2148 DK
918 2086 956 2147 ad
971 2087 1028 2148 ΚΤ
1049 2086 1094 2148 εἰσ
1108 2085 1177 2161 DV,
1199 2086 1258 2148 VT
1276 2095 1308 2148 at
1328 2087 1523 2167 permutatim

174 2182 208 2235 ut
230 2173 290 2234 DK
312 2175 408 2252 maior
431 2174 468 2235 ad
492 2173 551 2236 DV
574 2175 725 2249 minorem,
751 2175 794 2236 sic
815 2175 872 2236 ΚΤ
894 2175 990 2236 minor
1013 2175 1051 2236 ad
1070 2174 1129 2235 VT
1148 2173 1307 2254 majorem,
1332 2176 1410 2254 quod
1433 2175 1524 2254 plane

175 2269 223 2324 est
253 2261 424 2324 absurdum.
471 2263 594 2325 Falsum
623 2271 672 2324 est
703 2263 820 2344 itaque,
855 2264 932 2342 quod
960 2262 1125 2344 pyramidis
1155 2262 1284 2326 visoriae
1308 2261 1406 2336 CSH,
1439 2261 1524 2341 cujus

174 2351 259 2412 basis
284 2348 337 2411 CH
363 2352 391 2411 in
415 2352 491 2425 uisu,
516 2359 622 2412 vertex
645 2349 679 2424 S,
703 2351 744 2412 sit
766 2351 796 2413 in
819 2351 1059 2432 perpendiculari
1073 2351 1130 2412 DL
1154 2359 1208 2413 aut
1230 2371 1323 2432 usque
1347 2351 1387 2413 ad
1405 2351 1432 2412 T
1453 2369 1525 2430 per-

175 2439 284 2518 tingat,
310 2439 387 2518 quud
411 2439 493 2518 prius
514 2457 709 2518 posueramus
733 2447 765 2500 et
788 2459 825 2500 ex
849 2458 906 2520 quo
929 2440 996 2502 boc·
1009 2439 1170 2502 absurdum
1193 2439 1250 2501 fuit
1272 2447 1420 2502 secutum.
1458 2439 1525 2502 Hoc

175 2529 275 2608 itaque
290 2527 327 2587 de
351 2529 487 2588 omnibus
510 2527 753 2589 inclinationibus
776 2545 877 2590 verum
892 2535 949 2603 est,
973 2547 1049 2608 qnae
1064 2535 1135 2589 suut
1148 2528 1227 2590 inter
1248 2527 1525 2608 perpendicularem

176 2624 207 2676 et
236 2613 461 2678 horizontalem.
517 2616 563 2676 At
593 2615 850 2696 perpendicularis
882 2616 950 2696 ipsa
981 2616 1110 2678 radiatio
1144 2615 1183 2677 ad
1217 2617 1314 2678 visum
1347 2635 1525 2696 repercussa

174 2710 275 2764 movet
305 2703 398 2778 illum,
424 2711 457 2765 ut
478 2711 565 2782 putet
597 2703 757 2784 imaginem
787 2724 855 2766 esse
877 2705 908 2766 in
940 2703 1192 2784 perpendiculari,
1227 2704 1422 2767 horizontalis
1453 2722 1525 2766 vero

176 2791 335 2871 imaginem
359 2813 377 2852 a
399 2791 639 2871 perpendiculari
653 2793 710 2853 DL
732 2793 829 2872 magis
853 2793 1007 2874 magisque
1032 2792 1172 2854 admovet
1194 2793 1314 2872 punctis
1327 2793 1366 2864 E,
1382 2791 1420 2868 G,
1446 2793 1525 2854 adeo

176 2891 207 2942 ut
229 2881 317 2942 detur
339 2879 430 2949 situs,
454 2881 503 2942 ubi
528 2899 566 2942 ea
588 2880 721 2942 inferiori
745 2884 828 2944 oculo
857 2883 937 2944 linea
959 2880 1022 2943 HG
1048 2899 1102 2960 par
1126 2879 1156 2942 G
1183 2888 1325 2962 punctum
1353 2879 1525 2942 reflexionis

175 2969 350 3030 continuata
372 2969 453 3048 prius
476 2970 584 3030 iterum
607 2977 692 3031 secet
714 2969 986 3032 circumferentiam
1011 2967 1077 3044 GE,
1102 2987 1190 3049 quam
1213 2987 1282 3030 cum
1304 2969 1384 3032 linea
1408 2966 1461 3031 OE
1486 2969 1524 3029 ab

176 3057 270 3119 allero
294 3057 379 3118 oculo
404 3057 443 3118 ad
467 3057 594 3119 alterum
617 3057 787 3122 reflexionis
809 3067 951 3139 punctum
975 3059 1067 3120 ducta
1089 3065 1256 3120 concurrat.

260 3144 309 3208 Ex
332 3145 378 3206 bis
402 3145 494 3225 igitur
521 3155 661 3226 apparet,
695 3165 752 3208 uon
777 3167 845 3210 esse
877 3147 1089 3209 universaliter
1111 3165 1224 3222 verum,
1259 3147 1354 3208 locum
1384 3145 1525 3227 imaginis

175 3253 242 3295 essa
266 3234 296 3294 in
320 3235 577 3315 perpendiculari,
611 3236 669 3298 uisi
692 3235 822 3298 ethaeo
854 3235 994 3298 limitatio
1027 3237 1171 3310 accedat,
1206 3245 1239 3298 ut
1268 3235 1352 3296 visus
1383 3243 1525 3315 respectu

176 3321 288 3402 speculi
311 3323 474 3385 collocetur
496 3323 550 3395 ita,
573 3332 607 3385 ut
630 3333 739 3386 natura
762 3332 920 3387 monstrat.
1507 3353 1512 3358 ·

265 3411 300 3470 In
324 3413 464 3474 concavis
487 3411 567 3475 idem
590 3413 814 3475 demonstratur
827 3413 857 3476 in
881 3411 1072 3476 contrarium.
1110 3413 1189 3474 Nam
1210 3411 1425 3474 contrariorum
1445 3410 1523 3473 idem

175 3507 222 3561 est
240 3499 396 3580 judicium,
420 3501 530 3563 ceteris
553 3501 688 3580 paribus.

261 3587 321 3651 Est
344 3595 461 3662 autern,
490 3599 524 3652 ut
547 3589 603 3651 boc
626 3590 719 3652 etiam
749 3589 871 3665 addam,
906 3590 1044 3670 quicquid
1077 3589 1165 3668 hujus
1197 3587 1285 3651 uuioo
1308 3588 1395 3672 oculo
1426 3587 1525 3650 notari

174 3685 291 3755 potest,
327 3686 380 3738 ant
403 3677 591 3754 insensibile,
624 3697 691 3740 curn
715 3697 802 3740 arcus
825 3677 928 3740 circuli
959 3695 1187 3756 repercussuum
1215 3676 1356 3755 angulum
1383 3675 1525 3737 visorium

163 3765 295 3827 'vanans
320 3785 440 3845 semper
454 3767 494 3829 sit
516 3767 611 3829 minor
625 3767 693 3848 ipsa
714 3766 830 3846 pupilla
853 3767 931 3828 oculi
953 3767 1080 3846 ideoque
1100 3773 1131 3827 et
1154 3781 1347 3843 repercussus
1371 3763 1524 3844 utriusque

174 3871 314 3936 perquam
340 3855 440 3916 tenuis
464 3855 651 3918 differentia:
677 3863 729 3917 aut
752 3855 779 3916 si
803 3853 865 3916 bini
889 3854 967 3916 oonli
997 3854 1119 3934 speculo
1144 3861 1262 3914 tantum
1286 3851 1527 3932 appropinquent

175 3952 348 4024 tantumque
372 3944 563 4018 inclinentur,
600 3955 776 4024 utmagnus
801 3941 909 4022 aliquis
933 3960 1019 4006 arons
1043 3941 1121 4004 inter
1154 3949 1267 4021 puncta
1298 3957 1525 4018 repercussuum

174 4029 363 4110 interjaceat,
388 4031 471 4095 visus
494 4033 656 4112 impeditur
670 4033 813 4111 nt'prius
834 4031 956 4108 dictum,
981 4040 1013 4093 et
1036 4029 1167 4092 laeditur
1184 4027 1223 4090 ob
1245 4028 1400 4090 turbatam
1424 4027 1525 4090 ειίιιιιι
1580 4035 1584 4043 '

174 4121 327 4200 utriusque
352 4119 429 4182 oculi
453 4129 485 4183 et
508 4121 769 4200 coangustationis
793 4119 950 4182 foraminis
972 4137 1066 4181 ureae
1090 4116 1323 4199 proportionem.

260 4208 432 4288 Prupositio
455 4209 544 4272 XIX.
581 4210 857 4272 Demonstrandum
876 4209 942 4287 jam
963 4216 1011 4270 est
1029 4207 1109 4269 idem
1129 4207 1220 4268 etiam
1240 4205 1270 4268 in
1294 4205 1526 4268 refractionibus

174 4297 245 4368 fieri,
269 4299 347 4380 quod
373 4299 490 4378 quidem
515 4299 701 4380 experientia
723 4297 969 4359 manifestissime
988 4303 1128 4370 testatur,
1153 4303 1188 4358 ut
1211 4293 1356 4357 ainbobus
1379 4293 1474 4356 oculis
1495 4293 1525 4356 in

175 4385 279 4448 cadem
310 4387 502 4448 refractionis
527 4387 680 4468 superficie
712 4385 902 4448 versantibus
931 4393 964 4446 et
994 4385 1083 4446 valde
1106 4401 1145 4446 ex
1177 4383 1296 4464 obliquo
1328 4381 1523 4456 intuentibus,

175 4473 272 4554 imago
287 4493 304 4536 e
318 4475 559 4554 perpendiculari
578 4477 706 4538 excedat
724 4484 756 4536 et
774 4474 868 4536 oculis
893 4473 1131 4554 appropinquet:
1157 4472 1304 4551 siquidem
1323 4479 1356 4534 et
1375 4469 1526 4533 oculorum

174 4561 369 4625 interstitium
383 4571 435 4625 sat
456 4565 619 4646 propinque
643 4566 847 4648 admoveatur,
873 4562 918 4624 ita
932 4570 966 4624 ut
983 4562 1063 4624 inter
1085 4561 1282 4624 refractiores
1305 4559 1344 4620 ad
1367 4568 1524 4640 utmmqne

178 4651 288 4713 oculum
314 4651 468 4713 sensibilis
491 4652 662 4716 differentia
684 4653 862 4714 intercedat.

262 4739 414 4802 circulum
435 4737 549 4802 EDAB
573 4749 658 4804 secet
679 4750 765 4803 recta
787 4741 843 4802 AB
866 4739 897 4800 in
925 4738 1045 4819 punctis
1066 4735 1106 4810 A,
1129 4737 1166 4812 B,
1191 4753 1267 4817 quae
1291 4743 1436 4798 connecte
1459 4753 1526 4798 cum

176 4827 203 4890 D
231 4837 262 4890 et
284 4828 327 4904 E,
365 4829 585 4912 quibuscunque
622 4827 879 4893 circumferentiae
914 4827 1034 4913 punctis
1066 4845 1104 4888 ea
1137 4841 1193 4887 unu
1226 4824 1323 4891 tatere
1359 4824 1524 4891 stantibus.
