3674 5538
224 329 233 336 '
317 305 379 378 132
751 347 754 357 ·
788 307 978 376 Paralipomena
995 311 1021 364 ln
1040 305 1205 362 Vitellionem.

315 491 343 552 in
368 489 493 551 nihilum
518 489 600 552 abire
624 488 751 567 poterit:
777 489 931 568 quantitas
955 489 1033 550 eninr
1057 497 1089 550 ει
1111 489 1155 552 sic
1179 488 1316 551 densitas
1340 487 1488 550 divisione
1512 487 1541 548 in
1568 485 1669 548 inlini-

315 590 377 641 tum
402 579 479 641 abit.
518 579 603 640 Haec
626 578 663 638 de
688 577 831 639 essentia.
870 577 932 639 Sed
957 586 987 639 ει
1011 579 1056 639 vis
1073 576 1269 658 ejaculatoria
1292 577 1407 638 infinita
1430 584 1493 650 est,
1519 576 1588 656 qnia
1613 574 1670 636 luci

315 665 451 742 materia,
476 666 601 748 pondus,
628 686 681 728 seu
704 666 879 728 resistentia
903 667 984 728 nulla
1008 675 1056 729 est
1079 685 1132 746 per
1155 668 1321 747 superiora.
1363 665 1484 728 lnflnita
1506 683 1580 743 ergo
1606 664 1669 724 rir-

317 757 390 820 tutis
415 756 453 818 ad
478 757 593 836 pondua
618 755 780 834 proportio.
1368 757 1371 762 '
1473 799 1476 803 Δ

404 846 494 924 Prop.
520 845 577 906 lV.
624 843 768 905 Lineae
802 843 932 904 harum
965 844 1272 923 ejaculationnm
1308 852 1438 905 rectae
1477 849 1580 915 sunt,
1613 841 1668 900 di-

316 943 456 996 cantur
478 932 609 994 radii.'
636 933 714 995 Nam
739 932 868 995 diximus
892 933 1028 994 affectari
1054 953 1072 994 a
1096 934 1160 995 luce
1185 933 1390 1012 figurationem
1406 930 1564 1010 sphaerici.
1596 929 1670 1007 Ejus

316 1043 386 1086 vero
410 1022 531 1103 genesis
555 1040 627 1082 vere
651 1023 834 1101 geometrica
848 1021 989 1082 consistit
1012 1022 1241 1102 inaequalitate
1261 1021 1501 1094 intervallorum,
1526 1039 1579 1100 per
1594 1037 1669 1098 quae

315 1121 457 1192 punctum
480 1111 608 1172 medium
628 1111 657 1171 in
678 1111 866 1188 superficiem
889 1110 1014 1172 diditur:
1041 1111 1110 1172 illae
1131 1129 1201 1172 vero
1221 1118 1292 1172 sunt
1315 1119 1418 1172 rectae
1438 1110 1544 1171 lineae.
1582 1107 1670 1177 Quod

315 1202 340 1262 si
365 1200 463 1264 curvis
488 1201 709 1274 immoretur,
735 1200 819 1262 nulla
841 1207 925 1261 esset
949 1199 977 1260 in
993 1199 1123 1261 didendo
1146 1199 1334 1279 aequalitas,
1360 1199 1431 1260 nihil
1456 1199 1547 1278 igitur
1571 1195 1666 1257 simile

315 1289 481 1370 sphaerico.

406 1379 488 1440 ldem
512 1376 605 1438 etiarn
629 1375 685 1436 hoc
709 1375 798 1438 modo
826 1377 971 1455 probatur
994 1396 1047 1438 seu
1077 1378 1177 1459 potius
1201 1376 1382 1438 declaratur.
1429 1376 1533 1436 Motus
1558 1372 1669 1435 diversi

315 1475 386 1530 sunt
408 1467 492 1528 fines.
540 1466 605 1528 Aut
627 1465 708 1527 enirn
741 1474 849 1526 natura
882 1466 1007 1527 affectat
1031 1467 1175 1528 unitatem
1204 1465 1335 1544 partium
1359 1473 1412 1525 ant
1436 1462 1669 1543 separationem,

316 1567 472 1636 utrumqne
496 1555 530 1616 lit
553 1573 607 1634 per
637 1563 750 1616 motum
773 1564 887 1616 rectum
911 1555 1217 1635 compendiosissime.
1265 1555 1343 1618 Natu
1378 1553 1447 1633 quia
1470 1571 1527 1633 quo
1551 1552 1669 1613 brevius

316 1663 452 1725 quaeque
477 1643 594 1706 distant
617 1643 672 1704 hoc
695 1643 792 1722 magis
816 1643 900 1704 nnita
923 1643 1146 1721 intelliguntur,
1172 1651 1203 1704 et
1226 1651 1327 1706 rectae
1343 1653 1413 1704 sunt
1429 1642 1557 1703 omnium
1573 1639 1669 1701 linea-

317 1753 382 1796 rum
407 1733 486 1796 inter
510 1733 615 1794 eadem
646 1742 758 1811 puncta
782 1731 989 1806 brevissimae,
1015 1743 1126 1794 motum
1151 1751 1222 1812 ergo
1246 1731 1296 1812 qui
1318 1733 1384 1792 unit
1407 1751 1469 1806 res,
1500 1739 1535 1792 ut
1557 1739 1669 1791 motum

318 1822 484 1903 ponderum
508 1821 546 1882 ed
571 1821 710 1894 Terram,
742 1820 877 1902 chalybis
902 1822 940 1882 ad
965 1833 1155 1902 magnetem,
1190 1822 1218 1882 in
1249 1821 1329 1884 linea
1352 1828 1436 1883 recta
1459 1819 1520 1881 lieri
1546 1835 1669 1880 necasse

216 1970 222 1978 .
318 1920 381 1985 εει;
407 1911 484 1972 alias
508 1928 564 1970 non
590 1928 692 1971 omnes
716 1919 820 1990 partes
844 1919 943 1972 motus
968 1912 1005 1972 ad
1026 1910 1150 1972 eundem
1173 1909 1262 1971 linem
1279 1909 1451 1983 tenderent,
1477 1907 1529 1969 sed
1554 1907 1668 1986 inme-

318 1999 366 2061 dio
392 1998 497 2060 itinere
524 1997 647 2069 alicubi,
683 1999 760 2078 quod
792 2006 859 2059 erat
887 2000 1046 2061 uniendum
1070 1999 1173 2074 alteri,
1205 2000 1382 2061 deflecteret
1410 1999 1448 2058 ab
1472 1998 1528 2058 hac
1553 1996 1669 2057 unionis

259 2147 261 2152 ,
315 2088 521 2152 affectatione.
568 2086 685 2148 hadom
710 2089 746 2150 de
770 2087 921 2150 corrtrario
947 2099 1028 2150 motu
1052 2087 1269 2168 separationis,
1302 2088 1351 2168 qui
1376 2088 1405 2150 in
1429 2087 1518 2149 rebus
1542 2093 1668 2147 natura·

316 2177 392 2239 libus
416 2177 565 2238 violentus
590 2175 716 2250 dicitur,
752 2175 950 2254 intelligenda
979 2185 1059 2239 sunt.
1106 2177 1185 2240 Nam
1211 2177 1237 2238 ei
1262 2177 1354 2238 etiam
1378 2175 1547 2238 contrarius
1571 2181 1669 2234 motas

315 2265 457 2327 unitionis
490 2264 583 2327 motui
616 2266 778 2346 competit:
812 2270 912 2327 rectus
945 2265 1050 2346 igitur,
1085 2266 1156 2346 quia
1186 2274 1268 2328 recto
1302 2265 1442 2342 nonnisi
1466 2272 1567 2326 rectus
1595 2281 1667 2326 con·

314 2369 436 2416 tracuus.

402 2441 479 2504 Luci
501 2459 559 2502 non
575 2440 678 2502 unitio
702 2441 755 2502 sed
780 2443 982 2521 separationis
1014 2443 1127 2523 aliquid
1160 2443 1257 2504 simile
1287 2443 1431 2523 competit
1454 2449 1486 2502 et
1509 2439 1669 2518 ejaculatio
1730 2439 1734 2448 ’

315 2530 535 2594 violentissima
559 2547 610 2590 seu
636 2531 764 2592 elflnuus
794 2529 924 2610 qnidam.
970 2531 1052 2612 Ergo
1077 2540 1108 2593 et
1141 2540 1239 2594 motus
1273 2539 1386 2593 rectus:
1430 2531 1494 2593 Ant
1518 2529 1542 2590 si
1568 2528 1671 2608 placet

315 2621 363 2682 dic
388 2620 550 2682 unitionem
574 2618 639 2698 ejus
669 2621 762 2693 lucis,
796 2639 872 2699 quae
907 2629 955 2681 est
987 2621 1016 2682 in
1051 2620 1163 2696 lucido,
1199 2640 1264 2682 cum
1295 2639 1326 2682 re
1351 2619 1540 2681 illustranda.
1588 2617 1670 2678 ldem

315 2729 443 2790 iramque
467 2716 618 2788 sequetur.
1158 2747 1161 2755 ,

404 2797 466 2861 Sed
490 2815 585 2876 neque
610 2816 647 2858 ex
672 2795 747 2858 lucis
771 2806 879 2859 natura
903 2805 951 2858 est
974 2815 1066 2858 curva
1090 2796 1177 2862 linea.
1216 2797 1295 2859 Nam
1318 2815 1372 2877 per
1396 2793 1425 2859 3.
1451 2815 1484 2856 se
1508 2797 1575 2878 ipsa
1598 2803 1671 2875 apta

314 2897 361 2950 εει
385 2887 413 2950 in
439 2885 584 2950 infinitum
607 2885 778 2964 prorogari:
812 2884 906 2947 lineae
930 2904 1000 2947 vero
1025 2903 1149 2959 curvae,
1174 2892 1321 2965 quatenus
1346 2904 1454 2947 curvae
1480 2885 1508 2946 in
1533 2899 1566 2946 se
1589 2886 1670 2964 ipsas

317 2977 442 3038 redeunt
466 2983 498 3035 ει
520 2974 728 3037 terminantur.
1551 2997 1553 3004 ¹

403 3065 492 3143 Prop.
519 3063 556 3126 V.
612 3063 723 3124 Lucis
747 3071 865 3124 motus
889 3081 956 3123 non
980 3069 1039 3123 est
1064 3061 1097 3122 in
1121 3071 1302 3141 tempore,
1328 3064 1393 3124 sed
1417 3063 1450 3124 in
1474 3070 1669 3123 mourento.

316 3155 400 3216 Nam
430 3165 463 3214 ut
497 3153 524 3212 in
558 3151 643 3214 libris
667 3153 704 3212 de
734 3159 817 3212 motu
851 3151 1088 3212 demonstratum
1119 3159 1167 3212 εει
1199 3152 1238 3212 ab
1266 3152 1452 3224 Aristotele,
1485 3169 1671 3212 commensus

315 3242 436 3321 quidam
452 3249 499 3301 εει
518 3240 662 3319 temporis
682 3241 721 3301 ad
741 3259 806 3302 eam
826 3239 1060 3319 proportionem,
1085 3249 1224 3320 quaeest
1242 3241 1321 3304 inter
1340 3241 1480 3303 virtutem
1501 3250 1671 3301 moventem

316 3341 349 3390 ει
370 3329 487 3408 pondus
521 3349 572 3389 seu
607 3330 714 3389 molem
748 3328 906 3402 mobilem,
939 3328 1001 3388 sire
1030 3327 1171 3407 ponderis
1200 3331 1238 3391 ad
1271 3330 1410 3391 medium.
1458 3329 1520 3390 Sed
1549 3329 1596 3390 hic
1625 3327 1671 3390 vis

315 3437 437 3482 movens
462 3416 499 3476 ad
526 3417 620 3478 lucem
644 3417 821 3478 movendam
846 3417 990 3478 infinitam
1020 3417 1122 3479 habet'
1141 3419 1384 3496 proportionem:
1415 3421 1484 3498 quia
1509 3418 1565 3479 luci
1590 3418 1672 3479 nulla

316 3505 462 3578 irrateria,
498 3525 589 3584 quare
619 3525 714 3586 neque
746 3506 872 3584 pondus.
925 3507 972 3566 lta
1005 3507 1133 3567 medinm
1166 3507 1224 3567 luci
1257 3507 1330 3568 nihil
1359 3507 1487 3581 resistit,
1523 3507 1592 3587 quia
1621 3505 1671 3566 lux

317 3595 445 3656 materia
468 3603 554 3654 caret
576 3613 630 3673 per
660 3613 748 3673 quam
772 3595 825 3656 liat
856 3595 1040 3657 resistentia.
1087 3593 1169 3674 Ergo
1199 3596 1273 3657 lucis
1302 3596 1419 3657 infinita
1447 3595 1586 3656 celeritas
1611 3603 1669 3656 est.

406 3683 497 3763 Prop.
525 3681 578 3744 vl.
626 3683 714 3744 Luci
747 3703 822 3744 cnm
854 3682 1019 3744 discessu
1045 3705 1062 3743 a
1085 3692 1215 3745 centro
1247 3684 1387 3746 accidit
1418 3686 1544 3763 aliqua
1574 3692 1672 3745 atte-

318 3772 446 3834 nuatio
471 3771 506 3832 in
532 3771 654 3834 latum.
702 3772 780 3834 Nam
805 3773 855 3833 lux
878 3791 931 3852 per
955 3769 984 3832 2.
1011 3781 1040 3832 et
1065 3768 1096 3833 4.
1122 3771 1245 3834 infinitis
1276 3773 1367 3834 rectis
1399 3773 1572 3853 egreditur:
1603 3771 1672 3834 illae

317 3881 388 3924 uero
417 3859 585 3940 junctiores
606 3868 688 3922 sunt
711 3862 749 3922 ad
783 3869 934 3932 centrum,
969 3861 1039 3940 qnia
1071 3860 1197 3922 totidem
1227 3862 1254 3923 in
1288 3873 1418 3941 angusto
1452 3864 1517 3925 loco
1548 3870 1621 3942 quot
1645 3859 1672 3920 iu

318 3949 418 4030 spatio
442 3949 560 4028 majori.
608 3948 670 4012 Sed
693 3951 769 4012 haec
793 3957 841 4012 εει
864 3949 996 4010 delinitio
1025 3949 1184 4012 tenuitatis
1207 3958 1239 4011 et
1268 3950 1438 4013 densitatis.
1486 3951 1566 4026 Ergo
1591 3958 1673 4011 atte-

322 4047 430 4101 nuatur
452 4037 482 4099 in
507 4039 610 4100 latum.
689 4053 692 4059 ·

409 4127 496 4206 Prop.
522 4125 594 4186 Vll.
640 4126 753 4188 Lucis
778 4126 884 4188 radio
908 4145 985 4187 cum
1009 4127 1185 4188 discessu
1209 4148 1228 4190 a
1251 4135 1379 4190 centro
1408 4128 1512 4189 nulla
1535 4125 1675 4188 accidit

320 4214 538 4278 attenuatio
572 4214 605 4274 iu
638 4215 800 4294 longum:
829 4215 902 4276 ‘hoc
935 4222 994 4277 est
1026 4232 1097 4276 uon
1128 4235 1201 4296 quo
1236 4217 1402 4296 longior
1434 4216 1579 4277 radius
1609 4215 1673 4276 hoc

321 4305 441 4368 rarior
464 4321 527 4364 seu
551 4303 736 4382 sparsior,
761 4313 915 4382 propter
938 4303 1086 4383 quidem
1111 4295 1206 4376 hano
1233 4305 1354 4385 ipsam
1387 4303 1673 4382 longitudinem.
1735 4355 1738 4362 .

320 4395 353 4454 ln
378 4393 482 4473 genesi
506 4409 631 4470 namque
656 4392 839 4472 geometrica
862 4391 1010 4471 sphaerici
1035 4393 1107 4454 nihil
1128 4393 1190 4455 tale
1215 4394 1342 4474 cogitari
1366 4401 1478 4475 potest.
1516 4393 1584 4454 Lux
1605 4411 1675 4454 rero

319 4481 403 4543 illam
427 4481 552 4543 allectat
575 4499 631 4541 sua
653 4479 699 4541 sui
723 4480 816 4559 ipsius
846 4480 1124 4544 communicatione.
1171 4483 1336 4546 Praeterea
1367 4481 1521 4562 proportio
1552 4481 1673 4542 virtutis

322 4569 500 4648 ejaculantis
532 4568 570 4630 ad
597 4567 627 4628 id
660 4569 738 4648 quod
769 4569 866 4630 effluit
898 4569 1013 4630 infinita
1044 4578 1109 4644 est,
1149 4590 1215 4632 curu
1246 4579 1349 4634 careat
1380 4571 1507 4633 materia
1530 4578 1676 4649 utsupra

323 4656 519 4736 dictumest
541 4675 594 4736 per
618 4653 649 4719 5.
674 4665 771 4718 motus
796 4657 829 4718 fit
852 4657 880 4718 in
906 4668 1075 4719 momento:
1106 4667 1139 4720 et
1159 4679 1213 4738 per
1236 4659 1266 4722 3.
1292 4660 1321 4722 in
1354 4659 1510 4722 inlinitum.
1558 4657 1674 4738 Ubique

322 4744 414 4823 igitur
435 4747 465 4806 in
488 4743 633 4806 infinitum
667 4744 802 4824 aequalis
826 4755 875 4806 est
907 4746 991 4824 rigor
1021 4747 1201 4824 ejaculator‚
1235 4749 1260 4809 is
1285 4750 1348 4828 ipse
1383 4767 1488 4829 nempe
1519 4748 1624 4829 quiet
1648 4747 1675 4808 in

324 4831 448 4918 origine.
496 4829 597 4901 Quare
622 4841 653 4894 et
676 4833 810 4912 aequalis
835 4832 862 4893 in
888 4834 1006 4914 longum
1031 4835 1176 4902 fortitudo
1200 4839 1287 4900 radii.
