3652 5532
741 306 821 373 οιιι
838 307 912 360 xxx·
1243 377 1244 380 Ν
1431 308 1494 379 ιιι

160 487 249 550 iidem
272 485 403 561 Ohristi,
436 503 523 567 quam
550 505 626 548 unus
656 485 764 570 aliquis
787 503 825 548 ex
851 485 983 567 ipsorum
1011 485 1109 548 medio
1132 493 1167 549 ut
1187 486 1414 550 instrumentum
1437 489 1495 552 Dei

160 577 200 640 sit
220 583 442 659 procuraturus.
489 574 573 638 Gens
597 575 675 639 enim
698 575 942 638 numerosissima
964 582 1025 650 est,
1049 593 1125 658 quae
1148 575 1179 638 in
1202 593 1315 636 summo
1343 583 1495 640 contemtu

159 685 225 729 sese
247 673 348 728 tamen
375 671 538 746 propagat,
571 683 646 746 quae
668 683 722 746 por
752 665 884 726 infinitas
912 665 1137 746 persecutiones
1169 664 1267 725 locum
1293 671 1393 726 tamen
1417 666 1494 728 inter

159 763 264 836 gentes
295 755 411 819 invenit
440 753 610 825 habitandi,
643 755 731 837 idque
759 752 864 837 procul
894 753 982 816 dubio
1007 771 1045 816 ex
1067 752 1265 834 dispositione
1297 753 1417 830 divina,
1445 756 1495 837 qui

158 863 261 948 regum
292 845 384 907 corda
413 843 515 924 dirigit
536 851 570 907 ιιι
592 842 666 906 vult.
711 843 753 906 Et
774 843 853 924 quod
882 841 987 905 summi
1017 841 1151 904 miraculi
1183 841 1249 904 loco
1282 850 1347 918 est,
1380 843 1494 922 nostris

158 933 233 996 vivit
254 931 438 996 laboribus
429 951 498 1012 ipsa
513 933 621 994 otiosa.
657 931 748 1013 Eripe
773 951 811 994 ex
827 930 1066 996 Christianorum
1081 930 1144 993 vita
1162 930 1330 1006 avaritiam,
1354 913 1494 994 ιιιιιιιιιιι

158 1021 301 1104 nitatem,
331 1021 499 1102 neglectum
526 1021 673 1101 proximi,
704 1022 831 1096 fastum,
861 1020 1094 1102 pompositatem
1116 1020 1146 1083 in
1170 1019 1301 1098 vestitu,
1334 1018 1492 1083 libidines:
1567 1042 1570 1048 ·

157 1097 309 1186 Judaeus,
340 1118 375 1174 ut
403 1128 480 1173 nunc
511 1110 629 1192 quidem
650 1109 771 1185 vivunt,
801 1127 938 1171 ererum
967 1117 1075 1172 natura
1104 1108 1236 1171 funditus
1266 1109 1493 1190 exstirpaveris.

158 1201 263 1282 Itaque
286 1218 336 1262 res
359 1199 429 1280 ipsa
450 1199 569 1274 clamat,
592 1206 713 1279 gentem
735 1198 813 1260 hanc
834 1197 994 1260 etiamnum
1016 1197 1136 1258 hodie'
1128 1218 1159 1260 m
1173 1205 1259 1279 parte
1283 1216 1350 1260 esse
1374 1198 1494 1260 divinae

155 1288 381 1374 providentiae:
406 1307 464 1370 qua
484 1288 594 1350 lactum
609 1295 651 1362 ut,
675 1307 742 1350 cum
764 1305 866 1350 omnes
888 1286 1026 1348 nationes
1049 1285 1176 1348 invicem
1203 1287 1344 1350 oonliusae
1368 1295 1399 1348 et
1421 1305 1493 1378 per-

155 1377 269 1442 mixtae
293 1378 362 1452 sint,
387 1377 472 1452 adeo,
494 1384 529 1439 ut
542 1377 740 1460 paucissimae
763 1375 895 1438 familiae
919 1375 1062 1456 originem
1085 1374 1279 1438 amillesimo
1302 1394 1379 1438 anno
1402 1395 1493 1458 repe·
1498 1373 1500 1378 ’

155 1475 233 1545 taut,
257 1465 315 1530 soli
335 1465 445 1529 Judaei
467 1472 591 1540 restent,
615 1485 739 1547 quorum
761 1465 871 1528 notitia
893 1466 1001 1527 mundo
1025 1483 1138 1527 coaeva
1161 1465 1210 1528 sit.
1248 1465 1354 1548 ltaque
1378 1465 1405 1527 si
1428 1465 1495 1548 quis

156 1565 204 1620 est
231 1555 443 1636 interpretum,
473 1555 523 1638 qui
554 1554 652 1616 locum
673 1556 712 1619 D.
736 1552 823 1618 Pauli
854 1552 1016 1634 allegatum
1046 1553 1133 1616 aliter
1161 1555 1237 1617 forte
1269 1553 1476 1630 intellexit,
1467 1573 1495 1616 ιι

155 1653 257 1708 tamen
279 1652 421 1707 venturae
444 1639 647 1725 experientiae
661 1643 736 1706 nihil
751 1644 927 1725 derogatum
940 1643 1045 1718 voluit,
1067 1661 1181 1705 memor
1195 1643 1346 1724 generalis
1361 1644 1493 1724 regulae,

155 1754 231 1817 quae
255 1742 394 1797 eventum
414 1733 623 1796 vaticiniorum
644 1732 803 1814 genuinum
831 1733 937 1796 statuit
964 1732 1166 1814 interpretem.
1214 1732 1377 1814 compares
1398 1733 1495 1796 lector

154 1823 289 1906 phrasim
310 1825 348 1886 D.
372 1823 473 1886 Pauli:
501 1831 646 1898 „Caecitas
667 1851 704 1888 ex
717 1839 798 1903 parte
819 1833 936 1906 contigit
949 1832 977 1886 iu
990 1831 1086 1897 lsrael,
1108 1833 1194 1886 donec
1206 1833 1348 1903 plenitudo
1369 1833 1493 1904 gentium

155 1927 274 2000 ιιιειιῃ,
296 1923 384 1977 etsie
404 1921 489 1978 omnis
509 1921 797 1992 innumeremus
846 1909 1009 1992 Comparet
1039 1911 1158 1992 inquam
1187 1911 1261 1973 haec
1294 1929 1360 1975 cum
1388 1911 1493 1992 phrasi

156 2002 271 2067 Christi
293 2001 392 2064 Lucae
417 2001 468 2077 2l,
492 2022 521 2063 v.
543 1998 594 2064 24.
626 2014 680 2076 ,Ει
694 2011 848 2068 Jerusalem
869 2009 1023 2066 calcabitur
1036 2010 1205 2082 agentibus,
1227 2013 1313 2066 donec
1326 2012 1494 2083 impleantur

153 2107 281 2174 tempora
300 2099 464 2158 nationum“
489 2129 523 2140 -
558 2091 678 2154 Ducunt
701 2098 801 2154 autem
823 2111 878 2154 nos
901 2090 1025 2155 eaedem
1048 2088 1324 2153 verisimilitudines
1347 2089 1377 2154 in
1401 2111 1494 2154 causa

153 2181 354 2256 iudaeorum,
386 2198 462 2262 quae
490 2180 574 2262 prius
606 2180 636 2243 in
668 2199 760 2243 causa
791 2181 962 2243 Turcarum.
1014 2178 1102 2241 Dixit
1131 2179 1204 2240 mihi
1235 2180 1340 2242 doctus
1373 2181 1493 2262 quidam

152 2270 319 2345 Hebraeus,
343 2269 514 2332 exclamans
537 2269 647 2332 altum:
680 2279 785 2346 ,Hodie
805 2296 854 2334 vos
874 2280 968 2334 multis
995 2278 1115 2334 millibus
1140 2277 1296 2334 rainiariam
1321 2281 1434 2352 propius
1457 2282 1493 2336 ad

151 2387 202 2426 nos
223 2368 377 2426 accessistis
398 2385 478 2440 quam
498 2368 616 2439 majores
640 2369 754 2424 restri.“
792 2359 939 2422 Nimirum
958 2365 1058 2421 atesi
1079 2376 1153 2439 gens
1175 2357 1323 2421 virulento
1346 2367 1377 2422 et
1392 2359 1492 2423 auimo

153 2456 184 2511 et
206 2449 309 2529 lingua
331 2455 363 2510 et
384 2447 599 2511 calumniarum
622 2450 767 2522 studiosa,
784 2447 966 2511 Christianis
989 2448 1099 2510 multas
1121 2447 1325 2528 blasphemias
1348 2447 1491 2512 tribuunt
1585 2517 1591 2534 ‚

150 2539 257 2620 Itaque
279 2544 312 2599 et
333 2537 391 2599 hoc
421 2537 555 2600 occultae
577 2538 635 2601 Dei
657 2536 863 2618 providentiae
885 2536 1161 2599 transscribendum
1187 2544 1276 2617 puto,
1300 2538 1379 2620 quod
1400 2538 1491 2600 hodie

151 2626 246 2689 tantis
270 2645 337 2701 cum
359 2625 529 2710 fervoribus¹
546 2626 661 2708 passim
684 2625 857 2690 occasiones
879 2626 1005 2689 Judaeis
1028 2625 1241 2688 calumniarum
1266 2627 1489 2709 praeciduntur.

151 2715 242 2778 Alius
265 2714 386 2796 quidam
399 2715 533 2778 Judaeus
555 2715 629 2778 mihi
652 2715 737 2791 dixit,
760 2716 792 2778 in
808 2715 947 2778 confesso
970 2734 1037 2778 esse
1061 2715 1140 2796 apud
1163 2713 1256 2797 ipsos,
1279 2715 1318 2778 ab
1337 2715 1424 2780 annis
1447 2715 1491 2782 80

154 2823 187 2866 se
209 2803 398 2866 tolerabilius
420 2804 545 2867 tractari
568 2804 743 2886 agentibus
766 2823 854 2886 quam
873 2804 953 2867 olim.
989 2805 1032 2868 Et
1054 2804 1209 2867 celebrant
1230 2805 1382 2868 decretum
1396 2805 1490 2889 Soly-

153 2893 255 2956 manni
284 2893 447 2956 rl'urcarum
475 2893 682 2976 ιιιιριιιιοιιι,
712 2893 761 2975 qui
790 2913 868 2956 anno
901 2889 994 2958 1540.
1028 2893 1156 2974 jusserit
1192 2894 1354 2958 instaurari
1388 2915 1490 2958 muros

154 2982 411 3064 Jerosolyrnorum
433 2991 464 3045 et
486 3003 580 3066 aquas
602 3001 656 3064 per
673 2983 761 3046 tubos
785 2983 891 3045 deduci
913 2983 944 3044 iu
958 2983 1120 3046 civitatem.
1137 3015 1178 3026 —
1200 2985 1236 3046 In
1254 3002 1363 3065 genere
1386 3003 1490 3046 omnes

151 3071 313 3136 hodiernae
335 3071 415 3134 inter
434 3071 623 3136 Christianos
645 3072 773 3136 usitatas
797 3071 1004 3135 contentiones
1028 3082 1059 3136 et
1081 3071 1278 3136 differentiam
1301 3071 1432 3136 cultuum
1453 3091 1489 3137 eo

151 3179 276 3242 vergere
308 3161 429 3242 opinor,
458 3170 492 3225 ut
514 3181 552 3224 ex
582 3170 685 3226 mutua
712 3162 797 3225 mina
825 3162 866 3225 sit
897 3162 1015 3224 occasio
1047 3162 1312 3225 convertendarum
1343 3162 1489 3226 dictarum

144 3250 300 3341 gentium,
340 3249 409 3313 hinc
439 3251 595 3328 Indorum,
633 3251 701 3313 inde
732 3251 915 3315 ludaeorum
952 3258 984 3313 et
1012 3253 1183 3315 micarum.
1244 3250 1417 3328 Quorsum
1429 3271 1488 3315 non

148 3335 334 3404 incommode
356 3339 482 3417 referas,
505 3359 580 3423 quae
604 3342 640 3403 de
662 3341 803 3403 Indorum
825 3340 999 3403 idololatria
1025 3342 1145 3423 eJusque
1173 3341 1313 3404 remediis
1336 3341 1488 3424 Josephus

150 3449 171 3490 a
193 3429 288 3493 Oosta
310 3428 361 3492 lib.
385 3431 425 3493 V.
450 3431 487 3492 do
508 3431 697 3510 procuranda
717 3429 858 3493 Indorum
881 3429 1010 3493 salute'
1002 3451 1032 3492 ιιι
1054 3432 1132 3492 hunc
1154 3431 1273 3493 modum
1295 3432 1486 3513 perscripsit.

151 3516 227 3598 Gap
250 3517 305 3579 IX.
346 3528 444 3583 Nescio
469 3529 606 3601 equidem,
633 3528 731 3601 quibus
755 3529 847 3586 verbis
873 3529 1037 3603 significem:
1063 3548 1118 3584 non
1138 3535 1196 3586 tarn
1220 3531 1337 3586 imbutos
1359 3548 1439 3603 quam
1458 3530 1488 3587 in

151 3607 335 3662 idololatriam
354 3610 463 3679 penitus
484 3611 693 3666 transformatos
707 3611 820 3666 istorum
834 3610 946 3676 animos,
967 3618 1000 3666 ut
1012 3627 1101 3683 neque
1114 3609 1143 3665 in
1157 3610 1213 3665 otio
1229 3599 1318 3683 neq'ue
1332 3611 1360 3666 iu
1374 3612 1487 3685 negotio

150 3703 239 3758 neque
259 3687 467 3758 inpublicare
491 3708 580 3762 neque
599 3691 629 3751 in
652 3691 763 3760 privata
792 3689 937 3764 quicquam
963 3697 1116 3764 peragant,
1143 3690 1197 3745 uisi
1216 3691 1348 3746 idolorum
1377 3709 1487 3748 suorum

149 3766 226 3838 prius
247 3768 443 3837 superstitione
462 3771 596 3826 adhibita.
625 3771 687 3826 Non
707 3771 836 3828 laetari
828 3791 857 3827 in
870 3772 981 3842 nuptiis,
1003 3791 1058 3826 non
1071 3773 1169 3843 lugere
1189 3771 1279 3835 ιιιιιιιι,
1300 3789 1354 3825 non
1374 3773 1486 3842 epulum

148 3847 284 3918 praebere
304 3855 354 3902 aut
381 3849 518 3920 accipere,
548 3867 603 3905 non
628 3851 743 3922 denique
768 3849 818 3907 ιιιι
841 3855 939 3924 pedem
967 3854 1065 3908 efferre
1093 3855 1171 3906 domo
1196 3857 1247 3905 aut
1272 3849 1349 3921 operi
1376 3867 1484 3906 manum

149 3929 294 3982 admovere
314 3929 372 3982 sine
386 3929 532 4002 sacrilegio
552 3930 659 4003 gentili.
691 3932 779 4003 Usque
793 3934 861 3987 adeo
876 3934 1001 3988 diabolus
1022 3946 1168 4003 oppressos
1189 3937 1267 3985 tenet
1280 3947 1373 3986 eorum
1387 3949 1483 3988 sensus

148 4007 282 4063 servitute
311 4008 469 4065 miserrima.
511 4011 620 4074 Quanto
644 4027 708 4065 vero
738 4013 853 4066 artificio
873 4013 930 4068 ista
955 4013 1045 4068 omnia
1073 4013 1165 4066 celent
1190 4017 1274 4082 atque
1304 4011 1483 4078 dissimulent,

148 4088 338 4160 actapublice
359 4105 444 4162 agere
464 4091 539 4146 haud
558 4091 674 4147 liberum
694 4091 746 4146 sibi
769 4109 830 4146 esse
856 4093 1040 4164 perspiciunt,
1067 4099 1172 4162 quanta
1190 4105 1284 4146 rursus
1304 4091 1482 4162 impudentia,

147 4195 209 4232 cum
227 4177 311 4232 licere
332 4179 385 4233 sibi
403 4185 516 4250 putant,
544 4181 698 4248 insaniant,
724 4183 815 4238 mirari
840 4182 931 4251 potius
954 4197 1065 4253 possum
1087 4195 1168 4251 quam
1188 4180 1257 4234 satis
1278 4181 1377 4237 dicere.
1441 4172 1485 4234 Ec

146 4257 306 4320 recensitis
328 4276 405 4339 pene
427 4259 550 4323 infinitis
580 4262 735 4343 speciebus
767 4259 957 4324 idololatriae
984 4261 1062 4322 inter
1084 4258 1170 4338 ipsos
1199 4259 1348 4338 usitatae,
1379 4261 1480 4337 addit:

25 4357 29 4366 ·
147 4355 214 4418 quot
243 4355 335 4404 autem
364 4349 546 4416 victimarum,
577 4361 644 4424 quot
668 4351 841 4416 libaminum,
872 4357 974 4421 quanto
1004 4348 1217 4405 ceremoniarum
1246 4350 1339 4406 ordine
1368 4351 1482 4408 istorum

148 4427 264 4484 omnium
283 4431 387 4484 cultum
405 4441 636 4502 persequerentur
655 4433 784 4504 Ingarum
802 4447 945 4502 proceres,
974 4430 1107 4484 inlinitum
1127 4436 1171 4484 est
1191 4429 1279 4484 dicere
1300 4430 1348 4487 doc.
1389 4435 1431 4485 Ac
1450 4450 1481 4487 re

147 4505 209 4577 ipsa
228 4516 356 4583 certoque
376 4526 428 4565 ιιιιι
442 4511 616 4568 observatum
630 4518 682 4577 est,
703 4529 752 4568 eas
772 4513 897 4566 ludorum
917 4511 1042 4566 nationes
1060 4511 1156 4582 plures
1178 4526 1211 4565 ao
1223 4511 1365 4583 graviores
1386 4529 1481 4584 super-

147 4587 272 4645 stitiones
292 4591 445 4647 diabolicae
465 4592 567 4663 speciei
587 4592 716 4658 tenuisse,
737 4593 766 4648 in
786 4591 883 4665 quibus
902 4607 999 4663 regum
1020 4607 1053 4646 ao
1072 4589 1141 4662 reip.
1161 4591 1280 4646 maxime
1304 4591 1432 4663 potentia
1451 4600 1482 4648 et

146 4677 247 4746 peritia
266 4681 400 4736 excelluit
419 4679 466 4736 ιιι.
509 4671 622 4733 Postea
645 4689 711 4732 com
733 4690 798 4752 cap.
813 4671 854 4734 X.
872 4677 903 4732 et
915 4671 971 4733 Xl.
996 4669 1129 4733 remedia
1151 4675 1257 4735 contra
1278 4671 1481 4736 idololatriam

148 4757 307 4820 sumsisset
328 4759 525 4840 explicanda:
555 4759 708 4839 subjungit
727 4759 803 4822 haec
825 4759 951 4822 ultimo:
975 4769 1029 4826 ssd
1049 4769 1116 4824 illud
1130 4785 1306 4841 summopere
1333 4773 1480 4829 ιιιιιιιιιιι

147 4853 206 4913 ιιι,
225 4853 259 4903 ut
276 4865 328 4960 prp
347 4849 437 4906 noxiis
462 4849 561 4906 ritihus
585 4849 723 4905 salutares
750 4848 957 4908 introducantur
985 4856 1014 4905 ιι
1033 4850 1191 4908 ceremoniis
1216 4851 1385 4910 ceremoniae
1410 4851 1479 4910 obli·
1504 4917 1509 4926 ,
