3718 5528
802 285 893 352 dapar
910 285 954 338 XL
1496 285 1561 354 347

293 462 501 545 Appendix.
548 461 819 546 Comparantur
841 463 936 527 modi
961 463 1026 526 alii
1054 463 1229 528 diametri
1250 465 1373 528 Lunae
1402 465 1560 530 metien-

207 556 272 618 dae
295 573 373 616 cum
394 554 623 636 praemissis.
668 554 738 618 Etsi
761 554 893 618 omnium
916 552 1087 616 certissima
1110 560 1142 614 et
1164 553 1319 617 tutissima
1339 573 1480 618 mensura
1502 575 1561 636 po-

207 653 275 707 stea
286 662 342 724 per
357 643 584 706 observationes
599 643 756 725 eclipsium
770 642 923 707 Solarium
936 643 1054 706 demum
1070 643 1256 722 expedietur,
1275 642 1323 705 hie
1338 651 1440 706 tamen
1454 645 1562 726 reliqui

212 732 291 795 modi
313 731 370 794 sub
395 740 552 813 aspectum
575 732 753 813 subjiciendi
776 741 846 796 suut
869 732 998 796 interim.
1044 730 1087 794 Et
1109 732 1276 812 Hipparchi
1300 730 1419 813 quidem
1441 733 1562 814 dioptra

207 841 246 884 ex
266 821 445 884 Ptolemaeo
467 827 541 884 nota
572 830 635 897 est,
670 839 730 900 qua
761 827 793 884 et
821 821 887 902 ipse
908 821 1102 884 Ptolemaeus
1133 839 1205 884 usus
1239 821 1416 902 desperavit
1447 827 1559 899 tamem

206 909 407 992 quantitatem
431 918 545 972 certam
569 930 607 972 ex
629 930 667 972 ea
690 909 806 972 elicere.
852 908 956 972 Solum
983 909 1040 972 hoe
1069 910 1200 984 invenit,
1231 910 1349 976 Lunam
1371 909 1401 972 in
1425 930 1561 992 apogaeo

205 1000 362 1080 aequalem
386 998 487 1062 Solari
520 999 699 1063 diametrum
730 999 904 1074 ostendere,
937 997 1131 1080 inperigaeo
1162 1017 1273 1078 augere
1295 999 1392 1074 illam,
1427 1001 1508 1081 quod
1530 1008 1563 1064 et

204 1087 399 1168 Hipparchus
423 1087 550 1151 dixerat.

294 1178 385 1241 Anno
420 1175 516 1242 1598.
550 1173 603 1241 29.
635 1176 741 1239 Martii
777 1177 827 1239 vel
858 1174 889 1241 8.
913 1175 1029 1256 Aprilis
1061 1175 1181 1254 vesperi
1212 1175 1288 1240 hora
1309 1174 1341 1239 8.
1367 1174 1470 1240 Gratii
1499 1177 1562 1242 vidi

205 1267 324 1329 Lunam
353 1267 490 1348 junctam
518 1265 754 1328 occidentalibus
787 1266 818 1328 in
852 1264 1056 1346 quadrilatero
1078 1263 1252 1341 Pleiadum,
1286 1263 1330 1327 sic
1353 1271 1470 1328 utnon
1493 1268 1562 1347 plus

206 1361 297 1418 sexta
320 1355 451 1418 Lunaris
480 1354 618 1418 diametri
649 1364 736 1434 parte
767 1373 872 1436 margo
895 1375 914 1416 a
936 1353 1074 1435 proxima
1095 1354 1262 1416 recederet.
1308 1353 1455 1417 Extremo
1478 1375 1562 1418 mar-

206 1443 275 1524 gine
295 1451 416 1506 ‘tautum
440 1463 459 1506 a
481 1443 600 1506 lucente
624 1443 735 1506 tertiae
757 1443 972 1524 magnitudinis
997 1442 1119 1518 distitit,
1144 1449 1259 1522 quanta
1281 1441 1338 1504 furit
1361 1443 1427 1523 ejus
1452 1445 1562 1524 ampli-

207 1533 281 1596 tudo
308 1532 451 1614 corporis.
499 1533 545 1596 lbi
575 1533 668 1613 igitur
700 1532 776 1596 duae
809 1531 839 1594 in
872 1530 1052 1595 occidentali
1084 1532 1180 1594 latere
1214 1531 1411 1611 quadrilateri
1443 1532 1563 1614 longius

207 1621 382 1697 distabant,
407 1639 496 1701 quam
519 1629 552 1684 ut
576 1629 733 1703 utramque
757 1620 845 1682 simul
868 1621 956 1684 Luna
979 1627 1081 1700 tegere
1104 1619 1270 1699 potuisset,
1303 1619 1451 1701 siquidem
1473 1640 1564 1702 super

205 1711 275 1775 illas
300 1710 409 1775 luisset
431 1712 579 1790 ingressa.
603 1735 606 1742 ¹
626 1711 714 1774 Luna
736 1710 878 1774 triduana
901 1711 966 1786 luit,
991 1715 1137 1788 superata
1160 1708 1345 1790 longitudine
1369 1711 1470 1776 media
1491 1717 1563 1774 ten-

208 1800 284 1862 dens
307 1801 346 1862 ad
370 1819 555 1881 apogaeum
589 1807 621 1862 et
641 1799 779 1880 proxima
802 1799 957 1862 latitudini
980 1797 1127 1862 maximae
1151 1798 1382 1880 septentrionali
1404 1798 1564 1862 videbatur

207 1895 274 1952 toto
298 1907 422 1970 corpore
445 1889 622 1954 clarissime.
1066 1911 1071 1924 ·

296 1977 443 2060 Sequenti
468 1975 519 2041 17.
544 1975 596 2041 27.
621 1977 704 2041 Juuii
733 1996 821 2040 mane
851 1976 931 2038 inter
962 1977 1066 2038 horam
1090 1970 1121 2038 2.
1146 1982 1178 2038 et
1201 1972 1231 2038 3.
1256 1977 1344 2038 Luna
1375 1995 1493 2040 rursum
1525 1977 1564 2040 ad

207 2083 377 2150 apogaeum
402 2069 568 2130 ascendens
592 2068 678 2148 eique
702 2067 824 2147 propior
847 2071 878 2128 et
896 2064 977 2127 cirea
998 2064 1124 2127 limitem
1147 2065 1271 2127 boreum
1294 2064 1400 2128 stabat
1420 2066 1460 2128 ad
1477 2066 1563 2129 Plei-

207 2157 283 2218 adas
307 2158 460 2220 conversis
483 2156 634 2231 cornibus,
659 2157 703 2218 sie
725 2164 761 2218 ιιι
782 2154 1024 2237 perpendiculari
1047 2152 1190 2216 sectionis
1215 2173 1253 2216 ex
1273 2155 1333 2216 imo
1357 2173 1449 2216 cornu
1472 2155 1564 2220 ducta

208 2245 374 2327 stringeret
395 2245 538 2308 Pleiadas
563 2245 709 2326 superius.
757 2245 936 2306 Transierat
958 2243 1102 2306 Pleiadas
1130 2251 1161 2304 ct
1184 2264 1204 2305 a
1226 2243 1396 2306 clarissima
1428 2243 1565 2306 distabat

211 2334 280 2414 plus
304 2353 395 2415 quam
415 2334 582 2398 Palilitium
605 2356 624 2396 a
646 2334 746 2396 vicina
769 2333 947 2396 Sucularum
969 2351 1074 2395 versus
1098 2351 1187 2394 nares
1211 2332 1316 2408 Tauri,
1349 2331 1447 2395 minos
1475 2351 1564 2413 quam

208 2423 284 2486 baec
307 2424 346 2486 ab
369 2424 429 2486 ima
451 2424 482 2486 in
504 2425 637 2487 naribus.
666 2423 823 2486 Diametro
847 2422 939 2501 igitur
961 2439 1090 2503 aequare
1115 2421 1275 2484 videbatur
1298 2421 1475 2484 distantiam
1498 2422 1565 2484 ela·

207 2531 310 2576 rarum
334 2513 459 2576 duarum
489 2521 732 2576 mansvcrsarum
760 2513 791 2574 in
814 2510 998 2574 Pleiadibue
1044 2510 1225 2590 Hujusmodi
1254 2509 1498 2590 comparationes
1525 2511 1565 2572 ad

209 2603 287 2664 lixas
309 2602 493 2683 propinquas
514 2602 643 2664 invicem
666 2609 751 2665 tauto
775 2600 886 2663 debent
909 2599 1024 2680 exquiri
1048 2599 1175 2674 avidius,
1202 2599 1280 2680 quod
1299 2597 1478 2660 universalis
1497 2617 1563 2662 om-

209 2691 298 2754 nibus
321 2691 489 2756 hominibus
513 2699 545 2754 et
566 2700 714 2772 perpetua
735 2691 810 2752 hace
833 2707 974 2751 mensura
996 2695 1054 2751 est.

299 2781 401 2844 Idem
423 2783 566 2844 tentari
589 2788 718 2861 potest
740 2799 803 2842 seu
825 2797 887 2858 per
910 2777 1025 2854 fixas,
1059 2795 1124 2840 scu
1146 2795 1209 2856 per
1232 2739 1388 2850 radium,
1416 2793 1478 2836 seu
1501 2792 1566 2856 per

211 2869 412 2950 dioptram,
446 2887 522 2932 curn
551 2871 669 2932 latera
700 2869 848 2931 umbrae
881 2869 1019 2928 Terrae
1056 2865 1302 2947 perambulat,
1340 2865 1471 2927 rubore
1502 2883 1565 2927 suo

212 2957 331 3021 adbuc
354 2960 469 3022 clara.
507 2959 606 3022 Atro
629 2959 758 3021 medinm
782 2956 935 3019 umbrae
927 2976 1077 3032 immersa,
1100 2963 1135 3017 ut
1157 2974 1206 3018 an.
1235 2949 1329 3018 1588.
1352 2953 1474 3028 Martio,
1498 2973 1565 3016 nra·

210 3048 293 3128 ligne
316 3048 447 3111 cernitur
467 3049 617 3130 infidaque
642 3055 691 3110 est
713 3047 896 3110 obseruatio.

301 3135 469 3199 Videamus
488 3155 569 3213 sero,
590 3137 683 3200 etiam
701 3155 779 3200 cum
803 3133 1030 3216 simpliciter
1047 3133 1161 3214 plena
1183 3130 1316 3194 lumine
1340 3130 1568 3195 observatur

211 3225 493 3301 instrumentis,
533 3227 611 3288 sive
644 3225 681 3287 id
720 3224 825 3288 radio
864 3225 952 3297 fiat,
985 3241 1046 3284 seu
1087 3220 1312 3301 marginibus
1346 3220 1391 3282 ad
1431 3219 1567 3284 stellas

213 3315 473 3418 oppositarum
510 3315 706 3396 plagarum
742 3312 988 3416 comparatis,
1026 3330 1089 3373 seu
1125 3310 1327 3374 altitudine
1366 3307 1566 3392 utriusque

213 3403 397 3483 marginis
419 3423 483 3484 per
507 3405 730 3486 quadrantes
754 3401 954 3483 exquisita.

304 3492 393 3555 Auno
428 3489 716 3558 15921411111
747 3492 881 3555 instante
914 3489 1032 3570 eclipsi,
1065 3487 1218 3552 Braheaui
1251 3488 1431 3552 diametrum
1461 3485 1567 3548 Lunae

212 3581 297 3645 radio
322 3583 523 3645 astronomiae
547 3583 710 3645 secuudum
733 3579 879 3644 Gemmas
911 3579 1078 3642 doctrinam
1111 3577 1238 3641 dimensi
1265 3577 1424 3658 prodidere
1449 3573 1492 3638 32
1515 3583 1568 3638 aut

218 3664 301 3754 stt,
329 3670 518 3734 minutorum.
565 3671 642 3733 Erat
664 3669 806 3733 Lunam
829 3686 975 3749 apogaeo.
1013 3668 1123 3730 Modus
1147 3675 1179 3730 et
1201 3665 1333 3730 incertus
1357 3673 1407 3729 est
1429 3673 1461 3728 et
1482 3682 1566 3727 senr-

213 3777 268 3840 per
289 3759 358 3840 plus
377 3759 462 3840 justo
486 3760 586 3824 dicere
609 3759 820 3840 praesumitur.

301 3848 417 3910 Eodem
441 3870 519 3914 auno
546 3847 597 3913 12.
620 3847 787 3923 Februarii,
811 3847 899 3910 Luna
921 3863 981 3909 non
1004 3843 1178 3914 humillima,
1202 3842 1399 3925 prodiderunt
1423 3838 1487 3906 35.

303 3939 393 4000 Anno
420 3936 515 4002 1587.
541 3936 570 4003 6.
593 3938 733 4002 Jauuarii
754 3939 860 4000 Lunae
884 3935 992 3999 summi
1016 3934 1123 3996 stimi
1147 3931 1290 4035 marginis
1316 3931 1445 3994 elevatio
1475 3948 1568 4011 supra
1596 3929 1601 3938 '

214 4026 401 4090 horizontem
425 4029 461 4090 de
485 4029 533 4092 die
557 4029 736 4103 observata,
771 4045 838 4088 cum
869 4025 979 4088 oertior
1002 4029 1051 4086 est
1076 4022 1178 4086 Lunae
1201 4021 1277 4083 visio
1310 4023 1394 4096 (erat
1416 4019 1496 4082 enim
1518 4019 1568 4082 bi-

216 4115 332 4180 s'ecta
324 4135 354 4178 ιιι
379 4118 525 4197 quadrato
549 4117 646 4193 Solis)
680 4116 815 4179 ostendit
845 4116 1023 4178 diametrum
1047 4109 1110 4176 301.
1156 4113 1234 4174 Erat
1255 4108 1397 4171 Lunam
1421 4125 1567 4188 apogaeo.

303 4205 392 4267 Auno
418 4203 514 4270 1588.
539 4203 569 4269 2.
593 4205 708 4282 Martii,
734 4211 805 4268 ante
829 4203 956 4286 eclipsin
979 4202 1098 4282 vesperi
1120 4219 1175 4281 per
1199 4195 1333 4261 armillas
1357 4197 1569 4260 declinationis

217 4293 384 4375 marginum
407 4295 578 4358 differentia
602 4295 659 4358 luit
682 4295 803 4374 saepius
825 4294 946 4367 iterata,
971 4289 1044 4365 33,
1069 4290 1192 4354 dimidio
1215 4288 1283 4370 plus
1306 4287 1355 4350 rel
1378 4287 1485 4350 miuus.
1531 4287 1567 4348 In

216 4383 380 4446 meridiano
413 4384 584 4448 altitudinis
607 4385 774 4464 marginum
796 4382 968 4448 differentia
995 4379 1063 4456 311,
1090 4373 1203 4461 3211,
1227 4373 1335 4460 30⁸l,‘.
1381 4374 1498 4438 Eadem
1522 4375 1569 4438 die

219 4472 419 4553 praecedente
443 4471 507 4537 33.
556 4472 682 4538 Scilicet
704 4472 753 4536 hio
776 4473 882 4536 modus
903 4471 994 4553 paulo
1018 4477 1067 4532 est
1090 4468 1242 4531 incertior.
1274 4469 1362 4530 Luna
1385 4485 1404 4527 a
1426 4464 1569 4546 perigaeo

218 4562 385 4626 ascendens
408 4563 669 4645 appropinquabat
692 4561 871 4641 longitudini
894 4560 1023 4624 mediae.

305 4651 372 4714 Hoc
395 4652 483 4714 modo
506 4671 585 4715 anno
613 4649 710 4717 1591.
735 4648 789 4714 22.
813 4648 1005 4714 Februarii
997 4667 1027 4710 ιιι
1059 4644 1244 4726 longitudine
1276 4643 1376 4706 media
1408 4643 1572 4706 observata

209 4737 266 4800 bis
289 4737 353 4816 311,
378 4739 477 4803 sexies
501 4737 565 4815 321,
589 4741 705 4823 septies
728 4737 792 4816 331,
817 4741 916 4803 sexies
941 4735 995 4802 341
1019 4735 1168 4817 apparuit.
1216 4730 1302 4804 Quae
1329 4733 1463 4796 varietas
1494 4748 1569 4812 par·-

220 4828 274 4891 tim
305 4828 421 4893 ratione
453 4830 637 4895 diuersorum
672 4788 837 4907 oeulorrim,
875 4829 985 4911 partim
1017 4827 1133 4891 ratione
1169 4821 1421 4905 pinnacidiornm,
1459 4821 1570 4904 partim
