3464 5524
617 299 649 350 de
667 299 739 350 rebat
760 299 861 366 opace.

66 487 174 555 tenpore
188 473 272 536 dieto
290 471 438 538 emicuit
450 491 507 536 uno
530 473 611 536 uictu
627 475 705 538 oculi
729 473 793 550 Sol,
818 475 903 556 cujus
925 475 1039 539 radium
1064 495 1120 558 ego
1237 551 1242 562 ¹

64 565 112 624 ridi
127 583 185 624 eum
209 563 270 624 hac
287 561 503 642 amplitudine
519 562 582 643 (hg.
598 560 642 638 2).
667 565 800 644 Eratque
824 564 958 628 radiolus
981 565 1041 638 iste
1064 567 1117 628 de·
1215 550 1269 616 mg.
1283 549 1307 598 ²·

66 655 157 714 libatus
175 669 283 732 pamm
310 652 486 714 admodum
510 672 528 712 a
555 652 677 728 dextra,
710 654 785 716 adeo
809 655 916 732 exiguo
941 653 1120 731 discrimine,

67 739 152 800 utrix
173 741 201 802 iu
224 741 281 802 illa
307 739 464 820 angustia
486 741 631 820 conjicere
654 742 816 821 potuerim,
844 743 1041 805 inclinaretne
1065 745 1120 804 de·

70 831 147 892 lectus
171 847 291 891 sursum
328 849 374 891 an
403 829 547 892 deorsum.
594 827 657 892 Sed
688 839 789 892 tamen
814 831 939 893 etmihi
963 830 1123 894 ridebatur

70 935 164 978 rusum
186 916 362 992 discedere,
391 926 422 979 et
446 917 494 999 qui
509 916 610 980 Solem
624 919 722 998 ipsum
739 928 935 1000 aspexemut,
960 920 1120 996 affirmant,

72 1023 155 1084 parum
175 1005 341 1068 admodum
369 1007 509 1068 deorsum
537 1007 710 1071 inclinatum
741 1007 851 1082 luisse,
884 1008 962 1087 quod
990 1027 1119 1071 consen-

76 1095 136 1154 tiens
157 1101 202 1154 est
223 1093 278 1155 illi.
329 1093 489 1175 Proripuit
511 1103 611 1158 autern
634 1116 668 1158 sa
691 1115 746 1158 uec
769 1105 903 1158 moratus
927 1104 989 1172 est,
1024 1097 1119 1158 donec

76 1181 112 1242 rel
131 1179 205 1242 Solis
228 1183 431 1245 altitudinem
454 1201 591 1262 caperem
614 1185 663 1247 vel
686 1185 800 1247 radium
824 1186 854 1246 iu
877 1185 998 1265 planum
1023 1184 1208 1246 descendens
1233 1183 1413 1263 aspicerem.

80 1269 124 1330 Sed
145 1278 238 1330 tamen
272 1271 424 1350 conjicio,
462 1271 491 1332 in
523 1273 613 1352 plano
646 1272 799 1335 remotiori
823 1274 953 1335 futurum
984 1273 1079 1334 fuisse
1111 1273 1257 1352 majorem
1289 1283 1416 1351 aspectu

80 1359 219 1429 delectum,
252 1365 352 1438 atque
375 1360 453 1422 adeo
475 1361 579 1439 paucis
603 1361 718 1441 aliquot
741 1362 887 1441 scrupulis
906 1369 978 1422 ante
1002 1361 1078 1422 hunc
1102 1361 1301 1440 quadrantem
1325 1379 1416 1440 supra

85 1444 204 1508 decimam
225 1447 383 1526 incepisse
409 1448 543 1529 eclipsin.
589 1450 683 1512 Paulo
707 1458 779 1530 post
801 1450 937 1512 defectus
961 1449 1085 1510 duomm
1110 1448 1230 1510 circiter
1254 1446 1415 1528 digitomm

80 1533 127 1610 jam
147 1534 302 1596 manifeste
328 1536 470 1600 deorsum
492 1537 649 1616 vergebat.
695 1539 769 1600 Inde
793 1557 892 1600 merae
916 1535 1114 1600 circaSolcm
1139 1536 1233 1599 nubes
1258 1555 1351 1616 usque
1376 1535 1416 1598 ad

85 1622 208 1684 dimidiam
231 1623 446 1687 duodecimam
471 1635 502 1686 ct
525 1645 560 1688 eo
585 1627 728 1706 amplius3
752 1646 817 1688 curn
842 1644 898 1705 ego
921 1627 1045 1688 multum
1070 1625 1176 1686 anxius
1201 1625 1344 1704 optabam
1365 1630 1415 1685 te-

86 1709 181 1786 nebras,
212 1729 288 1791 quae
324 1713 411 1793 sequi
443 1714 595 1776 nolebant.
642 1715 705 1777 Vix
736 1715 814 1777 enim
845 1713 955 1794 exigua
977 1713 1095 1776 illarum
1126 1713 1155 1775 in
1187 1713 1416 1776 observatorum

87 1799 163 1860 oeulos
184 1799 354 1864 incurrerat
378 1803 610 1865 animadversio.
644 1801 696 1865 Sic
720 1811 819 1865 autem
835 1811 902 1864 erat
915 1802 1063 1864 diminuta
1076 1802 1141 1878 lux,
1166 1810 1200 1863 ut
1222 1821 1289 1864 cum
1312 1801 1416 1881 pluvia

89 1885 165 1966 aliqua
185 1889 257 1962 (uon
281 1897 387 1952 tamen
411 1899 445 1952 ut
467 1891 496 1953 in
521 1909 632 1972 magna
655 1893 852 1972 tempestate)
876 1890 986 1964 instat,
1018 1908 1085 1950 cum
1113 1898 1214 1952 tamen
1237 1890 1332 1952 nubes
1355 1907 1415 1952 uon

89 1983 167 2036 enen
186 1977 317 2060 undique
341 1997 479 2053 crassae,
513 1999 589 2061 quae
610 1979 665 2043 boc
688 1978 805 2042 causari
832 1977 1012 2058 potuissent.
1058 1978 1165 2058 ltaque
1188 1997 1255 2040 cunr
1279 1997 1317 2040 ex
1339 1995 1414 2039 con-

88 2063 178 2140 jectura
190 2065 254 2143 jam
277 2067 439 2130 transiisse
454 2067 605 2130 videretur
619 2068 763 2142 medium,
788 2067 908 2130 tandem
925 2064 1066 2146 apparuit
1078 2066 1182 2128 radius
1205 2066 1314 2146 aliquis
1324 2065 1415 2146 paulo

93 2161 143 2212 ante
162 2154 357 2234 quadrantem
380 2156 503 2218 tertium
524 2164 597 2236 post
618 2155 816 2218 undecimam.
863 2151 963 2216 Cornu
986 2161 1107 2234 praeter
1124 2153 1294 2236 opinionem
1317 2173 1414 2234 appa-

92 2239 135 2301 uit
151 2260 232 2322 supra
255 2243 367 2324 exiguo
400 2243 575 2306 inclinatum
608 2244 647 2306 ad
679 2245 833 2306 sinistram
857 2243 996 2304 deorsum
1018 2261 1148 2306 versum.
1194 2243 1262 2306 Nou
1287 2241 1416 2322 contigit

92 2327 143 2388 nihi
161 2330 209 2393 hoc
231 2332 428 2406 beneficium,
447 2340 479 2395 ut
503 2331 666 2394 dimetirer.
698 2334 804 2412 Itaque
828 2329 909 2393 aliud
928 2331 1078 2392 affirmare
1097 2349 1155 2394 uon
1170 2350 1301 2411 possum,
1326 2349 1415 2412 quam

93 2413 163 2478 risam
183 2421 271 2484 luisse
296 2421 424 2501 eclipsin
448 2417 468 2484 9
491 2419 541 2482 vel
567 2417 608 2483 10
632 2418 804 2499 digitorum.
850 2420 925 2482 Inde
948 2439 1063 2482 rursum
1087 2437 1286 2500 supervenere
1309 2419 1413 2481 nubes.

158 2505 223 2571 Cum
246 2518 375 2572 sonaret
396 2527 544 2588 campana
557 2507 772 2584 duodecimam,
796 2507 881 2570 coelo
901 2509 963 2588 jam
982 2507 1072 2588 paulo
1097 2507 1296 2570 constantiori
1316 2505 1415 2588 incepi

41 2636 42 2649 .
93 2593 191 2657 ambitus
220 2597 363 2659 luminum
400 2598 520 2677 punctis
553 2597 704 2678 excipere,
744 2597 911 2676 cujusmodi
944 2596 1204 2676 compunctionum
1244 2613 1338 2676 usque
1376 2595 1415 2656 ad

94 2683 157 2744 tuen
175 2683 265 2748 habeo
292 2683 343 2747 17.
391 2684 453 2748 Sed
482 2686 593 2748 nullam
624 2703 680 2765 pro
704 2685 894 2748 dimetiendis
918 2685 1058 2747 luminum
1082 2684 1238 2746 diametris
1265 2683 1413 2748 idoneam.

40 2794 43 2853 ς1
94 2768 226 2836 Exciderat
247 2774 327 2836 euim
351 2773 426 2836 mihi
449 2773 478 2836 in
502 2774 557 2836 illa
580 2776 799 2854 trepidatione,
834 2774 861 2835 si
882 2775 932 2836 vel
954 2793 1059 2854 pamm
1086 2791 1217 2854 papyrus
1241 2791 1260 2833 a
1282 2789 1413 2852 perpen-

42 2913 44 2941 ‚
97 2857 168 2922 diculo
187 2862 260 2924 radii
284 2863 459 2939 inclinetur,
484 2881 607 2924 necesse
623 2883 691 2926 esse
714 2871 749 2924 ut
772 2863 882 2926 circino
898 2882 936 2924 ex
949 2869 1078 2943 quatuor
1090 2861 1210 2941 punctis
1234 2861 1323 2938 louge
1337 2860 1415 2921 aliae

96 2957 224 3028 sequamur
246 2952 399 3014 diametri.
446 2952 553 3033 Itaque
576 2971 641 3013 cum
666 2972 720 3014 sex
738 2951 864 3014 habeam
885 2950 1127 3031 consignationes
1142 2946 1414 3030 perpendiculares,

42 3054 46 3103 ι
97 3031 127 3096 ita
143 3045 169 3098 ui
187 3039 359 3102 inclinarem
383 3058 530 3121 papyrum
553 3041 593 3102 ad
616 3041 766 3104 oculorum
786 3040 932 3122 judicium
951 3039 1016 3120 jam
1031 3039 1099 3120 plus
1118 3038 1184 3117 jam
1199 3038 1313 3098 miuus:
1337 3055 1414 3116 qua-

96 3131 144 3185 tuor
162 3145 193 3189 ex
214 3129 272 3191 illis
300 3129 440 3190 indicant
461 3131 578 3191 Lunam
610 3127 767 3205 minorem,
802 3130 878 3191 duae
908 3129 1063 3208 aequalem
1087 3125 1162 3190 Soli.
1210 3123 1291 3196 Quia
1312 3133 1414 3186 tamen

43 3256 45 3341 y
97 3213 188 3292 eclipsis
208 3217 327 3280 duravit
350 3216 470 3296 longius
493 3237 581 3298 quam
605 3227 654 3280 est
676 3217 705 3281 io
730 3219 860 3294 calculo,
892 3217 981 3279 facile
1003 3216 1113 3296 colligo
1137 3215 1275 3279 altiorem
1298 3232 1415 3295 quoque

97 3301 300 3376 subsolanam,
325 3313 417 3386 atque
440 3306 509 3368 indo
532 3325 634 3369 verum
659 3325 742 3380 asse,
766 3309 846 3387 qood
869 3305 1015 3368 diameter
1030 3305 1096 3384 ejus
1109 3302 1206 3367 minor
1229 3302 1414 3384 apparuerit.

99 3385 144 3452 seu
162 3393 186 3454 iu
206 3395 307 3474 digitis
331 3393 481 3474 ecliptiois
504 3395 593 3476 inque
616 3395 811 3459 inclinatione
835 3397 875 3458 ad
897 3393 1072 3456 verticalem
1096 3411 1198 3455 omues
1213 3389 1414 3484 consentiunt.

44 3516 45 3537 r
98 3475 213 3560 Papyrum
227 3483 304 3546 euim
322 3483 600 3564 perpendicularem
622 3485 712 3565 plano
732 3484 799 3548 feci.
831 3483 911 3547 Nam
926 3483 1076 3563 quadrans
1100 3481 1171 3544 mihi
1193 3487 1316 3560 propter
1338 3478 1415 3542 titu-

42 3542 46 3675 i
98 3564 215 3634 atonem
235 3591 377 3634 manuum
401 3579 469 3635 erat
491 3571 615 3636 inutilis.
649 3571 712 3636 Sed
733 3573 772 3635 ad
796 3573 918 3652 digitos.
949 3573 1034 3634 Ilora
1051 3568 1090 3632 12
1105 3569 1195 3649 paulo
1218 3575 1303 3650 post:
1329 3575 1416 3630 eraut

44 3678 45 3773 p
98 3651 162 3734 digiti
180 3655 206 3722 b.
249 3661 317 3724 Uno
350 3661 517 3742 quadrante
549 3670 621 3742 post
653 3661 740 3742 digiti
771 3657 812 3738 43
846 3661 954 3723 exinde
977 3655 1008 3722 3.
1033 3655 1104 3734 l5‘3
1134 3655 1165 3721 3.
1190 3653 1260 3732 tuq
1293 3653 1325 3719 3.
1352 3653 1413 3731 15‘,

98 3741 191 3810 dimidia
208 3749 301 3829 prima
327 3749 357 3813 l.
382 3745 456 3824 lc,
478 3760 550 3831 post
575 3749 603 3814 l.
619 3747 684 3814 24⁴.
729 3749 780 3812 Ab
804 3769 839 3812 eo
862 3758 996 3828 ternpore
1020 3767 1088 3812 oum
1110 3747 1263 3810 videretur
1285 3742 1414 3806 inclina-

98 3831 129 3894 tio
146 3835 288 3902 admodum
311 3837 472 3914 mirabilis,
506 3838 679 3902 existimavi
702 3840 827 3902 multum
850 3839 979 3912 referre,
1009 3843 1043 3898 ut
1069 3834 1224 3898 inclinatio
1248 3839 1333 3896 certa
1354 3831 1414 3893 ha-

99 3917 186 3988 beatur.
223 3927 328 4008 Itaque
355 3927 462 4008 excepi
498 3925 538 3992 10
567 3928 670 3990 radios
703 3926 732 3990 in
763 3928 853 4008 plano
886 3927 1050 4008 oblongos,
1087 3923 1203 3986 notatis
1234 3919 1354 4002 punctis
1377 3937 1416 3981 ex

43 3958 46 4135 Ι
101 4027 143 4088 qua
159 4022 233 4092 parte
263 4015 426 4078 deficiebat
452 4015 572 4080 radius:
606 4016 650 4078 sic
682 4015 761 4078 enirn
789 4015 999 4078 existimabam
1031 4013 1108 4076 radii
1139 4009 1354 4092 projectionem
1385 4006 1414 4070 in

99 4095 188 4180 hugon
207 4103 404 4168 infallibiliter
426 4111 532 4168 notare
555 4105 698 4168 circulum
721 4105 907 4174 verticalem,
932 4111 966 4167 ut
988 4111 1020 4164 et
1042 4101 1179 4181 superius
1197 4095 1304 4180 papyri
1327 4113 1414 4158 erec-

99 4185 182 4252 tionem
200 4212 282 4273 snper
304 4195 444 4274 planum,
486 4195 622 4274 quamvis
652 4213 722 4257 nou.
740 4193 785 4255 ita
811 4202 905 4256 certe.
951 4191 1018 4255 Hoc
1049 4198 1140 4270 pacto
1172 4185 1337 4250 insidiabar
1363 4183 1414 4248 hui

102 4275 226 4358 eclipseos:
249 4302 335 4364 quam
360 4282 410 4344 hio
434 4281 559 4354 (ceteris
573 4278 593 4344 9
608 4283 771 4345 schematis
795 4283 876 4345 intra
899 4299 988 4344 unum
1011 4279 1103 4341 horas
1126 4276 1322 4358 quadrantem
1336 4273 1413 4335 mis-

101 4361 141 4438 rie)
158 4387 187 4430 cx
205 4370 264 4451 ipso
286 4389 406 4454 papyro
430 4371 484 4433 tibi
508 4378 693 4454 transpungo
718 4371 813 4436 tribus
835 4369 967 4451 punctis.
1004 4367 1035 4432 A
1057 4384 1136 4448 apex
1149 4360 1284 4440 radii,*)
1308 4361 1412 4444 quiin

161 4611 180 4676 ⁸)
195 4614 375 4668 heliosarimus
402 4613 450 4666 hoc
479 4623 505 4666 st
530 4618 660 4683 sequeutia
681 4617 813 4670 schemata
835 4615 867 4668 ad
892 4614 979 4666 eadem
995 4610 1097 4677 Kspleri
1122 4608 1177 4659 rudi
1200 4621 1277 4659 manu
1301 4605 1408 4670 depicta

100 4677 185 4735 huncce
199 4687 275 4739 lineae
298 4687 345 4736 AB
365 4687 495 4751 adscripsit
514 4686 675 4747 Maestlinus,
696 4689 804 4740 addens:
827 4702 885 4752 ergo
905 4686 949 4735 AB
969 4681 1037 4740 239,
1060 4679 1104 4730 (ΣΙ)
1118 4679 1229 4745 aequalis
1242 4677 1288 4743 ipsi
1311 4677 1352 4727 EF
1365 4674 1408 4728 29.

101 4753 286 4820 impleamini
305 4763 440 4823 aequantes
456 4757 554 4818 literae,
583 4761 670 4828 quibos
690 4761 732 4813 illa
754 4759 851 4812 addidit
865 4757 994 4809 schemata
1016 4751 1157 4805 accuratius
1178 4750 1319 4805 delineata.
1345 4747 1409 4800 haee

99 4823 331 4892 mummola
