3700 5530
741 275 773 332 ιι
791 275 871 330 sora
887 277 964 330 ιιιιι
1282 261 1285 266 ’
1463 278 1533 352 609·

243 451 519 534 Angustissimo
544 461 657 538 atque
679 451 943 518 Iuvietissimo
971 451 1216 520 Romanorum
1239 455 1459 538 Imperatori

670 535 942 622 Rrrrlolplro
963 537 1033 605 ΙΙ.

717 629 831 682 Joomcs
850 627 985 696 Keplerae.

620 702 679 765 lle
721 701 849 766 lietu
887 701 1082 766 Veneta
1204 729 1208 744 =

635 807 859 890 Angustissime
887 807 1066 887 Imperator.

264 889 364 996 Saepe
388 892 550 970 declaravi,
575 915 621 958 me
636 915 695 958 nou
719 897 901 970 existimare,
927 897 1005 977 quod
1026 897 1142 960 coelum
1158 913 1190 957 se
1205 897 1438 976 particularibus
1462 917 1528 961 cuns

175 988 246 1042 voto
270 979 448 1044 immisceat
495 982 556 1045 Sed
581 993 698 1062 tamen,
732 985 802 1067 quia
820 984 944 1066 jubeor,
977 985 1105 1048 dicenda
1128 993 1177 1047 est
1199 985 1237 1046 ab
1265 985 1349 1048 initio
1377 989 1529 1050 sententia

175 1069 405 1148 astrologorum.

262 1155 361 1220 Stella
374 1176 453 1221 nova
467 1159 580 1222 effulsit
592 1160 621 1222 in
637 1158 815 1241 Sagittario.
849 1159 929 1225 Urbs
949 1159 1134 1223 Venetorum
1154 1161 1282 1224 refertur
1297 1161 1352 1226 sub
1367 1161 1526 1226 Cancrum.

174 1245 256 1310 Nihil
279 1245 380 1326 itaque
404 1246 471 1308 huic
494 1247 588 1310 motui
610 1267 677 1310 cum
700 1249 800 1312 Stella
820 1249 923 1324 Nova,
957 1248 1015 1310 uisi
1038 1249 1094 1312 sub
1123 1249 1258 1330 generali
1289 1250 1406 1313 ratione
1434 1251 1528 1313 totius

174 1333 256 1396 orbis
280 1333 450 1397 Terrarum.
490 1337 535 1398 At
557 1344 664 1400 eontra
687 1336 808 1418 eclipsis
828 1336 910 1400 Solis
934 1337 964 1400 in
990 1333 1108 1403 18οΩ
1134 1347 1182 1399 est
1204 1337 1234 1400 in
1257 1339 1351 1419 primo
1375 1339 1528 1420 quadran-

175 1423 253 1503 gulo.
278 1423 427 1484 Venetiae
451 1423 543 1487 etiam
567 1425 622 1488 sub
645 1427 739 1507 primo
764 1425 969 1508 quadrangulo
993 1446 1036 1488 sc.
1061 1425 1117 1488 sub
1142 1423 1270 1489 Cancro.
1309 1427 1352 1490 Et
1374 1427 1528 1507 negotium

174 1511 231 1572 boc
254 1510 372 1573 videtur
395 1512 463 1576 iude
486 1520 605 1590 natum,
629 1535 668 1578 ex
691 1533 748 1596 quo
771 1514 894 1597 eclipsis
917 1513 987 1592 fuit,
1012 1514 1129 1577 scilieet
1152 1515 1192 1577 ab
1215 1514 1340 1578 Octobri
1363 1515 1509 1596 superiori
1517 1535 1528 1591 ς

174 1605 256 1660 certe
280 1598 335 1661 sub
358 1601 499 1662 moderno
524 1602 670 1666 Pontifice
694 1611 798 1665 uatum
821 1611 883 1673 est,
908 1602 958 1683 qui
981 1603 1111 1666 nondum
1136 1622 1245 1665 aunum
1267 1603 1398 1667 sederat.
1445 1603 1527 1684 Ergo

175 1686 296 1766 eclipsis
320 1687 401 1750 Solis
425 1707 462 1750 ex
486 1691 705 1772 astrologorum
728 1691 880 1754 sententia
904 1709 1040 1753 connexa
1063 1699 1112 1754 est
1135 1709 1201 1754 cum
1225 1691 1281 1753 hoc
1305 1691 1436 1772 negotio.

262 1775 352 1837 Addo
389 1795 445 1855 ego
483 1781 715 1844 astronomicum
752 1787 960 1860 argumentum
997 1779 1152 1858 probabile
1188 1799 1226 1840 ex
1259 1797 1327 1842 mea
1363 1781 1526 1843 senteutia

174 1863 306 1943 Eclipsia
329 1865 383 1926 illa
407 1865 463 1927 fuit
485 1867 621 1929 totalis
612 1889 643 1931 m
667 1869 741 1931 mari
765 1867 918 1951 Tyrrheno
940 1868 1021 1930 iufra
1038 1867 1166 1929 Romam
1190 1875 1220 1930 et
1242 1883 1305 1954 per
1313 1867 1473 1948 Neapolim
1497 1877 1529 1932 et

175 1949 348 2014 Calabriam
371 1963 463 2033 atque
486 1954 632 2033 Siciliam,
656 1968 690 2019 ut
709 1965 739 2019 et
758 1974 811 2037 per
834 1956 963 2020 confinia
982 1955 1102 2019 Galliae
1117 1944 1329 2036 etHispauiae
1352 1965 1527 2038 montesque

175 2039 358 2122 Pyrenaeos.
405 2041 565 2122 Significat
587 2047 680 2126 igitur
701 2046 821 2120 malum,
846 2045 894 2107 cui
917 2045 1107 2124 implicentur
1131 2042 1238 2107 Gallus
1262 2054 1295 2106 ct
1317 2045 1527 2125 patrimonium

175 2127 257 2191 Petri
282 2136 313 2191 et
335 2128 484 2210 principes
508 2133 617 2208 Italici,
642 2135 734 2197 multo
759 2153 828 2195 vero
852 2133 982 2196 maxime
996 2131 1064 2195 Rex
1082 2133 1294 2213 Hispaniarum
1312 2143 1344 2194 et
1364 2133 1524 2207 Venetiae,

174 2225 297 2297 propter
319 2219 377 2280 iter
400 2221 545 2284 marinum
569 2223 734 2286 occidentis
759 2231 790 2284 et
810 2221 933 2284 orientis
957 2221 1064 2303 eclipsi
1087 2221 1265 2301 subjectum,
1289 2217 1365 2283 illud
1382 2221 1523 2321 Hispani,

173 2306 229 2368 hoc
254 2306 450 2369 Venetorum

260 2394 417 2474 igiturex
445 2399 663 2478 astrologorum
696 2398 849 2461 sententia
880 2399 976 2459 multa
1007 2405 1077 2460 suut
1107 2403 1283 2478 argumenta
1314 2415 1369 2479 pro
1394 2395 1523 2460 Venetis

172 2491 278 2546 contra
299 2483 486 2548 Pontificem.
1558 2501 1560 2512 ¹

261 2572 392 2635 Primum
415 2574 536 2654 eclipsis
559 2573 643 2637 cadit
659 2575 794 2638 Venetae
818 2573 884 2637 urbi
907 2591 965 2636 uon
985 2571 1014 2634 in
1034 2573 1161 2636 medium
1185 2572 1269 2649 coeli,
1294 2591 1352 2635 nou
1375 2573 1406 2634 in
1428 2573 1521 2635 boro-

173 2679 295 2752 scopum
328 2671 380 2723 aut
409 2662 506 2724 locum
529 2659 628 2737 Solis,
662 2664 716 2726 sed
747 2663 883 2743 praecise
906 2663 935 2724 iu
963 2662 1053 2726 imum
1080 2661 1210 2724 coellet
1237 2662 1406 2741 oppositum
1428 2659 1520 2724 Solis.

173 2741 252 2812 Nani
277 2749 426 2812 Venetiae
459 2757 529 2812 sunt
559 2710 720 2825 fundatae,
755 2752 873 2832 quando
897 2749 982 2814 Sol'
974 2769 1002 2812 ru
1032 2757 1119 2812 sexto
1142 2750 1257 2812 Arietis
1288 2749 1374 2812 firit'
1366 2769 1397 2811 ιιι
1424 2747 1522 2811 medio

173 2836 260 2906 coeli,
285 2837 423 2900 Pontifex
442 2857 513 2900 vero
532 2846 620 2901 natus
640 2849 697 2915 est,
722 2841 840 2922 quaudo
855 2839 910 2904 Sol
933 2837 1012 2901 fuit
1003 2859 1033 2900 ιιι
1057 2847 1163 2920 quarto
1186 2839 1281 2920 gradu
1294 2837 1405 2900 Librae
1427 2855 1520 2918 prope

173 2925 270 2988 locum
302 2927 439 3006 eclipsis,
472 2927 609 3006 praecise
641 2926 670 2989 iu
703 2929 841 3010 opposito
874 2929 940 2990 loco
972 2926 1055 2990 Solia
1087 2927 1169 2990 urbis
1196 2925 1410 3001 Venetiarum3
1443 2927 1521 3007 quod

148 3029 150 3034 ·
173 3014 340 3076 delectabit
362 3017 543 3096 astrologos.

260 3103 378 3165 Deinde
402 3105 481 3184 apud
504 3105 641 3166 Venetos
665 3102 718 3167 Sol
741 3104 903 3178 exaltatur,
927 3102 1006 3183 apud
1029 3103 1206 3166 Pontificem
1228 3101 1318 3168 cadit.

261 3191 364 3255 Tertio
387 3191 635 3254 constellationes
658 3211 760 3254 meuse
779 3191 877 3273 Aprili
897 3199 927 3253 et
946 3189 1031 3270 MaJ'o
1054 3191 1123 3253 anui
1142 3185 1242 3261 1606.
1262 3189 1380 3272 quaudo
1404 3190 1519 3252 exarsit

172 3280 345 3355 contentio,
379 3281 498 3342 fuerunt
526 3279 639 3342 similes
671 3278 949 3344 constellationibus
983 3277 1065 3344 urbis
1093 3277 1302 3344 Venetiarum.
1352 3277 1432 3342 Nam
1465 3277 1521 3340 fuit

172 3368 320 3448 oppositio
343 3367 426 3432 Solis
449 3377 482 3431 et
503 3369 624 3432 Martis.

261 3455 378 3526 Quarto
401 3456 549 3520 Saturnus
573 3457 692 3519 stetit
683 3477 714 3519 ιιι
738 3457 884 3560 quadrato
908 3455 990 3520 Solis
1014 3456 1179 3538 utriusque.
1226 3455 1289 3518 Sed
1311 3459 1369 3520 hoo
1391 3473 1450 3516 non
1474 3419 1525 3516 est

173 3551 279 3606 contra
293 3545 437 3620 Venetos,
463 3545 531 3626 quia
550 3543 603 3608 Sol
628 3545 684 3607 fuit
707 3545 798 3608 illis
790 3564 818 3606 m
844 3543 1050 3608 fundatione
1041 3564 1071 3606 ru
1094 3543 1182 3625 hujus
1205 3545 1309 3625 planet
1311 3565 1346 3608 ae
1370 3543 1518 3623 opposito.

260 3631 374 3702 Quinto
396 3592 515 3714 Jupiter
537 3641 607 3696 tunc
635 3634 722 3696 fuit
713 3654 743 3696 ιιι
766 3627 829 3698 28⁰
851 3631 975 3698 te‘eae
977 3635 1075 3710 ,loco
1099 3654 1144 3710 eo,
1169 3652 1257 3736 quem
1275 3631 1423 3698 Saturnus
1446 3651 1520 3693 uas-

173 3726 259 3782 ceute
281 3719 425 3784 Pontifica
449 3721 586 3796 obtinuit,
611 3731 642 3786 et
664 3723 695 3784 iu
719 3723 869 3786 domicilio
891 3721 1057 3798 Saturnis
1041 3741 1113 3803 ipse
1136 3722 1321 3801 peregrinus.

262 3807 357 3870 Sexto
381 3809 524 3872 Pontifex
547 3811 605 3873 iste
632 3819 722 3872 uatus
744 3811 864 3873 videtur
895 3813 1012 3890 maguis
1042 3808 1158 3885 turbis,
1187 3810 1257 3888 quia
1283 3804 1341 3871 fuit
1371 3806 1522 3887 oppositio

142 3915 282 3976 magna
305 3895 428 3959 Setumi
451 3905 483 3960 et
504 3897 621 3960 Jovis
612 3917 642 3962 ro
666 3900 768 3962 Leone
792 3907 824 3960 et
845 3901 994 3980 Aquario,
1019 3897 1090 3962 Sole
1118 3917 1176 3960 uon
1209 3897 1407 4002 configurato,
1441 3895 1520 3975 quod

173 3985 255 4058 facit,
279 3995 313 4047 ut
335 3985 440 4048 turbae
469 3986 525 4048 hae
550 3987 647 4068 magis
669 3987 700 4050 in
724 3987 833 4050 malum
857 3989 1010 4050 inclinent.
1056 3985 1099 4048 Et
1121 3985 1300 4048 Saturnus'
1291 4006 1321 4048 ιιι
1345 3999 1392 4044 m
1414 3983 1520 4045 fortior

171 4072 320 4136 estJovc.
357 4071 409 4137 Sic
433 4075 561 4138 medium
585 4075 662 4138 coeli
681 4075 763 4138 fuit
754 4095 785 4138 ru
808 4073 866 4140 10⁰
880 4083 918 4152 >C
943 4077 1027 4138 locus
1046 4073 1263 4155 conjunctionis
1283 4089 1419 4155 maguae,
1444 4090 1520 4152 quae

171 4161 228 4224 luit
253 4157 347 4225 1603.
371 4161 548 4227 Decembris
576 4165 713 4246 septimo.
759 4163 901 4227 Pontifex
929 4163 1022 4226 habet
1043 4161 1175 4225 Martem
1202 4181 1286 4225 suum
1309 4163 1397 4227 ines
1404 4159 1522 4240 ,siguo

171 4249 384 4325 Venetiam,
416 4253 496 4333 quod
527 4252 632 4315 itidem
663 4251 880 4333 praedicabunt
913 4252 1069 4331 astrologi.
1118 4251 1162 4312 Et
1193 4251 1263 4331 quia
1291 4265 1323 4316 ee
1354 4258 1401 4312 est
1434 4263 1523 4311 casum

170 4338 291 4416 Martie,
315 4339 479 4420 significari
507 4340 608 4404 dicent
636 4342 796 4422 astrologi,
830 4341 909 4424 quod
940 4339 1050 4402 bellum
1077 4345 1183 4402 contra
1205 4337 1343 4402 Venetos
1366 4356 1425 4399 nou
1448 4336 1523 4397 bene

170 4427 214 4490 sit
234 4447 454 4507 processurum.
503 4427 619 4492 Contra
642 4429 753 4494 Veneti
788 4431 901 4496 habeut
922 4429 1084 4493 Martem
1076 4439 1178 4490 rust
1130 4471 1192 4504 .-.,
1226 4429 1305 4509 quod
1328 4434 1377 4489 est
1404 4423 1525 4506 quidem

171 4516 381 4580 detrimentum
403 4517 535 4593 Martis,
565 4518 645 4580 unde
668 4516 826 4582 Cardenus
859 4519 955 4592 dixit,
987 4517 1066 4610 quod
1089 4517 1201 4580 Veneti
1223 4535 1283 4580 uon
1314 4514 1433 4598 poesiut
1455 4531 1524 4574 esse

173 4603 275 4666 felices
305 4604 490 4682 bellatores;
521 4607 575 4667 sed
599 4614 700 4668 umen
724 4625 789 4668 eum
817 4607 961 4670 habeut
953 4627 982 4668 ru
1000 4605 1077 4669 loco
1103 4603 1184 4668 Solis
1206 4605 1371 4679 Pontificio,
1394 4601 1446 4664 ubi
1468 4599 1523 4663 Sol

172 4691 269 4764 cadit,
298 4693 360 4754 et
351 4713 381 4754 ιιι
406 4693 471 4756 loco
495 4693 628 4774 eclipsis.
674 4693 752 4756 Hinc
781 4696 914 4758 dicerent
942 4695 1101 4776 astrologi,
1132 4695 1210 4774 qnod
1237 4713 1295 4756 non
1325 4695 1455 4756 futurum
1482 4688 1525 4752 sit

173 4777 282 4839 bellum
305 4779 393 4840 valde
417 4800 568 4860 magnum,
592 4783 660 4862 plus
683 4789 783 4844 umen
806 4785 932 4846 nocituri
951 4783 1073 4847 Veneti
1113 4781 1157 4844 Ει
1179 4781 1249 4864 quia
1272 4781 1393 4862 eclipsis
1416 4775 1524 4840 Ponti-

224 4881 311 4930 reae
325 4883 402 4931 ομιι.
423 4883 449 4924 ιι.
1279 4883 1313 4935 sp
