3694 5528
328 269 395 340 504
930 267 1080 320 amemus

245 497 247 504 .
335 447 560 513 rationabilium
583 443 797 506 nobilissimae.
835 442 992 515 Quomodo
1021 442 1112 522 igitur
1135 442 1235 506 omnia
1257 449 1382 521 propter
1404 441 1576 506 hominem?
1599 441 1689 515 Quo-

331 537 422 600 modo
446 553 501 596 nos
525 532 636 596 domini
659 551 780 611 operum
804 533 885 594 Dei?

420 623 549 685 Dilficile
575 629 622 681 est
644 621 753 682 nodum
777 622 854 683 bunc
878 619 1038 699 expedire,
1064 637 1099 680 eo
1124 618 1200 696 quod
1226 617 1357 678 nondum
1381 617 1497 692 omnia,
1525 637 1605 698 quae
1627 619 1689 682 buc

327 711 499 792 pertinent,
534 710 691 788 explorata
723 709 883 782 habemus,
919 719 952 769 ut
984 706 1167 770 temeritatis
1200 715 1305 767 notam
1339 705 1390 766 vir
1417 705 1567 786 effugituri
1589 708 1686 770 simus

327 801 422 864 multa
446 799 482 858 de
507 799 563 859 hac
591 797 767 877 quaestione
790 797 974 859 disserendo.

412 886 483 949 Nou
507 885 638 947 reticebo
663 894 773 959 tamen,
800 884 972 966 quaemihi
995 881 1203 963 philosophica
1226 881 1384 942 videantur
1421 889 1599 960 argumenta
1621 883 1682 944 ad-

329 975 396 1038 duci
418 992 526 1053 posse,
556 970 662 1053 quibus
677 975 848 1036 obtineatur
871 993 930 1034 nou
954 981 1071 1046 tantum
1096 970 1124 1031 io
1149 987 1259 1049 genere
1284 977 1440 1048 utsupra,
1465 970 1522 1032 hoo
1545 979 1685 1050 syntoma

323 1065 532 1144 planetarum,
557 1063 586 1124 in
612 1081 734 1144 qqorum
758 1081 814 1123 uno
838 1080 892 1122 nos
916 1061 1051 1122 homines
1075 1077 1231 1120 versamur
1254 1057 1283 1118 in
1298 1058 1458 1147 praecipuo
1481 1059 1582 1120 mundi
1605 1059 1682 1133 sinu,

327 1152 412 1214 circa
435 1169 486 1212 cor
504 1150 614 1217 mundi,
630 1149 732 1212 Solem
754 1169 870 1228 nempe,
894 1149 1026 1225 versari3
1050 1149 1104 1208 sed
1133 1148 1226 1208 etiam
1244 1146 1273 1206 in
1293 1147 1392 1224 specie
1416 1165 1470 1208 nos
1493 1147 1627 1212 beminen
1651 1147 1684 1208 in

326 1259 362 1300 eo
385 1239 475 1316 giobo
500 1238 624 1309 versari,
649 1239 697 1317 qui
717 1248 872 1301 creaturae
897 1235 1071 1300 rationabili
1093 1234 1254 1313 primariae
1274 1243 1306 1296 et
1319 1234 1523 1296 nobilissimae
1543 1238 1597 1306 (ex
1611 1253 1682 1298 cor-

323 1329 440 1408 poreis)
465 1327 553 1406 plane
578 1326 712 1387 debetur.

411 1415 525 1476 Peioris
549 1415 693 1476 affirmati
717 1413 754 1474 de
777 1413 883 1474 intimo
907 1413 974 1473 sinu
997 1411 1097 1474 mundi
1120 1410 1188 1471 vide
1211 1417 1391 1489 argumenta
1418 1428 1510 1489 supra
1532 1431 1551 1471 a
1574 1410 1681 1472 multi-

325 1503 426 1566 tudine
456 1502 597 1575 fixarum,
629 1521 705 1581 qnae
734 1520 787 1581 pro
819 1519 901 1562 ιεεεο
932 1501 1009 1562 hunc
1038 1500 1134 1560 sinum
1164 1506 1247 1560 certo
1272 1498 1404 1571 vallant,
1440 1507 1472 1559 ει
1495 1518 1514 1558 a
1537 1497 1681 1560 claritate

325 1590 424 1652 nostri
446 1590 528 1652 Solis
551 1609 623 1669 prae
647 1590 724 1650 fixis.
771 1587 888 1659 Quibus
913 1589 989 1649 adde
1013 1589 1070 1648 hoc
1094 1587 1236 1660 tertium,
1271 1586 1349 1666 quod
1372 1585 1443 1647 milri
1467 1586 1550 1646 hisce
1574 1587 1680 1648 diebus
1757 1659 1760 1666 Ι

325 1678 477 1758 expressit
495 1677 695 1740 Wackherius
719 1678 896 1757 silentioque
920 1676 1089 1754 consentire
1122 1675 1205 1736 visus
1238 1685 1295 1736 est.
1344 1673 1520 1736 Geometria
1552 1693 1612 1737 una
1645 1683 1680 1736 et

322 1774 448 1830 aeterna
472 1775 538 1840 est,
563 1764 593 1827 in
616 1773 717 1826 mente
741 1764 799 1828 Dei
823 1765 995 1843 refulgens,
1027 1764 1110 1843 cujus
1134 1763 1316 1825 consortium
1341 1761 1509 1824 hominibus
1533 1763 1681 1826 tributum

320 1853 399 1917 inter
422 1873 531 1918 causas
555 1862 613 1926 est,
637 1873 688 1915 cur
712 1855 801 1916 homo
825 1854 866 1914 eit
889 1855 987 1931 imago
1011 1853 1090 1914 Dei·
1127 1852 1160 1912 ln
1190 1852 1357 1928 geometria
1380 1869 1451 1912 vero
1475 1851 1636 1928 figurarum
1658 1873 1680 1914 a

320 1943 409 2022 globo
432 1941 686 2023 perfectissimum
710 1951 759 2004 εει
781 1959 874 2021 genus
899 1959 1027 2019 corpora
1050 1939 1177 2019 quinque
1202 1939 1356 2001 Euclides.
1403 1939 1454 2000 Ad
1478 1936 1582 2000 horum
1605 1958 1679 2002 vero

320 2050 455 2094 normam
479 2039 511 2093 ει
533 2030 728 2112 archetypum
753 2030 932 2090 distributus
956 2037 1004 2092 est
1026 2028 1075 2090 hic
1103 2035 1207 2090 noster
1230 2029 1357 2088 mundus
1385 2027 1580 2106 planetarios.
1627 2028 1680 2090 Da

319 2119 410 2197 igitur
433 2119 564 2180 infinitos
588 2137 656 2178 asse
679 2119 806 2178 mundos
839 2115 934 2190 alios,
969 2117 988 2178 ii
1017 2125 1071 2177 aut
1094 2115 1257 2178 dissimiles
1282 2123 1368 2177 erunt
1391 2115 1480 2194 hujus
1504 2116 1598 2178 nostri
1623 2125 1680 2178 aut

319 2207 444 2268 similes.
486 2205 609 2268 Similes
632 2206 836 2267 nonvdixeris.
871 2205 951 2267 Nam
975 2205 1022 2265 cui
1044 2205 1122 2266 bono
1146 2203 1264 2278 infiniti,
1289 2203 1316 2264 si
1340 2222 1415 2264 unus
1439 2205 1563 2284 quisque
1587 2204 1617 2266 in
1642 2225 1677 2266 se

318 2293 534 2375 perfectionem
558 2312 674 2354 omnem
698 2293 811 2356 babet?
852 2293 945 2356 Aliud
969 2293 1047 2354 enim
1071 2299 1121 2352 est
1144 2293 1180 2352 de
1205 2291 1351 2354 creaturis
1374 2292 1579 2370 generationis
1602 2312 1676 2356 suc-

319 2381 456 2446 cessione
479 2381 670 2460 perennibus.
716 2382 759 2443 Ει
780 2382 900 2444 Brunus
924 2382 1003 2460 ipse,
1029 2381 1171 2442 defensor
1194 2380 1366 2454 infinitatis,
1400 2388 1519 2453 censet,
1553 2381 1674 2442 differre

320 2479 459 2551 oportere
483 2469 617 2549 singulos
641 2490 660 2530 a
683 2469 807 2550 reliquis
831 2471 957 2532 totidem
981 2478 1115 2530 motuum
1140 2469 1310 2547 generibus.
1359 2467 1394 2530 Si
1423 2469 1572 2542 motibus,
1601 2487 1675 2548 ergo

315 2567 348 2620 ει
369 2558 548 2632 intervallis,
573 2575 649 2637 qnae
673 2559 794 2636 pariunt
817 2567 951 2637 motuum
965 2557 1116 2636 periodos.
1163 2555 1198 2618 Si
1213 2556 1391 2631 intervallis,
1416 2575 1490 2635 ergo
1514 2562 1545 2618 et
1559 2557 1674 2636 figura-

313 2663 378 2708 rum
402 2646 514 2720 ordine,
539 2663 658 2725 genere,
683 2646 879 2725 perfectione,
903 2665 941 2707 ex
965 2645 1072 2725 quibus
1096 2645 1259 2708 intervalla
1282 2646 1432 2707 desumta.
1474 2645 1620 2725 Adeoque
1646 2647 1674 2708 ei

312 2735 440 2797 mundos
464 2734 592 2796 invicem
615 2733 730 2796 similes
754 2743 906 2798 statueres
930 2753 983 2814 per
1009 2733 1119 2804 omnia,
1134 2742 1299 2796 ‘creaturas
1323 2733 1415 2795 etiam
1434 2733 1542 2796 feceris
1557 2733 1673 2796 similes

313 2831 346 2884 ει
369 2823 496 2885 totidem
517 2821 683 2895 Galilaeos,
708 2841 787 2884 nova
810 2823 912 2885 sidera
934 2823 965 2884 in
989 2822 1075 2884 novis
1099 2822 1216 2884 mundis
1240 2821 1455 2896 observantes,
1488 2830 1561 2902 quot
1583 2841 1670 2884 mun-

313 2911 379 2973 dos.
426 2911 462 2972 Id
486 2919 588 2973 antem
611 2909 657 2971 cui
681 2911 783 2973 bono?
825 2909 904 2981 Quin
928 2909 1030 2989 potius
1054 2929 1196 2972 cavemus
1220 2929 1279 2972 uno
1302 2911 1404 2986 verbo,
1428 2929 1466 2973 nc
1490 2928 1669 2990 progressus

311 2998 366 3062 fiat
387 2999 419 3062 in
441 2998 606 3072 infinitum,
632 2999 709 3078 quod
729 2999 876 3079 recipiunt
889 2998 1076 3080 philosophi:
1103 3017 1169 3060 cum
1188 2999 1374 3062 assentiatur
1396 3017 1575 3079 progressus
1598 3017 1669 3062 ver-

313 3105 366 3148 sus
389 3086 505 3148 minora
528 3087 638 3162 finitus,
663 3104 715 3148 cur
738 3106 797 3148 non
822 3097 853 3149 ει
877 3107 980 3148 νεεεεε
1005 3088 1145 3166 majora?
1169 3088 1246 3149 Esto
1270 3087 1349 3149 enim
1372 3087 1504 3168 sphaera
1527 3087 1669 3162 fixarum3

311 3173 398 3254 hujus
421 3193 494 3254 pars
518 3175 595 3235 forte
619 3181 668 3234 ter
694 3174 854 3237 millesima
877 3175 1004 3237 Saturni
1036 3175 1187 3254 sphaera,
1220 3176 1308 3255 hujus
1340 3176 1414 3238 item
1446 3175 1564 3237 decima
1596 3195 1668 3256 pars

310 3261 440 3324 Telluris
459 3261 600 3341 sphaera,
624 3261 755 3324 Telluris
776 3282 864 3343 porro
888 3264 1051 3325 tercenties
1075 3263 1235 3326 millesima
1254 3265 1394 3326 diametri
1417 3265 1514 3337 bomo,
1541 3264 1669 3328 hominis
1715 3295 1719 3302 ·

307 3350 427 3412 tantula
460 3369 533 3430 pare
562 3349 715 3412 cuniculus
743 3352 955 3415 subcutaneus.
1002 3353 1061 3414 Hic
1089 3352 1225 3414 sistimus
1253 3371 1310 3415 nec
1341 3352 1532 3432 progreditur
1557 3360 1668 3416 natura

311 3437 352 3499 ad
378 3437 503 3526 minora.
555 3438 721 3518 Pergamus
755 3439 846 3518 igitur
875 3442 914 3502 ad
945 3441 1074 3502 alterum
1104 3444 1270 3502 membrum
1300 3441 1501 3504 dilemmatis:
1533 3441 1595 3504 sint
1624 3440 1669 3503 illi

311 3525 419 3588 infiniti
441 3526 544 3589 mundi
572 3527 734 3589 dissimiles
764 3528 879 3590 nostri:
914 3529 982 3591 aliis
1010 3529 1101 3608 igitur
1125 3549 1213 3609 quam
1243 3530 1386 3609 perlectis
1410 3529 1430 3592 5
1454 3529 1556 3609 figuris
1580 3537 1670 3592 erunt

310 3614 459 3690 exornati,
483 3614 676 3696 ignobiliores
700 3615 792 3695 igitur
805 3617 861 3679 hoc
876 3626 1001 3679 nostro:
1027 3618 1103 3679 unde
1119 3617 1282 3692 conficitur,
1299 3626 1333 3681 ut
1346 3625 1449 3681 noster
1467 3618 1515 3680 bic
1538 3619 1666 3680 mundus

309 3703 352 3766 sit
373 3703 492 3766 illorum
514 3703 654 3778 omnium,
678 3703 705 3765 si
726 3705 827 3784 plures
852 3715 964 3780 essent,
989 3706 1278 3784 praestantissimus.
1321 3707 1466 3770 Dicamus
1485 3707 1551 3786 jam
1576 3705 1667 3768 etiam

309 3791 377 3866 boc,
400 3810 452 3854 cur
466 3791 568 3854 Tellus
584 3792 674 3872 globo
688 3792 777 3854 Jovic
793 3802 930 3873 praestet
944 3794 1116 3873 digniorque
1133 3794 1173 3856 sit
1188 3795 1368 3856 dominantis
1393 3803 1548 3858 creaturae
1566 3796 1665 3858 sedes.

396 3879 452 3944 Sol
476 3879 594 3960 quidem
618 3880 650 3942 in
672 3888 774 3942 centro
803 3883 904 3946 mundi
929 3890 991 3956 est,
1021 3901 1071 3944 cor
1094 3882 1196 3944 mundi
1220 3891 1281 3958 est,
1312 3885 1378 3946 lons
1406 3883 1481 3947 lucis
1505 3891 1569 3957 est,
1598 3884 1665 3944 lons

304 3968 426 4044 caloris,
452 3969 536 4048 origo
560 3970 642 4031 vitae
665 3973 821 4051 motusque
845 3971 987 4033 mundani
1010 3977 1068 4032 est.
1115 3971 1161 4033 At
1184 3971 1302 4034 videtur
1326 3972 1414 4036 homo
1444 3989 1540 4052 aequo
1565 3971 1664 4034 animo

303 4057 356 4118 illo
387 4056 495 4119 throno
525 4057 613 4136 regio
643 4057 795 4120 abstinere
829 4059 949 4122 debere.
997 4056 1121 4120 Ocelum
1154 4060 1231 4122 coeli
1253 4061 1397 4130 Domino,
1421 4059 1488 4122 Soli
1512 4060 1662 4139 justitiae,

304 4143 430 4206 Terram
453 4153 555 4206 autem
580 4145 665 4208 dedit
687 4147 755 4208 filiis
778 4146 942 4209 bominum.
987 4147 1068 4210 Nam
1091 4146 1149 4209 etsi
1168 4149 1251 4210 Deus
1276 4167 1383 4227 corpus
1408 4167 1467 4210 nou
1491 4148 1585 4210 habet
1606 4167 1688 4210 nec.

303 4231 478 4295 habitaculo
501 4233 634 4312 indiget,
660 4234 690 4296 in
709 4233 781 4296 Sole
804 4242 908 4296 tamen
934 4236 982 4308 (ut
1004 4235 1119 4314 passim
1141 4254 1195 4315 per
1219 4236 1399 4317 scripturam
1418 4237 1448 4298 in
1472 4237 1570 4321 coelo)
1594 4237 1662 4315 plus

305 4321 419 4382 exserit
441 4320 577 4396 virtutis,
603 4341 662 4401 qua
684 4323 812 4384 muudus
835 4323 1033 4401 gubernatur,
1059 4342 1147 4402 quarn
1171 4325 1202 4386 in
1225 4325 1322 4404 globis
1347 4325 1467 4388 ceteris.
1505 4325 1665 4404 Agnoscat

306 4406 400 4488 igitur
423 4407 510 4469 homo
533 4409 627 4489 ipsius
652 4412 744 4472 etiarn
766 4409 931 4472 habitaculi
955 4409 1001 4473 sui
1030 4411 1224 4474 distinctione
1253 4433 1339 4474 suam
1367 4413 1580 4492 indigentiam.
1603 4412 1663 4476 Dei

306 4495 541 4572 abundantiam
572 4506 729 4576 agnoscat,
753 4517 786 4559 se
810 4517 868 4560 non
893 4517 960 4560 esse
985 4499 1099 4560 fontem
1122 4507 1154 4562 et
1176 4499 1319 4579 originem
1353 4507 1476 4564 ornatus
1509 4501 1661 4576 mundani,

304 4583 363 4644 sed
386 4604 406 4645 a
428 4583 511 4646 fonte
535 4591 567 4646 et
590 4585 628 4647 ab
651 4585 767 4665 origine
790 4603 864 4648 vera
896 4586 1073 4665 dependere.
1120 4588 1209 4650 Adde
1235 4596 1268 4650 et
1295 4588 1352 4649 boc
1386 4589 1465 4670 quod
1488 4589 1518 4650 iu
1542 4586 1662 4668 Optiois

302 4668 383 4744 dixi,
409 4672 670 4752 contemplationis
695 4691 813 4748 causa,
847 4674 886 4734 ad
914 4692 1004 4753 quam
1036 4673 1124 4738 homo
1159 4676 1258 4738 factus
1289 4675 1442 4756 oculisque
1474 4684 1598 4738 ornatus
1629 4685 1663 4740 et

304 4754 471 4820 instructus
495 4769 552 4836 est,
577 4779 636 4824 uon
658 4762 794 4840 potuisse
823 4760 973 4823 hominem
996 4759 1026 4822 in
1050 4771 1152 4826 centro
1184 4763 1352 4842 quiescere,
1380 4763 1436 4828 sed
1465 4773 1603 4844 oportere
1628 4772 1662 4828 ut
