3700 5530
769 315 935 390 capam.
1461 323 1526 396 tte

179 494 367 566 denominat.
392 503 424 560 et
444 513 643 560 amanuenses
665 513 805 562 numeros
829 497 946 582 aliquos
962 485 1172 583 conup'erunt3
1194 507 1229 565 ut
1251 501 1278 564 si
1300 503 1527 587 dispositionem

180 607 219 650 ex
251 589 317 670 ejus
348 585 479 667 catalogi
511 585 569 649 lide
600 583 713 663 iacias,
745 587 976 670 dispositionem
1003 591 1115 666 rictus,
1148 591 1197 674 qui
1225 590 1256 653 in
1285 594 1369 656 coelo
1392 603 1528 677 apparet,

178 677 300 742 minime
323 675 484 758 exprimas,
507 675 641 738 uticam
664 695 736 739 sane
759 695 854 759 neque
877 679 986 759 globus
1008 678 1197 763 Tycbonicus
1221 678 1419 761 exprimit²²)

145 799 150 814 ·
268 766 330 830 Sed
353 773 386 828 ct
406 764 437 828 in
461 765 579 828 Graeco
601 765 768 829 Ptolemaei
796 775 882 830 mxu:
911 787 1057 850 perversa
1088 776 1137 832 est
1159 770 1288 852 quinque
1318 772 1475 836 stellarum
1497 773 1528 837 in

184 857 293 920 dextro
314 854 390 937 pede
413 853 616 918 denominatio
634 855 752 936 plagae,
776 875 845 920 nam
858 875 913 938 pro
927 858 1020 922 borea
1034 857 1262 922 substituendus
1285 867 1397 924 auster.
1436 863 1530 926 Error

182 943 323 1028 antiquus
351 942 383 1006 in
411 943 582 1008 versionem
611 963 726 1027 qunque
740 946 913 1010 ,Arabicam
941 947 1060 1012 transit.
1106 950 1212 1032 Itaque
1236 949 1359 1014 retinnit
1383 969 1450 1013 eum
1471 952 1530 1015 Jo-

182 1037 276 1098 annes
298 1036 450 1116 Bayerns,
481 1034 561 1115 quod
589 1033 620 1096 in
644 1033 852 1098 oculatissimo
875 1037 1004 1100 hominis
1034 1035 1193 1118 diligentia
1220 1038 1348 1102 mireris.
1395 1039 1531 1120 Agnovit

181 1124 260 1187 enim
281 1125 435 1187 Mercator
457 1122 489 1184 in
511 1123 601 1202 globo
625 1130 661 1194 et,
679 1125 785 1188 stellas
813 1126 870 1188 has
897 1125 929 1189 in
951 1133 1086 1191 austrum
1115 1127 1286 1191 transtulit:
1320 1127 1398 1192 unde
1420 1129 1530 1193 Weid-

180 1231 271 1277 neme
292 1219 375 1276 recte
399 1209 497 1276 canit:

415 1345 477 1412 Qua
496 1347 622 1404 dextram
645 1346 783 1420 anguileri
801 1349 929 1421 plantam
948 1354 1028 1404 secat
1047 1349 1138 1406 orbita
1158 1350 1239 1408 Solis.
1251 1354 1288 1420 ¹⁵)

270 1478 418 1542 Nimirum
447 1477 546 1560 globi,
577 1477 628 1560 qui
649 1477 802 1559 tychonis
829 1478 941 1544 Brahei
974 1480 1186 1546 auctoritatem
1214 1482 1405 1565 praeierunt,
1435 1483 1531 1546 multa

182 1567 352 1649 hujusmodi
374 1568 598 1651 persuadebunt
618 1564 765 1643 incautis:
789 1570 859 1631 dum
881 1569 1051 1633 imitatores
1064 1571 1231 1636 mechanici
1247 1591 1299 1634 aas
1315 1572 1432 1650 stellas,
1456 1591 1531 1655 quas

182 1657 319 1720 Brabens
342 1658 392 1721 vel
415 1657 452 1721 ob
474 1656 676 1720 humilitatem
705 1656 754 1718 vel
782 1659 820 1721 ob
851 1658 914 1720 alia
940 1657 1156 1740 impedimenta
1177 1661 1378 1738 transiverat,
1409 1661 1446 1724 de
1477 1679 1532 1726 suo

183 1746 313 1822 addunt,
345 1744 492 1827 imagines
520 1765 592 1810 vero
621 1745 770 1828 pictorum
799 1747 924 1810 arbitrio
953 1748 1139 1830 relinquunt:
1163 1750 1233 1814 iude
1262 1749 1389 1826 lactum,
1419 1759 1453 1814 ut
1473 1749 1531 1814 hae

184 1835 291 1898 stellae
314 1837 444 1916 'passim
479 1835 509 1898 in
546 1834 646 1916 globis
678 1834 858 1918 Tychonicis
890 1841 922 1899 et
953 1836 984 1900 in
1014 1837 1126 1920 Bayeri
1161 1838 1268 1903 tabula
1302 1837 1534 1922 perversissima

187 1928 380 2005 tacpdpnon,
403 1925 433 1987 in
456 1923 570 2008 poplite
595 1925 702 1987 dextro
725 1924 891 2004 signentur,
915 1945 990 2009 quas
1012 1933 1153 1992 auctores
1175 1928 1206 1992 in
1228 1928 1334 2012 plania
1355 1928 1442 2010 pedis
1465 1947 1533 1992 essa

186 2013 337 2089 volebant,
360 2013 534 2076 characters
556 2013 644 2095 pedis
665 2013 826 2078 manifesto
850 2013 1005 2078 admoniti.

270 2103 459 2166 Permutavit
485 2102 577 2165 etiarn
599 2101 710 2185 Bayeri
738 2103 837 2184 pictor
869 2105 985 2186 (utique
1014 2103 1136 2169 dolente
1165 2105 1304 2180 anctore)
1327 2103 1435 2167 dextra
1458 2103 1534 2168 sini·

184 2191 272 2268 stris;
302 2192 381 2256 unde
401 2191 532 2274 plurima
557 2191 695 2254 conlusio
721 2191 752 2254 in
774 2192 980 2256 Ptolemaioae
1009 2193 1222 2276 descriptionis
1251 2211 1317 2257 cum
1341 2195 1426 2257 coelo
1449 2213 1533 2256 oom-

181 2279 357 2362 paratione:
387 2299 463 2363 quae
493 2299 542 2344 res
566 2301 585 2342 a
606 2283 782 2362 Brenggero
804 2301 863 2345 non
886 2281 997 2363 injuria
1023 2283 1207 2366 reprehensa
1229 2290 1286 2346 est
1331 2283 1403 2348 Fuit
1429 2283 1535 2345 eadem

181 2369 256 2432 mihi
286 2387 352 2432 cum
380 2388 448 2434 meo
479 2370 631 2452 sculpture
660 2371 830 2448 contentio;
863 2371 914 2453 qni
943 2391 1009 2435 cum
1038 2373 1124 2436 vario
1153 2370 1305 2436 molimine
1338 2372 1390 2435 vix
1412 2372 1535 2435 tandem

183 2458 379 2522 conciliasset
399 2460 509 2541 pedum
532 2458 606 2522 idoli
628 2458 687 2522 mei
710 2460 965 2542 propinquitatem
980 2463 1020 2525 ad
1034 2462 1113 2524 hanc
1129 2461 1318 2524 latitudinem
1333 2461 1533 2536 humerorum,

181 2547 350 2629 postulavit
379 2549 438 2612 eibi
466 2548 580 2612 remitti
610 2549 749 2611 dextrum
778 2547 909 2612 cubitum
940 2558 973 2613 et
1000 2551 1169 2633 pertinacia
1196 2549 1280 2614 vicit.
1327 2549 1427 2623 Quam
1456 2549 1535 2612 enim

182 2637 378 2700 Ptolemaeus
400 2637 540 2700 adextm
564 2637 665 2700 cubito
685 2638 899 2712 denominavit,
921 2657 959 2702 ea
981 2639 1031 2703 hic
1053 2647 1161 2724 quarta
1179 2647 1228 2704 est
1244 2639 1401 2722 Serpentis
1425 2657 1444 2701 a
1466 2639 1533 2702 fine.

129 2767 134 2776 ·
186 2723 297 2790 Cetera
321 2727 360 2788 ad
382 2726 550 2790 Ptolemaei
572 2733 703 2790 montem
727 2726 848 2808 optime.

273 2813 336 2877 Sed
357 2813 531 2898 priusquam
553 2816 654 2878 omnia
675 2816 824 2880 taediosis
847 2834 1035 2880 nnmcromm
1065 2816 1183 2880 acervis
1215 2833 1393 2898 persequar,
1423 2814 1455 2877 id
1478 2815 1536 2878 ab·

187 2903 304 2966 solvam
318 2903 364 2966 de
386 2903 507 2982 fabulis,
531 2906 611 2988 quod
633 2905 718 2986 coepi
741 2906 857 2968 dicere:
882 2905 1028 2986 originem
1051 2906 1169 2970 scilicet
1189 2904 1280 2985 hujus
1301 2905 1375 2969 idoli
1391 2904 1535 2968 coelestia

187 3010 256 3055 ease
279 3011 318 3054 ex
340 2992 537 3074 dispositione
562 2995 732 3058 stellarum:
762 3015 820 3078 quo
843 2995 873 3057 in
897 2995 1013 3058 coelum
1035 3003 1157 3078 recepto
1175 2994 1241 3075 jam
1269 2995 1406 3075 coepisse
1428 3001 1536 3076 poetae

186 3081 319 3162 cogitare
342 3081 379 3144 de
401 3082 522 3146 fabulis.
561 3083 704 3148 'Avienus
727 3083 943 3165 Aesculapium
970 3085 1048 3148 huno
1077 3101 1145 3146 esse
1168 3083 1271 3165 fingit,
1301 3083 1351 3165 qui
1380 3081 1411 3146 in
1441 3080 1537 3146 vitam

184 3179 326 3234 revocato
348 3190 402 3252 per
425 3178 521 3235 artem
543 3173 690 3236 medicam
712 3173 878 3256 Hippolyto
907 3191 1021 3254 poenas
1050 3173 1122 3237 Jovi
1152 3191 1218 3236 oum
1242 3171 1442 3250 exsolvisset,
1474 3171 1536 3235 iul-

183 3259 262 3323 mine
285 3278 458 3342 percussus,
481 3261 512 3324 in
535 3261 676 3328 solatium
698 3269 801 3326 tamen
823 3261 1082 3326 immortalitatem
1104 3261 1265 3344 acceperit,
1288 3260 1377 3341 hujus
1396 3261 1537 3342 imaginis

184 3367 256 3414 suae
278 3351 309 3413 in
332 3351 450 3414 coelum
472 3345 681 3415 translatione.
728 3351 878 3415 Nimimm
900 3351 971 3432 quia
992 3350 1209 3433 Aesculapium
1231 3351 1262 3413 in
1285 3349 1435 3432 serpentis
1458 3349 1537 3412 ima·
1616 3365 1620 3372 ·

183 3439 252 3518 gina
274 3439 432 3504 coluerunt
459 3439 636 3522 Epidamnii,
665 3440 802 3504 additum
829 3439 874 3502 illi
898 3449 930 3503 et
959 3447 1131 3522 serpentem
1160 3440 1267 3503 irinuit.
1312 3439 1396 3502 Aliis
1424 3439 1535 3521 piacet,

184 3528 344 3590 Herculem
365 3547 491 3609 puerum
514 3529 641 3611 exprimi
664 3547 779 3610 angues
794 3529 932 3592 manibus
946 3536 1145 3611 prementem:
1170 3529 1221 3612 qni
1245 3526 1382 3610 equidem
1396 3526 1536 3590 obliviosi

186 3623 257 3678 sunt
279 3623 311 3678 et
332 3619 411 3680 iorte
434 3618 551 3682 coelum
580 3637 731 3700 nunquam
753 3619 971 3695 ascenderunt,
1002 3625 1038 3682 nt
1059 3618 1229 3694 discerent,
1260 3617 1422 3681 Herculem
1444 3621 1536 3678 antea

184 3703 227 3768 ibi
250 3724 334 3782 csse,
363 3705 467 3770 mum
489 3707 629 3788 genibus,
663 3715 696 3770 et
718 3707 817 3788 capite
840 3707 885 3771 sic
907 3725 1015 3788 urgere
1045 3714 1136 3789 caput
1158 3706 1324 3789 Ophiuchi,
1353 3712 1388 3767 ut
1410 3721 1477 3766 cum
1498 3720 1535 3764 eo

184 3793 314 3858 arietare
337 3795 485 3860 videatur.
529 3796 612 3860 Aliis
635 3795 764 3878 Triopas
786 3803 843 3872 est,
866 3795 937 3859 aliis
961 3795 1106 3860 Glaucus.
1147 3795 1226 3859 Hinc
1248 3797 1403 3859 Fontanus
1426 3791 1535 3855 etiam·

184 3902 254 3946 num
286 3883 395 3948 dubius
425 3885 505 3948 alias
537 3885 656 3949 fabulas
685 3886 894 3950 accommodat
919 3885 1044 3962 orienti,
1077 3885 1156 3948 alias
1186 3882 1352 3960 occidenti,
1369 3881 1463 3946 ‘libro
1479 3881 1534 3944 111.

184 3968 432 4048 coelestium.²⁰)

395 4089 425 4148 Si
444 4105 548 4146 marens
569 4088 739 4162 domitosque
761 4105 868 4166 angues
890 4095 920 4146 et
940 4089 1063 4145 carmina
1083 4088 1192 4161 qnaeris

395 4170 549 4236 Colchidos,
570 4177 601 4225 et
621 4170 723 4226 victum
743 4187 837 4225 somno
858 4169 1005 4243 verbisque
1025 4171 1187 4233 draconem:

394 4251 473 4308 Haec
493 4249 543 4308 tibi
563 4251 690 4324 :mgenti
710 4252 761 4306 dat
781 4251 976 4322 serpentarius
997 4257 1091 4306 astro:

394 4331 423 4388 Si
444 4347 563 4405 quaeras
583 4332 655 4388 sorte
675 4331 834 4402 Eurydicen
855 4347 905 4402 per
925 4331 1053 4404 gramina
1073 4330 1152 4385 laeta

393 4413 548 4478 Emautem,
570 4417 656 4484 atque
677 4413 778 4484 augens
798 4413 832 4467 da
853 4412 967 4466 vulnere
987 4411 1076 4466 multa
1095 4415 1269 4484 gementem:

395 4491 591 4566 serpentarius
611 4493 685 4548 bauo
705 4491 783 4548 obitu
802 4489 928 4564 signabit
947 4491 1048 4565 iniquo.

936 4569 1009 4622 Haec
1027 4585 1058 4622 ex
1074 4567 1098 4620 J.
1117 4567 1222 4620 Firmico
1236 4580 1304 4634 pene
1322 4565 1356 4620 ad
1373 4567 1480 4618 uerbum.

271 4692 371 4756 Tanta
392 4695 441 4751 est
461 4693 621 4770 poetarum
642 4682 774 4760 licentia,
798 4692 833 4748 ut
854 4685 912 4748 boc
934 4669 1057 4750 idolum¹
1070 4681 1204 4766 quotidie
1227 4682 1264 4746 de
1286 4701 1370 4746 mare
1392 4682 1424 4746 in
1446 4681 1535 4746 lemi-

184 4797 255 4844 nem
274 4783 495 4844 transmutent:
527 4774 599 4858 quid
627 4773 735 4838 mbum
764 4772 791 4835 ai
814 4774 991 4856 quibusdam
1018 4782 1051 4838 et
1077 4773 1265 4836 effeminatus
1292 4771 1433 4854 fingitur?
1476 4772 1536 4836 Per

183 4867 360 4934 Pontauum
386 4865 468 4946 gitur
489 4865 564 4931 licet
585 4863 635 4930 vel
652 4860 828 4946 Apollinem
851 4862 950 4929 dicere
973 4863 1142 4947 Pythonis,
1165 4861 1215 4927 vel
1234 4860 1381 4928 Cadmum
1395 4861 1535 4928 draconis
