3684 5518
309 289 374 358 256
780 286 971 357 Paralipomeua
987 273 1013 340 iu
1032 290 1200 342 vitellianum.

311 468 389 550 quod
413 468 532 548 quidem
549 466 667 528 unicum
690 465 789 539 habui,
814 466 893 547 quod
917 466 989 530 olim
1017 467 1240 546 responderem.
1277 465 1313 528 Id
1337 465 1428 528 etiarn
1451 465 1547 528 Porta
1570 483 1663 528 seon-

312 567 361 619 tus
387 558 499 618 trustra
529 556 587 626 ait,
611 565 741 618 convexis
763 564 918 635 propinqua
938 565 1046 634 majora
1074 566 1168 629 reddi,
1191 568 1239 618 sed
1260 565 1385 620 mutuae.
1424 552 1505 616 Sana
1528 554 1666 617 omnibns

313 644 434 726 quidem
455 645 580 722 majora,
605 644 658 704 sed
682 661 739 704 non
764 643 901 705 omuibus
925 643 1070 705 confusa:
1094 643 1138 704 uti
1161 643 1294 706 vicissim
1317 661 1451 704 concava
1464 661 1512 705 res
1526 642 1666 704 omnibus

312 732 431 814 quidem
453 731 581 794 minores
605 739 847 810 repraesentant,
870 733 924 793 sed
948 732 1000 804 iis,
1029 731 1076 809 qui
1106 737 1225 792 remota
1246 738 1329 794 recte
1361 730 1480 804 vident,
1512 730 1665 803 confusas,

312 821 361 902 qni
384 819 521 894 confuse,
556 819 727 881 distinctas.
775 817 891 889 Quodsi
915 837 973 898 qno
997 818 1112 897 majora
1131 818 1283 898 quaelibet
1306 819 1362 880 hoc
1385 817 1578 880 distinctiora
1595 837 1665 878 cer-

312 915 461 983 nerentur,
485 908 626 970 concavis
649 909 797 970 nemiuem
822 908 922 986 juvari
946 905 1087 986 oportuit.
1134 908 1212 968 Narn
1244 925 1291 968 res
1319 907 1466 968 minuunt.
1512 905 1665 986 Agnoscis

312 998 357 1060 vir
381 995 577 1058 Nobilissime
612 996 743 1058 validam
780 1004 861 1056 tuam
896 995 1103 1074 objectionem.
1154 995 1218 1056 Alii
1250 1013 1374 1057 cansam
1407 1003 1543 1058 statuunt
1580 995 1666 1055 deus

311 1083 461 1148 emendati
483 1084 513 1145 in
538 1085 604 1146 sola
617 1084 792 1163 pluralitate
807 1083 1029 1145 refractionum.
1063 1083 1205 1144 Frustra:
1231 1101 1334 1144 omnes
1359 1082 1437 1145 enim
1460 1099 1554 1162 aeque
1573 1082 1666 1160 juva-

312 1181 428 1246 rentur,
452 1191 539 1234 nemo
562 1171 599 1232 de
623 1172 756 1251 specillis
780 1181 813 1232 ut
835 1171 970 1250 caligans
999 1179 1182 1248 quereretur.
1230 1172 1337 1251 Itaque
1365 1189 1423 1232 non
1457 1177 1577 1250 oportet
1607 1187 1665 1233 uos

313 1262 351 1324 ad
375 1279 424 1323 res
447 1267 530 1322 totas
553 1260 717 1339 respicere,
743 1260 797 1320 sed
821 1260 860 1321 ad
883 1277 980 1322 rerum
1003 1258 1122 1336 singola
1144 1269 1270 1338 puncta,
1295 1260 1337 1321 nti
1362 1260 1509 1322 hactenus
1532 1275 1663 1337 semper.

313 1349 429 1420 Quibus
453 1366 524 1428 ergo
547 1357 688 1427 punctum
712 1347 874 1410 distinctae
906 1346 1029 1408 visionis
1062 1356 1208 1408 remotum
1244 1348 1403 1410 admodum
1431 1356 1480 1409 est
1508 1347 1665 1418 tributum,

312 1438 332 1499 ii
356 1437 498 1498 convexis
520 1436 567 1498 uei
582 1435 715 1516 specillis
730 1435 930 1498 radiationum
946 1435 1080 1514 ejusdem
1102 1435 1259 1515 propinqui
1274 1435 1376 1514 puncti
1401 1453 1507 1496 conum
1522 1435 1667 1505 alterant,

312 1533 345 1586 ut
368 1526 452 1605 quasi
477 1547 496 1586 a
519 1524 678 1604 longinquo
712 1523 852 1586 advenire
882 1533 914 1584 et
941 1524 1057 1584 oculum
1089 1523 1206 1602 ingredi
1238 1525 1384 1585 videatur.
1431 1524 1481 1584 Ita
1503 1523 1664 1602 corrigitur

210 1661 212 1668 .
312 1631 404 1675 conns
441 1614 479 1676 ad
507 1613 636 1674 retinam
668 1613 893 1684 terminandus,
926 1612 974 1690 qni
1002 1611 1059 1673 nisi
1087 1613 1262 1673 emendetur
1289 1612 1490 1690 perspicillie,
1520 1613 1555 1673 iit
1587 1611 1667 1690 quod
1740 1632 1748 1644 ·

311 1719 396 1782 prop.
421 1697 474 1764 26.
500 1701 667 1780 praemissa
690 1701 834 1775 diximus,
866 1710 899 1760 ut
922 1700 959 1760 ob
982 1700 1130 1760 radiantis
1160 1701 1263 1778 puncti
1293 1699 1549 1779 propinquitatem
1571 1715 1668 1762 conus

313 1799 393 1852 retro
416 1789 544 1852 retinam
567 1789 773 1850 terminandus
797 1809 817 1848 a
839 1789 938 1850 retina
961 1795 1098 1861 secetur;
1132 1796 1164 1848 et
1187 1788 1231 1849 ita
1253 1788 1320 1848 coni
1343 1797 1518 1866 punctorum
1541 1787 1667 1849 radian-

312 1878 385 1940 tium
408 1877 598 1940 latitudinem
622 1878 793 1939 nonnullam
817 1877 918 1938 sortiti
942 1895 974 1936 se
998 1885 1100 1938 mutuo
1124 1876 1319 1938 confundant.

413 2017 441 2066 Fi
487 2015 522 2066 84
721 1965 867 2027 Vicissim
903 1965 1009 2043 quibus
1046 1971 1187 2043 punctum
1220 1983 1274 2026 seu
1315 1963 1463 2026 distantia
1505 1963 1668 2024 distinctae

443 2031 467 2082 ⁸¹
524 2052 530 2066 '
632 2053 756 2115 visionis
802 2053 961 2114 admodum
1003 2051 1103 2114 brevis
1143 2062 1174 2113 et
1215 2051 1382 2132 propinqua
1417 2059 1467 2112 est
1503 2071 1522 2112 a
1558 2057 1669 2113 natum

633 2142 761 2215 tribute,
795 2140 816 2202 ii
848 2141 988 2202 concavis
1019 2139 1065 2200 nsi
1095 2139 1228 2219 specillis
1266 2159 1373 2202 conum
1404 2139 1604 2203 radiationnm
1628 2137 1668 2198 ab

633 2231 737 2292 eodem
771 2237 884 2290 remoto
917 2236 1028 2308 puncto
1065 2227 1248 2290 venientium
1285 2228 1433 2300 alterant,
1465 2237 1500 2290 ut
1531 2227 1617 2308 quasi
1650 2247 1670 2288 a

632 2317 796 2398 propinquo
827 2316 897 2378 oriri
930 2323 962 2377 et
993 2317 1108 2379 oculum
1139 2316 1254 2394 ingredi
1284 2315 1432 2380 videatur.
1488 2314 1556 2378 Nisi
1589 2313 1669 2377 euim

632 2405 805 2486 perspicilla
836 2404 1018 2478 adhibeant,
1049 2405 1101 2466 fiet
1133 2403 1209 2478 illis,
1244 2405 1323 2484 qnod
1354 2422 1439 2485 prop.
1469 2401 1521 2466 27.
1554 2403 1668 2466 dictum

633 2501 701 2568 est;
733 2511 827 2555 conns
854 2511 961 2572 nempe
984 2502 1049 2554 tarn
1076 2493 1183 2554 remoti
1211 2493 1313 2573 puncti
1346 2493 1555 2556 terminabitur
1577 2500 1669 2554 aute-

633 2601 723 2662 quam
745 2582 872 2643 retiuam
898 2582 1041 2661 attinget,
1066 2590 1098 2642 et
1119 2599 1298 2661 progressos
1321 2601 1354 2644 se
1378 2599 1495 2642 rursum
1518 2576 1669 2651 dilatabit,

633 2671 735 2750 itaque
758 2688 824 2732 cunr
848 2669 1007 2732 latitudine
1030 2669 1144 2731 incidet
1161 2669 1191 2730 in
1215 2668 1354 2740 retinam,
1377 2675 1409 2730 et
1427 2667 1493 2730 coni
1509 2688 1543 2730 se
1567 2677 1669 2730 mutuo

633 2758 798 2821 turbabunt
816 2766 848 2818 et
871 2758 1063 2820 confundent
1087 2757 1217 2836 Egregie
1233 2757 1390 2819 confirmat
1404 2775 1451 2818 me
1473 2756 1669 2836 experientia.

634 2847 718 2909 Duos
740 2847 809 2906 novi
833 2864 891 2908 non
923 2846 1041 2908 humilis
1066 2845 1157 2908 sortis
1185 2846 1283 2919 viros,
1315 2865 1439 2927 quorum
1467 2844 1547 2906 alter
1570 2845 1669 2906 mion-

634 2935 769 2997 tissirnae
792 2934 868 3012 legit
895 2935 1044 3010 liternlae,
1074 2935 1128 2995 sed
1152 2933 1197 2996 ita
1218 2951 1310 3013 prope
1340 2935 1482 2996 admovet
1504 2933 1611 3006 oculis,
1637 2939 1671 2992 ut

634 3043 692 3085 non
724 3023 825 3104 possit
854 3032 980 3102 utroque
1012 3023 1098 3085 simul
1127 3024 1213 3084 oculu
1237 3022 1292 3084 nti.
1339 3023 1422 3084 Idem
1454 3023 1535 3084 intra
1566 3021 1669 3082 decem

634 3131 743 3191 passus
775 3110 906 3173 discreto
939 3113 1005 3173 vien
1035 3131 1093 3174 uon
1127 3111 1291 3190 pertingit,
1326 3111 1380 3171 sed
1412 3128 1512 3172 meras
1541 3108 1668 3172 nebulas

635 3200 755 3278 aspicit.
801 3201 877 3262 Eum
905 3207 1008 3262 temen
1038 3200 1212 3279 perspicilla
1244 3199 1409 3277 profundae
1441 3199 1584 3260 cavitatls
1609 3196 1666 3256 od-

631 3288 740 3367 juvaut
755 3288 792 3348 ad
808 3288 969 3350 remotiora
985 3289 1198 3368 percipienda:
1225 3288 1330 3366 quibus
1346 3287 1465 3364 quidem
1489 3283 1669 3365 perspicillis

636 3394 719 3436 ruens
742 3375 825 3437 visus
848 3377 936 3455 plane
969 3376 1173 3447 confunditur,
1207 3376 1342 3455 quamvis
1366 3377 1430 3453 ipse
1460 3391 1577 3453 quoque
1601 3383 1670 3434 utar

637 3464 731 3537 cavis,
754 3464 808 3524 sed
828 3463 1090 3544 aequabilioribos.
1127 3465 1218 3526 Alter
1236 3462 1435 3543 jampridem
1455 3462 1519 3523 iate
1539 3463 1667 3533 iunctus,

636 3552 676 3614 ad
698 3552 865 3632 propinqua
887 3570 963 3631 pene
986 3571 1103 3626 caecus,
1128 3553 1165 3614 ad
1190 3547 1313 3614 remota
1330 3552 1452 3632 lynceus
1475 3558 1559 3624 erat;
1593 3549 1668 3610 adeo

637 3649 672 3703 nt
702 3640 731 3701 in
772 3641 859 3702 domo
896 3641 1013 3720 aliquot
1048 3641 1157 3703 stadiis
1192 3641 1324 3702 distante
1368 3645 1505 3701 recentes
1549 3638 1669 3716 tegulas

637 3729 790 3791 veteribus
822 3729 975 3790 immixtas
1012 3748 1045 3792 se
1084 3747 1239 3792 numerare
1275 3728 1465 3807 gloriaretur.
1527 3725 1668 3806 Specillis

637 3818 780 3879 convenis
817 3816 960 3879 adhibitis
997 3825 1029 3880 et
1067 3820 1174 3880 charta
1210 3825 1352 3897 qnantum
1389 3815 1511 3878 brachio
1547 3821 1670 3893 poterat

637 3906 752 3968 eminus
781 3906 933 3985 explicata
962 3907 1084 3984 legebat
1107 3925 1164 3968 non
1189 3907 1276 3985 male.
1323 3904 1440 3967 Audiat
1459 3902 1668 3977 Aristotelem,

596 4029 599 4036 ·
638 3994 664 4057 si
688 3994 754 4075 quis
777 3995 851 4056 ineis
885 3995 1097 4073 experimentis
1130 3994 1226 4056 minos
1254 3991 1379 4054 adhibet
1400 3993 1479 4053 fidei.
1527 3990 1669 4054 Sectioue

638 4082 690 4157 31,
714 4083 859 4162 problem.
884 4079 914 4146 8.
946 4079 994 4145 15.
1024 4080 1070 4145 16.
1094 4081 1145 4146 25.
1175 4082 1263 4162 plana
1287 4082 1343 4142 hoc
1373 4079 1504 4159 quaerit,
1538 4080 1587 4158 qui
1615 4078 1668 4143 liat

638 4172 716 4251 qnod
738 4193 858 4246 aconas
886 4174 1103 4251 stupratores
1130 4171 1283 4234 contraria
1309 4167 1477 4248 patiantur,
1509 4168 1552 4230 illi
1575 4183 1669 4246 prope

321 4212 577 4345 (issi)
638 4261 832 4335 admoveant,
862 4260 891 4320 hi
920 4268 1095 4322 removeant
1117 4279 1253 4341 eaquae
1277 4266 1347 4319 suut
1376 4257 1548 4332 lustraturi,
1571 4253 1669 4318 atilli

407 4365 426 4436 ιι
638 4348 755 4430 quidem
779 4349 845 4410 visu
868 4349 968 4410 hebeti
993 4349 1176 4410 minusculas
1196 4358 1296 4409 tamen
1321 4346 1456 4410 scribant
1477 4345 1624 4407 literulaa.

408 4352 486 4535 'l'
726 4438 816 4500 Addo
845 4445 877 4498 et
908 4437 1079 4512 schemata,
1113 4455 1150 4498 ua
1180 4435 1250 4516 quid
1280 4435 1478 4496 desideretur.
1525 4430 1575 4494 Sit
1597 4433 1670 4509 αβγό

407 4512 476 4618 Μή]
638 4526 791 4604 specillum
816 4541 935 4592 cavum.
959 4533 1101 4602 punctum
1131 4525 1261 4586 lucidum
1284 4523 1361 4584 adeo
1388 4528 1534 4584 remotum
1558 4520 1612 4594 sit,
1636 4528 1670 4580 ut

392 4617 411 4726 q
460 4623 498 4709 ‚ll
639 4613 822 4675 radiationes
845 4614 1058 4691 propemodum
1080 4612 1217 4692 paralleli
1236 4611 1306 4685 sint,
1331 4611 1454 4672 veniant
1476 4609 1597 4688 iuquam
1610 4611 1667 4678 da,

405 4727 411 4752 ι
638 4704 668 4780 ιβ
694 4701 879 4763 radiationes
908 4699 946 4760 ab
978 4701 1084 4762 eodem
1116 4702 1233 4763 lucente
1264 4707 1394 4777 puncto;
1428 4697 1498 4778 quia
1529 4714 1599 4775 ergo
1627 4696 1669 4773 ad

640 4789 787 4854 densioris
811 4787 981 4869 superficies
997 4807 1082 4851 cava
1103 4797 1162 4864 est,
1186 4787 1271 4867 cujus
1293 4796 1427 4850 centrum
1449 4789 1467 4848 i
1489 4786 1568 4850 inter
1589 4788 1624 4862 o,
1646 4809 1666 4858 ι,
