3464 5524
332 293 374 360 68
746 295 849 344 Litarae
866 292 967 356 Keplerl
986 291 1136 357 aberamque
1154 299 1256 343 mutuae

331 470 440 533 Utrum
462 471 555 550 igitur
578 487 681 531 omnes
704 467 820 531 colores
840 469 870 531 in
889 468 1020 530 materia
1039 465 1124 528 densi
1144 473 1206 528 tam
1231 467 1352 542 diversi,
1378 475 1440 528 tam
1460 467 1542 530 nulla
1563 469 1667 532 ratione

332 559 454 632 ordinis,
480 559 536 620 nisi
560 558 589 619 in
613 558 680 618 sola
703 557 867 618 claritate?
892 556 925 618 Si
950 555 1087 618 docueris
1103 574 1139 616 ex
1163 557 1289 637 thymia,
1315 575 1418 617 omnes
1443 557 1557 618 coloret
1579 557 1667 618 inesse

331 648 361 709 in
381 665 504 726 corpore
524 665 630 725 aquae,
647 645 726 718 vitri,
747 645 883 727 crystalli
903 647 967 717 duc,
986 646 1023 706 de
1047 651 1147 705 cetero
1172 645 1250 706 ratio
1274 644 1412 706 eliciendi
1434 644 1514 706 etin
1537 662 1668 726 papyrum

331 735 514 816 exprimendi
539 734 614 795 bene
632 734 698 812 jam
722 734 874 813 explicata
896 733 1055 794 videbitur.

422 823 529 902 Capite
548 823 602 884 III.
627 823 730 882 videor
753 823 997 901 catoptrices
1021 839 1128 882 causas
1144 827 1176 882 et
1193 818 1434 900 principia'bene
1453 819 1579 882 rimatus
1600 840 1668 895 esse,

332 914 400 975 dum
424 911 652 973 collocationem
672 910 812 989 imaginis
827 928 917 990 snper
939 909 1098 972 latitudine
1117 909 1201 970 visus
1225 908 1391 970 aedificavi.
1427 906 1558 988 Scripsit
1579 916 1668 970 mmen

331 1002 370 1062 ad
394 1019 440 1062 me
466 999 635 1061 Germanus
665 999 787 1079 quidam
809 999 1013 1078 Brenggerns‚
1040 997 1159 1058 axioma
1183 997 1219 1057 de
1247 997 1375 1076 imagine
1399 995 1428 1057 in
1460 997 1580 1058 catheto
1602 997 1669 1058 inci-

330 1067 450 1150 dentiae
476 1088 505 1149 in
525 1086 608 1148 cavis
631 1086 763 1166 speculis
787 1087 920 1167 insigues
941 1106 1056 1150 errores
1080 1086 1205 1165 prodere
1236 1086 1337 1166 itaque
1364 1087 1453 1166 plane
1476 1086 1585 1148 falsum
1611 1106 1669 1146 esse

330 1180 440 1262 (comp.
470 1195 500 1256 p.
531 1171 600 1248 to).
647 1175 824 1248 Persuasit;
860 1176 907 1254 egi
943 1177 969 1237 ei
1002 1175 1130 1254 gratias.
1186 1175 1332 1253 Equidem
1370 1175 1427 1235 hoc
1462 1175 1668 1254 ignoraveram,

330 1266 389 1327 etsi
412 1284 480 1326 mea
503 1263 722 1325 demonstratio
746 1266 817 1324 sese'
838 1264 975 1326 extendit
997 1264 1058 1324 illo.
1097 1263 1165 1324 Non
1190 1263 1267 1323 enim
1291 1269 1395 1326 teneor
1418 1263 1543 1339 erroris,
1566 1271 1671 1324 tautum

329 1375 362 1416 ao
385 1349 532 1416 καθ’ὁλου
556 1351 685 1432 neglexi,
710 1352 848 1414 nesciens
872 1352 944 1414 illud
968 1352 1005 1412 de
1029 1352 1113 1412 cavis
1137 1349 1276 1429 speculis

418 1441 527 1522 Capite
560 1441 616 1502 IV.
650 1459 744 1502 eausa
780 1459 977 1502 mensurae
1013 1440 1299 1502 refractionum
1336 1437 1407 1500 mihi
1439 1438 1498 1518 ipsi
1535 1457 1671 1517 nunqnam
1726 1501 1727 1504 ,

329 1531 491 1602 satisfecit,
516 1529 595 1610 qnod
618 1537 651 1590 et
674 1529 774 1591 fassus
798 1537 830 1590 et
852 1547 955 1590 omnes
986 1529 1124 1589 hortatus
1147 1547 1228 1599 sum,
1252 1535 1286 1588 ut
1308 1545 1375 1588 eam
1399 1525 1590 1606 inquirerent.
1634 1527 1672 1586 lb

327 1639 399 1683 voro
422 1618 561 1680 beaveris
584 1636 646 1690 me,
682 1617 731 1678 nbi
760 1617 832 1678 mihi
864 1634 1020 1678 mensuras
1050 1616 1105 1678 has
1128 1615 1159 1676 in
1188 1616 1280 1676 variis
1313 1615 1490 1694 liquidorum
1523 1615 1672 1694 generibus

328 1705 597 1771 communicaveris
622 1705 789 1767 liberaliter
812 1713 843 1769 et
864 1705 1008 1778 candide,
1034 1703 1179 1784 simulque
1204 1712 1284 1765 tuam
1315 1704 1467 1764 addideris
1491 1701 1672 1774 sententiam,

329 1817 405 1878 quae
429 1795 569 1857 videatur
592 1815 665 1856 κατα
688 1815 797 1864 nonos
821 1813 914 1856 cansa
936 1793 1163 1866 refractionum,
1188 1812 1263 1870 quae
1287 1790 1478 1854 mensurandi
1501 1791 1675 1871 geometrice
1726 1839 1727 1866 ι

327 1885 415 1962 ratio.
454 1884 564 1957 Audio,
590 1889 643 1944 tua
665 1883 871 1963 experimenta
894 1881 914 1944 2
934 1883 981 1943 vel
1006 1878 1025 1944 3
1049 1881 1192 1958 gradibus
1216 1880 1437 1954 aVitelliauis,
1463 1899 1540 1960 quae
1564 1887 1674 1942 secutus

328 1975 392 2053 ipse
416 1991 489 2046 sum,
515 1971 686 2034 dissentire.
734 1972 839 2052 Itaque
864 1969 1106 2032 circumstantias
1130 1988 1246 2044 omnes,
1273 1978 1304 2031 et
1327 1969 1490 2031 mediorum
1515 1976 1548 2030 et
1570 1968 1673 2030 instm·
1726 1969 1727 2032 5

328 2069 504 2135 mentorum,
530 2060 585 2120 abs
610 2069 641 2121 te
666 2069 802 2140 expecto.
1726 2125 1727 2142 ,

416 2151 462 2212 De
486 2149 608 2211 librae
632 2149 748 2210 ratione
773 2145 874 2210 andivi
898 2165 934 2206 ex
956 2143 1074 2206 Joanne
1099 2143 1259 2218 (Eriksen)
1283 2153 1364 2206 tuam
1389 2143 1582 2206 sententiam.
1622 2142 1674 2202 Vis
1726 2149 1727 2178 l

327 2239 419 2313 enim,
452 2245 487 2300 ut
514 2237 667 2298 brachium
697 2236 775 2318 qnod
804 2243 852 2298 est
875 2233 970 2295 levius
1002 2233 1148 2295 ascendat
1180 2233 1278 2312 ipsum
1308 2233 1475 2312 fastigium,
1508 2249 1674 2312 quacunque
1726 2281 1727 2286 ,

325 2328 489 2406 ponderum
504 2326 706 2406 proportione.
737 2326 814 2388 Fere
828 2321 1044 2406 persuasisses,
1061 2321 1115 2383 sed
1130 2324 1335 2400 experimenta
1350 2322 1482 2384 obstant.
1519 2321 1674 2382 Librantur

326 2416 450 2488 brachia
473 2434 530 2476 non
554 2421 671 2476 tantum
694 2414 880 2495 aequilibris,
908 2409 1069 2472 sedetiam
1089 2410 1268 2490 inaequalia,
1293 2417 1327 2471 ut
1350 2411 1435 2471 vides
1460 2410 1488 2470 in
1514 2409 1673 2470 schemate.

546 2528 601 2594 rig.
622 2525 663 2576 34,
886 2500 993 2578 ltaque
1012 2517 1070 2560 non
1091 2499 1196 2560 obstat
1219 2499 1409 2560 instrumenti
1432 2497 1602 2578 ineptitudo
1624 2513 1674 2574 qno
1726 2535 1727 2538 =

886 2589 982 2648 minus
996 2588 1027 2648 A
1041 2587 1070 2647 in
1086 2586 1278 2666 fastigian
1293 2587 1435 2649 enitatur.
1459 2587 1541 2648 Nam
1559 2585 1676 2647 libratur

886 2677 962 2736 ultro
987 2675 1120 2754 citroque
1142 2675 1171 2736 in
1196 2675 1221 2735 B
1243 2684 1274 2737 et
1293 2673 1328 2749 Ο,
1353 2682 1468 2736 etcum
1489 2674 1519 2734 in
1540 2675 1566 2735 B
1591 2679 1673 2744 esset,
1726 2715 1727 2728 ι

885 2783 1000 2826 rursum
1038 2763 1194 2825 descendit
1235 2764 1274 2825 ad
1311 2765 1340 2825 A
1377 2771 1517 2843 punctum
1562 2759 1673 2840 quietis.
1726 2753 1727 2760 '

884 2853 991 2932 Itaque
1028 2851 1221 2914 manifestum
1254 2859 1318 2926 est,
1357 2859 1468 2932 quanto
1503 2850 1604 2912 minus
1633 2855 1675 2910 est
1726 2857 1727 2934 ζ

881 2940 997 3018 pondus
1022 2939 1129 3010 altero,
1154 2947 1240 3002 tanto
1264 2940 1417 3002 fortiorem
1441 2958 1509 3001 esse
1534 2939 1626 3001 sitnm
1647 2937 1674 2998 A
1726 2937 1727 2948 ¹

882 3027 942 3090 situ
964 3027 1011 3098 Ε,
1044 3027 1146 3109 itaque
1183 3029 1406 3109 proportionem
1440 3045 1617 3090 conversam
1646 3032 1673 3086 et

882 3115 1029 3178 rationem
1046 3135 1113 3178 esse
1133 3124 1277 3180 staterae.
1315 3119 1361 3178 At
1377 3124 1410 3178 ut
1430 3135 1485 3196 ego
1504 3133 1673 3178 accommo-

882 3203 951 3265 davi
979 3205 1008 3265 iu
1033 3203 1169 3285 Opticis‚
1199 3206 1345 3268 refutavit
1372 3225 1418 3266 me
1445 3203 1588 3266 Joannes
1613 3203 1671 3264 suis

885 3292 1108 3370 experimentis.
1155 3295 1261 3376 Itaque
1291 3313 1349 3375 quo
1379 3313 1427 3355 me
1457 3301 1590 3363 vertam,
1622 3309 1675 3370 qua
1726 3317 1727 3320 ¹

322 3379 403 3441 linea
432 3379 536 3459 (quam
566 3379 643 3441 situs
674 3379 740 3459 ipse
771 3380 886 3458 pariat)
924 3381 1033 3442 metiar
1067 3381 1273 3446 fortitudinem
1302 3383 1380 3445 situs
1408 3383 1439 3443 A
1466 3391 1498 3443 et
1520 3381 1566 3455 Ε,
1590 3382 1675 3460 plane

322 3467 433 3530 nescio.
480 3467 556 3531 Mihi
578 3468 608 3530 iu
632 3466 898 3546 experimentando
922 3469 1049 3545 suffecit,
1079 3471 1194 3533 eminus
1224 3472 1357 3534 alludere
1380 3470 1514 3551 pondera
1537 3471 1578 3532 ad
1602 3469 1674 3530 hanc

321 3574 511 3631 mensuram;
535 3565 637 3618 cetera
660 3557 850 3619 instrumenti
873 3558 948 3619 vitio
973 3557 1073 3621 tribui.

410 3645 511 3707 Audio
535 3644 591 3707 tibi
619 3646 730 3706 malurn
753 3664 791 3707 ex
820 3646 1030 3725 astrologia
1060 3647 1230 3708 conflatum.
1277 3645 1430 3723 Obsecro,
1459 3667 1497 3708 an
1526 3653 1560 3708 tu
1590 3655 1675 3726 putas

322 3733 443 3812 dignam
467 3753 546 3808 esse,
571 3733 656 3813 cnjus
671 3753 765 3796 cansa
787 3734 864 3796 talia
878 3735 940 3797 sint
961 3734 1109 3796 ferenda?
1131 3735 1198 3814 Ego
1218 3736 1285 3816 jam
1303 3756 1322 3797 a
1337 3735 1480 3798 decennio
1499 3735 1675 3797 divisionem

320 3823 350 3884 in
374 3819 414 3884 12
439 3823 587 3903 aequalia,
613 3822 728 3898 domus,
755 3822 983 3897 dominationes,
1009 3823 1205 3902 triplicitates
1225 3825 1278 3887 duc.
1304 3824 1404 3886 omnia
1417 3822 1531 3903 rejicio,
1551 3821 1674 3886 retentis
1726 3879 1727 3882 ,

321 3911 395 3973 solis
420 3909 594 3991 aspectibus
618 3919 651 3972 et
674 3910 815 3972 traducta
838 3910 1005 3990 astrologia
1028 3911 1066 3972 ad
1091 3910 1256 3973 doctrinam
1287 3913 1500 3974 harmonicam.
1549 3908 1674 3972 Videbis
1726 3983 1727 3986 Ἴ

320 4017 418 4061 msam
433 3999 616 4062 sententiam
631 4017 668 4060 ex
683 3999 836 4078 opusculo,
860 3999 914 4061 De
938 3997 1068 4061 Stella
1089 3999 1207 4074 Nova,
1233 4002 1311 4082 quod
1327 4001 1392 4080 jam
1410 4000 1524 4080 prodiit
1538 3998 1675 4061 Franlro-
1726 4009 1727 4066 f

319 4088 409 4149 furto.
446 4089 491 4151 Eo
514 4089 592 4149 lecto
612 4105 723 4167 quaeso
738 4094 821 4149 tuam
840 4090 1022 4150 sententiam
1041 4088 1249 4152 communices.
1287 4089 1356 4150 Etsi
1376 4090 1495 4169 quidam
1515 4087 1675 4150 veritatem
1726 4083 1727 4086 ’

319 4183 443 4254 propter
456 4195 490 4236 se
500 4175 628 4238 defendo
639 4175 668 4237 in
681 4175 789 4238 nullius
804 4176 943 4256 gratiam,
959 4184 1033 4256 puto
1044 4185 1144 4238 tamen
1156 4195 1215 4238 non
1225 4176 1674 4256 habiturumregemJacobnm,
1726 4235 1727 4238 ,

320 4264 397 4342 qnod
422 4264 546 4326 damnet
563 4263 593 4325 in
612 4263 659 4339 iis,
684 4283 761 4344 quae
779 4283 834 4344 ego
854 4264 979 4339 retineo,
1005 4264 1151 4346 siquidem
1173 4265 1280 4345 aliquis
1302 4265 1430 4328 fideliter
1449 4266 1508 4346 ipsi
1527 4261 1674 4327 retulerit.

408 4350 478 4422 Qua
500 4351 550 4413 via
572 4361 696 4415 motus
719 4353 956 4432 planetarum
981 4353 1197 4426 demonstrem,
1223 4355 1329 4434 opinor
1359 4355 1472 4416 dixisse
1497 4354 1555 4416 tibi
1578 4353 1674 4415 Joan-

319 4457 397 4500 nem.
435 4442 572 4522 Longum
594 4445 646 4503 'est
668 4441 717 4502 hic
739 4441 814 4502 illud
838 4441 991 4521 negotium
1014 4449 1151 4521 tangere.
1184 4441 1283 4522 Rogo,
1307 4443 1334 4504 si
1357 4443 1428 4522 quid
1447 4443 1483 4504 de
1507 4444 1564 4504 hoc
1588 4443 1674 4502 inau-

319 4526 402 4602 disti,
426 4537 458 4590 et
470 4529 517 4592 hic
534 4539 617 4591 tuam
637 4529 820 4612 sententiam
836 4530 939 4592 dicas:
964 4529 1101 4592 nimirum
1119 4531 1155 4592 de
1175 4531 1250 4592 meis
1271 4532 1461 4610 magnetibus
1481 4530 1674 4593 coelestibus.

412 4617 492 4678 Dum
516 4618 591 4679 haec
615 4617 780 4697 interpono,
806 4618 926 4692 incidit,
951 4611 1028 4698 quid¹
1045 4619 1115 4680 olim
1138 4619 1209 4680 mihi
1231 4618 1483 4700 experimentanti
1504 4620 1534 4682 in
1560 4618 1675 4681 ratione

320 4699 440 4764 librae
472 4705 626 4768 acciderit.
697 4705 773 4768 Cum
806 4707 915 4768 scirem
948 4705 1073 4768 brachia
1110 4707 1220 4770 addere
1252 4708 1434 4788 ponderibus
1466 4706 1675 4788 inaequalibus
1726 4779 1727 4782 Ἴ

320 4791 458 4870 aequalia
480 4803 513 4855 et
536 4793 580 4854 sic
604 4795 725 4858 turbare
748 4794 982 4874 proportionem,
1006 4815 1098 4876 opera
1116 4797 1282 4860 mechanici
1306 4795 1495 4860 subtilissimi
1518 4793 1675 4858 construxi
