3718 5528
324 271 390 338 342
821 269 996 321 beronomine
1013 267 1075 319 Pars
1095 267 1193 334 opttus.

327 450 480 523 tabellae,
514 449 641 511 diuisum
666 467 685 509 a
708 464 822 510 summo
852 445 891 508 ad
918 453 1023 527 partes
1055 445 1169 509 medias
1193 447 1223 509 in
1248 446 1358 528 gradus
1382 443 1426 512 90
1449 447 1585 529 singulos
1608 449 1685 510 toti-

325 542 451 620 demque
474 537 611 620 utn'nqne
636 537 674 598 ab
698 537 767 598 imo.
800 535 864 597 Aut
888 535 915 598 si
937 537 1040 615 placet
1062 542 1145 598 utere
1162 537 1222 598 alia
1241 555 1428 600 numeromm
1443 537 1531 600 serie.
1562 536 1682 600 Deinde

324 629 442 692 tabella
464 627 566 706 capiat
588 627 618 689 in
642 625 740 688 medio
765 626 877 707 stylum
907 625 1117 688 brevissimum
1139 625 1169 687 in
1195 636 1299 689 centro
1322 645 1375 688 sen
1399 627 1543 690 sectione.
1591 625 1683 690 Circa

318 719 397 782 huno
420 715 558 780 volubilis
577 721 698 796 aptetur
720 716 830 789 rotula,
855 714 959 795 inqua
977 715 1167 795 postmodum
1188 715 1326 778 circellos
1346 733 1384 777 ex
1401 725 1512 796 puncto
1533 714 1684 778 affixionis

321 825 421 870 sumus
445 804 633 885 descripturi.
676 805 724 866 En
748 803 845 865 altera
867 813 954 885 parte
978 805 1093 866 rotulae
1117 805 1289 882 promineat
1311 805 1411 879 index,
1437 805 1522 884 cujus
1547 813 1685 868 extrema

323 896 404 958 linea
433 912 472 955 ex
499 901 602 956 centro
630 893 747 955 rotulae
776 899 881 962 exeat,
910 892 1096 973 longitudine
1130 900 1233 968 tanta,
1270 893 1356 956 utin
1380 893 1521 956 circulum
1550 894 1683 956 tabellae

323 982 478 1064 pertingat
501 989 533 1043 et
555 982 673 1044 rotulae
698 981 890 1044 conversione
915 982 1006 1044 index
1028 982 1059 1044 ln
1082 981 1138 1042 hoc
1163 981 1275 1045 circulo
1299 982 1534 1047 circumferatur.
1567 981 1683 1054 Quibus

325 1073 369 1134 sio
392 1070 575 1133 constructis
600 1070 737 1133 dimetire
757 1071 857 1132 omnia
876 1070 1081 1145 subtilissime,
1105 1070 1192 1132 utin
1216 1091 1283 1134 meo
1305 1071 1505 1133 instmmonto
1526 1071 1592 1145 feci.
1622 1071 1682 1134 Ubi

326 1162 366 1224 ad
387 1179 473 1222 usum
496 1169 619 1222 ventum
644 1161 716 1234 erit,
744 1160 844 1221 canali
867 1160 947 1222 intus
971 1159 1056 1240 nigro
1080 1159 1139 1221 iter
1165 1161 1289 1224 tabellis
1312 1160 1503 1241 interjectum
1526 1161 1608 1236 vela,
1639 1161 1684 1222 sio

324 1257 358 1313 ut
381 1249 520 1330 nuspiam
552 1250 611 1311 luci
643 1257 750 1330 pateat
777 1249 931 1330 ingressus
962 1249 1021 1311 uisi
1050 1268 1105 1330 per
1129 1249 1322 1313 fenestellam
1345 1249 1507 1330 superioris
1531 1249 1683 1312 tabellae:

326 1339 559 1402 instrumentum
582 1358 654 1401 vero
678 1339 722 1400 sic
746 1337 885 1413 colloces,
910 1345 944 1400 ut
967 1359 1004 1400 ea
1025 1357 1097 1418 pars
1122 1339 1253 1420 regulae,
1279 1359 1356 1421 quae
1381 1357 1472 1418 supra
1494 1339 1684 1401 columellam

327 1435 389 1503 est,
414 1447 480 1491 cum
505 1428 603 1490 canali
628 1435 658 1489 et
682 1426 797 1489 tabella
820 1427 893 1490 foris
918 1428 958 1490 sit
981 1435 1068 1490 extra
1091 1446 1213 1490 scenam
1237 1430 1266 1491 in
1291 1434 1396 1508 aperto
1421 1434 1505 1503 atre,
1538 1427 1683 1509 reliquum

324 1517 405 1578 intra
419 1517 449 1578 in
469 1517 602 1580 tenebris
617 1516 774 1598 possitque
789 1515 882 1577 libere
900 1516 1044 1578 converti.
1069 1516 1114 1577 Et
1132 1517 1173 1578 sit
1193 1518 1337 1593 fenestra,
1358 1535 1434 1597 quae
1448 1517 1583 1596 regulam
1603 1517 1685 1578 foras

326 1605 439 1668 emittit
461 1605 491 1667 in
517 1613 626 1682 a'e'rem,
650 1606 727 1667 bene
751 1604 943 1668 circumcirca
966 1605 1148 1668 communita
1171 1614 1277 1670 contra
1301 1606 1406 1669 lucem.

415 1695 612 1757 Problema
642 1695 684 1756 Π.
739 1694 964 1756 Diametrum
998 1693 1104 1757 Solis
1138 1695 1305 1758 dimetiri
1338 1695 1598 1757 instrumento.
1651 1693 1686 1754 Id

326 1785 444 1866 quidem
463 1801 519 1865 per
538 1781 569 1848 8.
586 1791 618 1846 et
637 1781 667 1846 9.
691 1783 814 1845 secundi
835 1783 944 1864 capitis
963 1785 1027 1846 fieri
1046 1783 1075 1845 in
1095 1801 1205 1863 genere
1223 1792 1331 1865 posset
1348 1784 1378 1846 in
1398 1801 1571 1866 quocunque
1590 1781 1686 1852 radio,

324 1894 378 1954 por
401 1875 567 1935 fenestram
590 1891 795 1954 quamcunque
816 1873 909 1935 etiam
933 1874 1111 1954 quadratam
1133 1873 1325 1950 intromisso;
1349 1881 1482 1935 ceterum
1504 1889 1611 1934 sensus
1634 1870 1687 1932 bio

324 1964 571 2024 mathematicam
605 1961 805 2024 subtilitatem
833 1981 892 2024 non
921 1969 1098 2042 sequuntur,
1128 1963 1181 2024 sed
1206 1961 1297 2044 (Gap.
1324 1964 1347 2038 I,
1372 1959 1431 2036 29)
1462 1960 1689 2023 extremitatem

329 2051 449 2130 speciei,
475 2054 514 2114 ad
538 2072 613 2134 quas
635 2069 751 2130 paucae
771 2051 808 2112 de
823 2050 894 2113 Sole
918 2051 1083 2133 particulae
1107 2050 1237 2123 radiant,
1262 2071 1320 2115 non
1337 2050 1592 2131 comprehendunt
1613 2067 1687 2131 prae

326 2140 467 2202 claritate
497 2141 742 2204 intermediamm
765 2139 876 2220 speciei
899 2141 1042 2221 partium,
1075 2139 1113 2200 ad
1137 2158 1212 2220 quas
1235 2142 1357 2204 radiant
1380 2157 1484 2202 omnes
1507 2137 1590 2201 Solis
1613 2155 1688 2218 par-

329 2229 449 2292 ticulae.
486 2229 553 2292 Hoc
568 2228 747 2310 Tycbonicis
767 2250 823 2292 usu
842 2231 934 2299 venit,
959 2230 1029 2291 dum
1048 2229 1133 2290 radio
1158 2230 1276 2310 quidem
1300 2229 1346 2293 nsi
1367 2237 1446 2305 sunt,
1471 2228 1526 2290 sed
1540 2227 1688 2289 foramine

325 2319 530 2400 quadrangulo
547 2327 578 2380 et
592 2318 737 2398 ampliori,
759 2337 846 2400 qnam
860 2328 894 2379 ut
907 2319 1045 2399 plenaria
1059 2318 1233 2381 intersectio
1247 2319 1312 2382 fleri
1325 2319 1458 2400 potuerit
1472 2315 1565 2395 (Cap.
1576 2316 1624 2388 11,
1639 2311 1687 2392 6).

416 2408 603 2490 Disponatur
627 2407 728 2490 itaque
752 2407 983 2470 instrumentum
1007 2415 1037 2468 et
1056 2409 1161 2487 regula
1181 2409 1295 2472 feratur
1317 2409 1348 2471 in
1368 2427 1477 2488 corpus
1493 2405 1584 2480 Solis,
1609 2405 1689 2486 quod

331 2497 366 2557 bt
389 2495 499 2578 duplici
532 2497 709 2579 gyratione,
744 2497 842 2559 altera
874 2497 994 2577 regulae
1019 2515 1108 2576 super
1132 2497 1306 2574 columella,
1335 2497 1433 2559 altera
1456 2495 1631 2556 columellae
1657 2502 1690 2555 et

328 2585 454 2648 transtri
479 2605 569 2668 super
592 2586 765 2648 azimutbali
790 2585 1005 2667 quadrangulo.
1053 2583 1107 2648 sot
1133 2587 1233 2667 itaque
1263 2585 1447 2668 superiorem
1471 2583 1617 2647 tabellam
1640 2583 1689 2644 di-

326 2682 410 2736 recte
434 2675 545 2739 feriens
568 2675 669 2738 radios
693 2675 834 2738 demittet
857 2695 911 2756 per
934 2675 1064 2737 laminae
1084 2674 1273 2737 fenestellam
1300 2683 1331 2739 et
1354 2675 1490 2738 canalem
1515 2673 1546 2735 in
1566 2691 1688 2734 scenam

327 2763 416 2846 inque
439 2765 585 2828 tabellam
608 2765 797 2840 inferiorem,
822 2765 1039 2845 rotundamque
1063 2763 1180 2827 creabit
1203 2765 1334 2845 speciem
1358 2763 1525 2844 superficiei
1548 2762 1688 2824 illustra-

325 2859 377 2918 tae
401 2851 492 2936 (Cap.
517 2855 557 2930 ΙΙ,
583 2849 629 2930 8).
677 2855 737 2917 Ubi
768 2855 846 2916 banc
878 2852 1009 2939 speciem
1036 2853 1148 2915 videris
1179 2855 1309 2927 (radium
1333 2852 1551 2934 appellabimus
1575 2853 1683 2931 porro)

328 2961 402 3022 cape
426 2944 554 3024 primum
577 2945 688 3006 circino
713 2945 776 3024 ejus
800 2943 980 3006 diametrum
1003 2961 1092 3024 quam
1114 2951 1201 3023 potes
1225 2944 1399 3024 aptissime.
1432 2940 1494 3004 Sed
1519 2941 1588 3021 qnia
1612 2939 1687 3002 titu-

332 3030 415 3093 batio
439 3038 471 3093 te
494 3033 647 3113 impediet,
673 3032 794 3095 dimidio
819 3032 883 3113 ejus
907 3033 985 3113 quod
1004 3031 1113 3094 circino
1138 3033 1245 3112 cepisti
1268 3052 1307 3094 ex
1325 3039 1428 3095 centro
1443 3030 1576 3093 tabellae
1596 3030 1687 3109 (quae

337 3126 387 3181 est
411 3121 477 3185 loco
500 3121 643 3204 parietis)
677 3123 773 3185 scribe
807 3121 972 3198 circellum,
1007 3139 1101 3200 eoque
1129 3121 1257 3202 aliquem
1286 3121 1491 3202 angustiorem
1520 3119 1626 3198 exiguo
1655 3124 1688 3178 et

973 3229 1088 3273 rursum
1119 3209 1275 3285 laxiorem,
1309 3219 1496 3292 quotcunque
1528 3207 1585 3270 tibi
1614 3225 1688 3286 opns

972 3317 1040 3361 esse
1077 3299 1240 3378 putaveris.
1299 3300 1373 3362 Inde
1413 3297 1539 3378 explora
1573 3314 1689 3360 rursum

974 3407 1132 3468 quemnam
1165 3410 1203 3450 ex
1233 3389 1394 3470 descriptis
1426 3385 1555 3450 circellis
1587 3384 1690 3448 radius

974 3484 1093 3558 aequet.

1063 3563 1113 3628 Sit
1146 3582 1217 3644 ergo
1249 3565 1306 3628 AB
1343 3563 1565 3628 semidiameter
1604 3563 1691 3625 fene-

974 3655 1101 3729 stellae,
1126 3652 1186 3714 AK
1209 3653 1432 3716 semidiameter
1453 3653 1547 3728 radii,
1577 3659 1608 3714 et
1631 3651 1694 3714 sint

950 3825 952 3829 Ι
973 3742 1041 3820 ΚΟ,
1055 3743 1113 3804 BA
1127 3743 1280 3821 aequales.
1318 3743 1400 3824 Ergo
1414 3740 1472 3805 Ac
1488 3740 1580 3822 (Cap.
1596 3741 1639 3815 Π,
1655 3735 1691 3814 6)

882 3862 925 3945 2
974 3839 1023 3895 est
1046 3829 1211 3911 amplitudo
1241 3831 1351 3912 speciei
1380 3850 1434 3911 per
1456 3830 1576 3894 unicum
1602 3830 1691 3892 fene-

884 3900 897 3931 ''
930 3923 945 3969 ὓ
972 3921 1080 3985 stellae
1104 3928 1245 4000 punctum
1271 3921 1479 3985 descensurae.
1524 3918 1600 3983 Cum
1618 3937 1691 3982 vero

974 4010 1184 4074 extremitates
1199 4010 1275 4072 redii
1291 4019 1323 4073 et
1339 4009 1472 4090 corporis
1487 4007 1569 4072 Solis
1584 4009 1694 4072 iisdem

972 4100 1064 4164 rectis
1095 4105 1261 4179 tangantur
1293 4100 1378 4174 (nam
1409 4077 1463 4178 pei
1494 4095 1570 4180 Cap.
1599 4099 1629 4173 I,
1660 4094 1691 4161 4.

972 4189 1070 4251 lineae
1089 4187 1164 4250 lucis
1182 4194 1285 4250 rectae
1309 4189 1404 4262 sunt),
1424 4187 1527 4266 anguli
1549 4185 1643 4267 igitur
1662 4187 1694 4248 in

972 4283 1082 4360 puncto
1122 4277 1301 4340 fenestellae
1342 4275 1501 4357 imaginati
1542 4283 1614 4339 sunt
1654 4277 1694 4338 ad

973 4365 1100 4429 eundem
1133 4367 1277 4429 verticem
1316 4375 1349 4428 et
1389 4365 1542 4446 aequales.
1597 4363 1693 4428 Oculo

975 4455 1068 4536 igitur
1100 4455 1249 4518 collocato
1280 4457 1345 4518 loco
1379 4455 1558 4518 fenestellae
1589 4456 1693 4517 eodem

336 4547 447 4627 angulo
470 4551 503 4610 et
524 4543 581 4610 Ao
605 4547 685 4610 infra
706 4556 739 4610 et
761 4546 984 4612 semidiameter
1008 4541 1090 4606 Solis
1115 4563 1206 4625 snpra
1228 4551 1377 4607 cernetur.

427 4635 592 4699 Subtraota
614 4635 716 4719 itaque
739 4637 797 4699 AB
820 4638 869 4699 vel
894 4634 949 4699 CK
973 4633 1195 4700 semidiametro
1220 4651 1258 4696 ex
1273 4631 1334 4695 ΑΚ
1358 4633 1583 4696 semidiametro
1607 4632 1694 4708 radii,

341 4722 525 4805 relinquetur
546 4722 622 4802 Ao,
655 4744 819 4808 quaecum
844 4725 991 4788 distantia
1023 4721 1203 4785 tabellarum
1234 4721 1358 4820 exbibet
1389 4722 1531 4802 angulum
1559 4720 1694 4786 visionis.
