3700 5530
290 317 291 320 ,
374 273 439 344 66¹2
854 275 893 328 De
913 275 991 328 Stella
1009 275 1080 328 hlocs
1098 275 1249 342 Sarpsutaril

374 455 456 518 tione
487 453 652 517 vicinarum
674 425 849 528 stellarum
878 473 916 515 ex
945 451 1113 518 nominibus
1135 471 1225 536 porro
1254 429 1317 516 illis
1353 451 1503 533 susceptis
1541 458 1625 516 ortas
1659 469 1725 513 esse

376 544 497 608 fabulas
526 561 621 606 nouas
650 543 805 624 poeticas,
842 551 895 608 aut
928 552 1047 606 veteres
1081 542 1112 604 vi
1143 543 1272 625 quadam
1303 547 1473 624 pertractas
1505 541 1726 604 accommodari

374 633 510 715 coepisse
534 632 573 694 ad
596 639 739 714 suscepta
763 633 892 696 nomina.
939 635 974 696 Iu
997 631 1203 713 Serpeutario,
1226 631 1277 716 qui
1299 631 1464 714 hospitium
1485 631 1626 714 praebuit
1648 649 1725 691 novo

321 717 324 722 ’
373 721 475 798 sideri,
497 722 627 784 maxime
651 741 718 784 cum
741 722 811 784 oriri
834 721 940 804 incipit
963 723 1079 786 serenis
1103 729 1134 784 et
1156 721 1299 784 illuuibus
1322 721 1471 798 noctibus,
1496 718 1726 783 evidentissima

372 818 499 892 apparet
528 810 609 872 linea
638 811 794 880 stellarum
824 811 985 892 insignium
1018 808 1072 888 12,
1103 830 1179 894 quae
1204 811 1284 874 flexu
1314 812 1446 894 quodam
1475 809 1613 872 circulari
1644 809 1726 870 circa

276 945 277 956 ,
371 918 512 962 coronam
534 899 687 963 Ariadnes
708 900 796 982 quasi
819 899 901 963 circa
924 909 1057 964 centrum
1087 900 1165 963 inter
1191 901 1268 964 hanc
1292 907 1324 963 et
1346 901 1447 981 capita
1468 898 1609 962 Herculis
1633 907 1724 980 atque

372 987 523 1070 Ophiuchi
547 989 750 1052 circumducta
773 990 872 1052 stellis
894 991 1031 1072 quinque,
1055 997 1165 1073 postea
1179 989 1344 1054 reflectitur
1359 991 1514 1066 deorsum;
1538 988 1617 1051 binis
1634 995 1723 1068 atque

368 1075 448 1141 binis
479 1077 578 1158 stellis
608 1079 639 1141 in
663 1079 769 1141 eadem
798 1079 885 1160 quasi
913 1081 994 1144 linea
1022 1078 1180 1163 dispositis
1207 1079 1297 1142 valde
1334 1077 1489 1142 notabilis.
1532 1079 1657 1140 Illarum
1684 1072 1724 1138 12

313 1162 339 1242 ¹,
369 1167 468 1248 prima
489 1167 521 1228 in
544 1167 649 1230 tabula
671 1187 739 1230 mea
761 1168 863 1245 deest,
889 1169 1040 1232 brevitate
1064 1170 1129 1250 ejus
1152 1169 1291 1246 exclusa:
1321 1188 1397 1252 quae
1420 1169 1549 1230 refertur
1571 1161 1591 1228 b
1613 1165 1722 1228 Ptole-

367 1275 454 1320 maeo
477 1256 508 1320 iu
530 1255 696 1334 humerum,
720 1257 852 1320 secunda
875 1258 905 1319 in
927 1258 1045 1335 ulnam,
1073 1259 1165 1322 tertia
1187 1259 1217 1321 iu
1241 1257 1374 1324 cubitum
1400 1258 1540 1320 dextrum
1560 1254 1705 1320 Herculis
1712 1274 1722 1329 3

368 1364 445 1427 quae
468 1345 566 1408 minor
589 1346 699 1410 ceteris
722 1348 790 1428 ipsa
812 1355 913 1410 tamen
936 1347 1145 1428 dispositionis
1167 1347 1307 1412 circulari
1337 1346 1414 1410 serie
1442 1365 1536 1430 aeque
1559 1343 1723 1408 manifesta

368 1435 417 1498 lit:
442 1442 551 1516 quarta
573 1435 693 1498 demum
714 1435 885 1500 vindicatur
911 1438 1096 1519 temporibus
1119 1437 1293 1518 Serpentis3
1325 1436 1429 1522 quinta
1458 1433 1610 1498 eductioui
1633 1431 1720 1494 colli:

366 1532 456 1586 sexta
478 1523 509 1586 iu
532 1525 645 1588 reflexu
660 1524 818 1607 Serpentis
842 1533 904 1588 est:
929 1526 1059 1609 septima
1074 1533 1106 1589 et
1121 1533 1229 1590 octava
1244 1527 1429 1610 propinquae
1444 1525 1511 1588 loco
1526 1523 1720 1600 (Ptolemaeo

243 1611 247 1620 '
367 1632 448 1677 noua
471 1620 503 1677 et
516 1613 633 1678 decima
648 1613 821 1696 Serpentis)
845 1623 916 1698 squt
937 1616 968 1678 in
983 1615 1147 1698 Serpente:
1172 1635 1251 1678 noua
1266 1623 1298 1678 et
1313 1615 1429 1680 decima
1443 1614 1566 1696 propius
1586 1611 1722 1676 coierunt

368 1709 399 1765 et
422 1711 619 1768 accensentur
640 1704 742 1768 manui
766 1703 907 1767 sinistrae
930 1704 1133 1787 serpentarii:
1164 1705 1321 1768 undecima
1343 1713 1375 1769 et
1397 1703 1574 1768 duodecima
1597 1707 1668 1764 sunt
1690 1698 1721 1760 iu

366 1789 501 1873 genubus
534 1791 659 1856 sinistro
691 1799 723 1855 et
754 1793 861 1856 dextro
893 1794 1099 1878 Serpeutarii:
1137 1803 1208 1878 post
1238 1793 1445 1858 dinumeratas
1474 1793 1530 1855 has
1562 1789 1721 1854 duodecim

365 1881 474 1946 solitus
497 1899 563 1944 sum
587 1901 643 1962 ego
666 1881 892 1946 decimotertio
915 1884 982 1946 loco
1006 1904 1164 1948 numerare
1186 1885 1320 1960 Novam;
1346 1891 1378 1946 et
1400 1881 1455 1958 sic,
1477 1888 1640 1964 postquam
1662 1879 1718 1941 de-

367 1989 505 2034 crescere
527 1971 636 2053 coepit,
661 1972 693 2034 in
716 1971 781 2053 ejus
811 1981 967 2054 aspectum
993 1974 1139 2036 incidere:
1174 1981 1241 2036 erat
1269 1974 1348 2037 enim
1377 1973 1458 2036 linea
1487 1971 1569 2034 dicta
1596 1969 1720 2053 paulum

363 2059 537 2123 australior.

452 2149 520 2212 Hac
542 2149 678 2210 flexuosa
701 2155 733 2210 et
753 2167 808 2230 per
831 2170 864 2214 se
889 2149 1021 2214 evidenti
1043 2151 1138 2228 lines,
1161 2151 1341 2233 praesertim
1363 2169 1431 2214 cum
1453 2149 1548 2212 ardua
1570 2166 1609 2212 ex
1630 2145 1718 2210 hori-

362 2245 452 2303 zonte
482 2238 561 2315 exit,
592 2237 733 2300 existimo
763 2238 933 2303 admonitos
962 2248 1082 2304 veteres
1111 2240 1148 2302 de
1177 2240 1338 2304 simulacro
1362 2237 1511 2320 serpentis
1534 2235 1664 2300 surrecti
1687 2235 1718 2298 iu

361 2327 472 2390 altum:
505 2325 562 2392 Cui
591 2327 813 2390 succedentium
841 2348 913 2392 cura
935 2330 1123 2392 commodum
1145 2329 1263 2392 addidit
1285 2337 1316 2392 et
1337 2329 1453 2393 invenit
1474 2328 1637 2408 imaginem
1659 2325 1717 2388 ho-

361 2416 461 2480 minis.
507 2417 544 2480 lu
567 2435 681 2480 summo
715 2417 794 2480 enim
827 2418 918 2482 stella
948 2438 1059 2500 magua
1089 2426 1152 2496 est,
1184 2419 1276 2502 paulo
1309 2417 1432 2482 inferior
1462 2417 1561 2480 stellis
1594 2414 1716 2478 secundi

360 2505 502 2582 honoris:
523 2506 578 2569 suh
602 2525 661 2588 qua
685 2527 703 2568 a
725 2507 841 2569 dextris
865 2516 895 2571 et
918 2507 1051 2570 sinistris
1065 2509 1155 2572 binae
1171 2516 1202 2570 et
1218 2509 1304 2572 binae
1321 2507 1473 2590 subjectae
1490 2507 1591 2568 clarae
1608 2505 1716 2568 stellae

360 2597 491 2677 speeiem
513 2596 713 2672 humerorum,
737 2603 769 2658 et
783 2616 901 2660 rursum
915 2597 994 2660 aliae
1011 2598 1087 2660 duae
1103 2597 1273 2678 hujusmodi
1289 2597 1413 2679 copulae
1430 2594 1563 2678 speciem
1576 2611 1716 2658 manuum

361 2685 575 2750 conciliarunt:
600 2685 681 2766 qood
703 2685 822 2766 quidem
846 2688 999 2767 expressis
1022 2687 1123 2762 verbis
1144 2688 1261 2751 Aratus
1283 2685 1394 2750 innuit:

683 2816 767 2867 Toros
786 2813 815 2866 cl
832 2816 940 2889 arqalp
959 2811 1143 2889 ὑποκειμενοι
1161 2809 1263 2886 α’γλαοι
1282 2809 1356 2887 sipon

677 2885 821 2940 Eldovroc.
859 2891 958 2942 Κεινοι
978 2905 1011 2958 ys
1030 2906 1076 2940 aa:
1094 2882 1130 2942 ἄν
1148 2886 1281 2958 διχομηνι
1300 2889 1397 2960 ostorp

677 2951 812 3010 Edonroc
829 2961 969 3014 τελεθοιεν
982 2981 988 3012 :
1002 2953 1071 3028 drap
1087 2976 1168 3032 χερες
1185 2954 1202 3016 o’
1220 2961 1296 3030 peto
1313 2958 1372 3010 loos

678 3031 777 3096 Asnrq
795 3048 849 3103 γαρ
868 3048 900 3102 τῃ
920 3049 966 3083 :rue
984 3047 1016 3103 tq
1035 3028 1164 3091 Absurded
1182 3046 1253 3102 ομεν
1272 3031 1368 3100 α1γ1η;

677 3093 742 3152 'Acl'
761 3099 850 3173 ἒμπης
869 3097 994 3173 κᾴκειναι
1012 3099 1139 3171 ἔποψιαι,
1158 3048 1249 3173 15ch
1268 3099 1396 3171 ὲλαφραι,
1410 3097 1445 3164 ²¹)

448 3218 593 3282 Accessit
614 3220 702 3282 valde
726 3229 894 3302 opportuna
917 3223 1016 3286 dextri
1038 3223 1125 3304 pedis
1148 3222 1301 3303 effigiatio,
1324 3218 1451 3283 nitentis
1474 3216 1595 3298 digitis:
1626 3233 1716 3300 quam

362 3306 492 3388 effigiem
513 3307 702 3372 constituunt
724 3311 831 3372 stellae
855 3331 924 3388 sex,
952 3331 1028 3395 quas
1051 3320 1189 3376 numerat
1209 3312 1406 3376 Ptolemaeus
1432 3305 1482 3372 13.
1510 3301 1560 3369 14.
1588 3301 1637 3372 15.
1665 3299 1715 3368 16.

365 3394 415 3461 17.
444 3394 494 3474 18,
518 3395 625 3480 quibus
648 3399 779 3462 accessit
801 3399 899 3464 Noua.

450 3488 510 3551 Tot
531 3487 673 3552 memhris
701 3487 845 3552 inchoata
870 3490 989 3574 pictura
1016 3490 1075 3554 viri
1105 3497 1276 3572 serpentem
1303 3486 1441 3552 manibus
1474 3483 1623 3558 tenentis,
1657 3501 1717 3543 nou

360 3575 477 3654 mirum,
501 3577 528 3640 si
550 3584 659 3658 postea
680 3577 847 3642 absolutior
871 3588 920 3642 est
941 3580 1061 3643 reddita
1082 3579 1208 3644 arbitrio
1231 3586 1485 3652 astronomorum
1509 3570 1637 3636 adscitis
1661 3587 1715 3652 pro

361 3667 445 3749 spira
468 3674 500 3730 et
521 3667 618 3732 cauda
640 3667 799 3749 Serpentis
821 3669 922 3733 stellis
937 3670 1083 3751 pluribus,
1107 3689 1165 3731 uon
1188 3669 1233 3732 ita
1250 3666 1405 3730 manifesti
1427 3684 1481 3746 per
1505 3683 1537 3726 se
1560 3661 1635 3743 typi,
1661 3657 1714 3722 sed

361 3776 437 3839 quas
468 3756 562 3819 semel
592 3765 734 3839 suscepta
764 3776 802 3820 ex
830 3758 981 3840 prioribus
1012 3759 1111 3822 stellis
1141 3757 1316 3840 imaginatio
1344 3753 1555 3819 consecutione
1582 3749 1714 3833 quadam

359 3845 535 3910 necessaria
556 3845 727 3910 adsciscere
751 3847 917 3913 videbatur.
964 3851 1047 3912 Tunc
1070 3866 1109 3910 ex
1134 3844 1362 3911 renumeratis
1390 3841 1410 3908 3
1432 3843 1547 3926 primae
1575 3839 1714 3902 ademtae

361 3942 431 3999 suut
449 3935 589 4016 Serpeuti
613 3943 645 3998 et
666 3935 939 4028 traditaeflerculi
961 3937 1145 4018 ingeniculo;
1168 3945 1204 4001 ut
1225 3956 1262 4000 ue
1286 3955 1345 4019 qua
1362 3933 1402 3998 lis
1415 3931 1474 4016 ipsi
1498 3931 1626 3994 oriretur
1648 3945 1716 3990 cum

360 4023 508 4106 serpente
532 4024 570 4086 de
590 4025 697 4090 linibus
720 4045 796 4088 neve
818 4025 850 4089 in
864 4035 1024 4109 augustum
1047 4027 1074 4092 is
1097 4027 1292 4108 redigeretur.
1330 4025 1439 4108 Aequo
1459 4021 1559 4084 auimo
1582 4019 1715 4098 Serpens

359 4113 432 4205 hoc⁴
446 4114 587 4176 damnum
619 4115 697 4178 ferre
719 4115 827 4197 potuit,
858 4125 892 4180 ut
919 4117 967 4180 cui
989 4116 1020 4179 in
1042 4115 1317 4197 compensationem
1345 4112 1439 4176 cessit
1464 4110 1591 4193 pulchra
1620 4107 1715 4169 rictus

359 4202 525 4285 serpentini
548 4203 671 4284 effigies,
695 4223 772 4286 quae
796 4206 936 4269 consistit
958 4207 989 4269 iu
1012 4204 1112 4269 stellis
1136 4206 1232 4269 tribus
1249 4223 1340 4284 supra
1358 4209 1526 4283 temporum
1543 4205 1575 4261 et
1589 4193 1714 4276 originis

360 4292 432 4356 colli
460 4293 583 4370 stellas,
615 4293 790 4378 quibuscum
820 4295 897 4358 dirae
927 4304 1080 4359 extremae
1110 4299 1250 4378 (quarum
1277 4312 1354 4376 quae
1382 4289 1474 4355 altior
1496 4287 1606 4352 cecidit
1627 4293 1716 4347 extra

359 4382 473 4445 limites
487 4399 572 4444 meae
586 4383 723 4452 tabulae)
747 4385 912 4465 trapezium
928 4385 1123 4461 constituunt,
1147 4384 1239 4447 tertia
1253 4383 1283 4444 in
1299 4381 1429 4444 medium
1443 4386 1577 4460 recepta.
1612 4376 1713 4455 Aeque

358 4471 437 4536 banc
452 4472 607 4535 stellarum
631 4473 777 4554 incapite
794 4473 952 4556 Serpentis
976 4475 1205 4555 dispositionem
1227 4475 1395 4554 Bayerus
1418 4465 1561 4549 exprimit
1575 4463 1711 4547 egregie:

357 4562 458 4643 pictor
487 4579 560 4626 uero
583 4569 618 4624 ut
639 4562 811 4646 plerumque
844 4575 939 4628 artem
971 4567 1137 4627 ostentavit
1163 4563 1262 4628 alieno
1292 4561 1376 4636 loco,
1409 4558 1528 4622 oculum
1557 4555 1588 4618 in
1616 4555 1715 4616 locum

359 4651 518 4728 maxillae,
548 4651 678 4715 frontem
708 4652 740 4715 in
770 4651 868 4716 locum
896 4653 1013 4716 narium
1040 4655 1236 4717 transferens.
1283 4647 1404 4714 Similia
1427 4653 1459 4710 et
1479 4643 1660 4710 Mercatoris
1683 4647 1715 4700 et

360 4739 513 4822 Tychouis
534 4740 635 4822 globis
657 4742 858 4822 contigerunt.
903 4743 1048 4806 Accessit
1069 4741 1100 4806 in
1123 4741 1275 4827 Tychouis
1296 4737 1411 4804 Brahei
1432 4729 1712 4831 Progymnasmatis

361 4837 391 4892 et
413 4829 481 4905 hoc,
504 4829 584 4912 quod
606 4829 634 4893 is
657 4831 765 4894 stellas
788 4850 847 4896 uon
869 4833 958 4916 plane
973 4851 1041 4898 cum
1055 4834 1242 4908 Ptolemaeo,
1266 4827 1322 4895 sed
1343 4846 1382 4892 ex
1400 4826 1520 4910 pictura
1533 4825 1711 4886 Mereewffl
