3652 5532
368 281 432 352 tlt
840 288 880 340 n·
898 288 977 341 saus
994 288 1066 342 uas
1083 287 1232 354 sementen

367 471 504 522 torenton.
533 466 631 536 ltaque
651 471 682 520 et
701 481 790 538 aquae
811 467 972 522 &cedinus
991 483 1070 522 usum
1089 473 1119 522 et
1131 467 1280 540 imaginum
1294 473 1324 522 et
1336 466 1500 522 rotariorum
1514 471 1547 520 et
1558 481 1712 540 moran

367 553 397 600 et
417 561 557 602 cersonam
576 553 606 600 et
625 547 778 616 palmarum
799 553 829 601 et
848 555 1007 612 caurorum,
1030 565 1105 620 quae„
1120 548 1237 603 ecclesia
1256 555 1354 602 sancta
1374 548 1474 618 probat
1494 563 1527 602 ae
1547 547 1714 617 frequentat

368 625 529 696 neophytis,
554 642 687 697 perquam
711 633 873 697 oportunum
894 645 954 682 esse
976 629 1027 682 sibi
1052 630 1240 699 persuadeant
1264 629 1433 692 sacerdotes,
1456 633 1540 698 atque
1562 642 1600 701 ea
1620 627 1713 680 omnia

368 705 395 760 in
416 705 589 760 concionibus
608 705 788 777 popularibus
809 709 901 762 multis
916 708 1042 762 laudibus
1063 714 1273 781 prosequantur,
1294 715 1325 761 ut
1338 725 1387 778 pro
1402 707 1489 761 reteri
1510 707 1712 777 superstitione

366 785 443 846 noris
464 784 656 857 religionisque
676 785 763 858 signis
783 786 901 842 imbutos
923 787 1117 844 assuefaciant.
1145 790 1190 844 lta
1208 790 1302 844 lietut
1314 787 1471 842 melioribus
1492 793 1577 859 atque
1591 788 1711 858 elegan-

366 864 482 920 tioribus
504 867 645 936 occupati,
675 867 827 923 obsoletam
853 875 946 924 sectae
967 885 1033 923 auae
1060 869 1281 939 superstitionem
1304 870 1337 923 de
1361 867 1487 922 manibus
1506 869 1595 922 aede
1615 875 1713 921 mente

366 957 515 1025 deponant.
557 945 641 1007 Haec
664 945 806 1008 Acestes.
854 946 969 1019 Quodsi
999 947 1066 1028 quis
1093 947 1157 1027 jam
1187 949 1467 1010 Mahumctanorum
1488 953 1520 1008 et
1545 946 1712 1026 praecipue

364 1033 550 1096 Judacorum
573 1033 683 1110 studia,
706 1033 754 1097 his
777 1036 917 1098 Indorum
940 1055 956 1097 e
979 1036 1124 1098 diametro
1148 1037 1299 1100 contraria
1325 1035 1533 1117 perpenderit:
1560 1035 1589 1097 is
1617 1035 1713 1096 facilc

365 1121 533 1198 concludet,
557 1122 715 1186 contrariis
738 1125 830 1186 etiam
848 1125 988 1188 remediis
1011 1124 1169 1188 invitatum
1184 1127 1239 1203 iri3
1262 1124 1436 1207 acproinde
1459 1123 1596 1205 exemplo
1616 1141 1714 1204 supra

365 1209 446 1273 dicto
472 1211 640 1275 Gothorum
672 1212 814 1275 facillime
845 1215 972 1277 omnium
1003 1214 1042 1276 ad
1071 1214 1319 1290 antitrinitarios,
1351 1222 1423 1295 post
1449 1213 1489 1275 ad
1518 1211 1712 1288 Amauoa‘)

366 1307 430 1362 tum
453 1300 492 1362 ad
515 1301 651 1364 saniores
674 1309 778 1365 coetus
799 1302 1046 1380 Christianorum,
1070 1303 1198 1366 maxime
1222 1303 1320 1385 siper
1341 1323 1396 1366 uos
1419 1301 1605 1365 ceremonias
1630 1301 1713 1382 legis

365 1407 438 1451 suae
470 1389 599 1452 retinere
621 1400 748 1471 possent
770 1391 815 1465 (l.
841 1391 910 1456 Cor.
936 1392 966 1469 7,
988 1411 1069 1455 vers.
1095 1392 1194 1457 17'in
1214 1389 1282 1468 24),
1305 1391 1422 1455 traduci
1452 1409 1559 1473 posse:
1592 1391 1633 1452 ad
1655 1391 1714 1452 illa

364 1495 436 1542 vero
460 1477 543 1541 Indis
565 1480 721 1561 proposita
742 1482 875 1544 remedia
895 1483 947 1543 vix
968 1501 1097 1563 unquam
1119 1489 1324 1562 perventuros.
1361 1481 1442 1554 Quid
1466 1481 1494 1542 si
1517 1498 1590 1560 ergo
1611 1481 1713 1554 Deus,

364 1567 414 1629 ubi
438 1567 597 1630 convenire
620 1588 675 1631 nos
697 1570 847 1652 Europaei
869 1591 929 1633 nou
950 1590 1111 1652 possumus
1135 1571 1330 1653 expertibus
1358 1579 1515 1651 tantopere
1538 1569 1713 1649 confligen-

364 1655 466 1732 tibus,
499 1657 612 1721 alteros
636 1659 676 1720 ad
696 1659 803 1734 Indos,
838 1660 950 1722 alteros
974 1660 1013 1722 ad
1036 1663 1149 1723 lhrcas
1181 1659 1321 1740 ableget,
1353 1660 1409 1738 vel,
1427 1659 1493 1739 jam
1522 1665 1594 1720 ante
1625 1667 1713 1720 certo

365 1745 492 1807 consilio
526 1754 667 1830 utrosque
704 1757 898 1812 conservatos
934 1749 1047 1812 alteros
1079 1751 1118 1811 ad
1153 1750 1354 1826 occidentem,
1392 1748 1506 1810 alteros
1538 1747 1639 1828 magis
1672 1747 1714 1808 ad

365 1834 510 1898 orientem
533 1836 703 1913 collocavit,
726 1845 760 1899 ut
773 1839 848 1900 locis
868 1837 983 1900 divisae
1006 1839 1134 1902 invicem
1154 1839 1291 1901 mordere
1307 1845 1338 1900 et
1352 1855 1525 1900 consumere
1548 1837 1714 1911 desinaut;

365 1932 396 1986 et
418 1925 570 2006 quaelihet
592 1925 618 1988 si
632 1944 692 1989 nou
708 1927 764 1989 sibi
788 1927 897 1990 saltem
919 1927 1058 2008 gentibus
1073 1927 1111 1990 ab
1127 1927 1256 1990 ecclesia
1277 1927 1397 2009 penitus
1420 1927 1527 1988 alienis
1549 1926 1715 2007 proficiat?

452 2014 522 2077 Jam
544 2015 624 2097 quod
654 2015 765 2078 attinet
795 2015 942 2079 factiones
966 2016 1206 2080 Christianorum
1227 2017 1305 2079 inter
1328 2034 1377 2091 se,
1409 2016 1531 2096 longum
1562 2025 1653 2078 esset
1674 2033 1715 2077 ex

362 2102 549 2184 Apocalypsi
570 2105 608 2166 D.
632 2105 779 2180 Joannis,
810 2125 848 2167 ex
874 2106 1021 2186 propheta
1042 2106 1187 2182 Daniele,
1220 2125 1258 2167 ex
1287 2106 1370 2168 vitae
1394 2104 1509 2169 Christi
1532 2104 1713 2168 Servatoris

364 2191 532 2271 aenigmate
555 2193 700 2272 proferre,
723 2194 794 2277 quid
817 2193 950 2277 quaeque
972 2214 1026 2277 pro
1050 2216 1083 2258 se
1098 2195 1248 2277 disputet:
1273 2194 1418 2278 quomodo
1441 2211 1582 2256 numeros
1605 2194 1641 2257 in
1663 2194 1713 2256 his

363 2280 531 2364 prophetiis
563 2301 724 2364 expressos
756 2285 924 2364 applicent3
954 2285 1100 2367 quomodo
1131 2284 1353 2348 Antichristum
1374 2304 1394 2346 a
1417 2281 1540 2347 Christo
1564 2290 1599 2344 et
1620 2285 1713 2364 Apo-

366 2370 454 2433 stolis
485 2370 671 2450 praedictum
702 2371 790 2434 alteri
813 2374 909 2436 adhuc
933 2381 1124 2454 exspectent,
1157 2374 1245 2436 alteri
1270 2374 1335 2454 jam
1364 2373 1712 2436 venisse-contendant.

363 2459 508 2540 Utrisque
532 2479 604 2522 sane
628 2461 759 2542 suspicio
783 2461 884 2544 aliqua
899 2482 937 2525 ex
952 2462 1008 2525 hac
1028 2464 1118 2526 stella
1133 2462 1261 2526 suboriri
1283 2462 1399 2544 possit3
1423 2460 1495 2536 illis,
1509 2461 1713 2536 Antichristi‚

364 2549 413 2612 his
445 2548 540 2630 ipsius
562 2549 679 2613 Judicis
711 2551 846 2614 vivorum
869 2558 900 2614 et
925 2559 1110 2615 mortuorum
1140 2551 1331 2614 imminentis.
1377 2552 1419 2613 Et
1444 2549 1514 2631 qnia
1537 2549 1714 2613 Christiani

364 2646 472 2720 poetae
495 2639 693 2702 traduxerunt
723 2641 849 2722 effigiem
870 2641 1057 2723 Serpentarii
1079 2642 1118 2703 ad
1140 2641 1215 2704 illud
1246 2659 1347 2704 semen
1373 2639 1523 2714 mulieris,
1547 2647 1714 2701 conterens

365 2734 456 2810 caput
486 2727 651 2808 serpentis:
681 2730 805 2793 rideant
830 2731 921 2812 igitur
950 2750 1074 2813 quorum
1095 2730 1171 2792 haec
1193 2738 1241 2792 est
1261 2729 1427 2811 professio,
1456 2727 1605 2810 quomodo
1631 2748 1715 2791 nora

365 2816 441 2879 haec
469 2817 657 2900 stella'pedi
686 2819 752 2900 ejus
781 2821 942 2901 posteriori
970 2838 1025 2901 pro
1055 2819 1176 2882 stimulo
1209 2819 1314 2882 addita
1346 2818 1527 2898 allegatione
1556 2817 1714 2879 dictorum

365 2907 553 2988 Scripturas,
576 2909 756 2990 pracsertim
776 2911 903 2990 Apoeal.
932 2907 982 2971 12.
1008 2916 1040 2971 et
1062 2907 1114 2976 20.
1137 2908 1260 2991 pulchre
1284 2908 1428 2990 explicari
1450 2906 1568 2988 possit;
1598 2907 1718 2970 sufficit

365 3015 527 3059 monursse.

454 3084 543 3157 Quod
565 3084 657 3166 igitur
679 3086 789 3148 attinet
812 3086 974 3149 salutarem
997 3085 1083 3148 illum
1106 3085 1299 3168 omnibusque
1321 3104 1392 3148 vere
1416 3083 1600 3148 Christianis
1624 3084 1715 3147 desi-

366 3173 586 3238 deratissimum
619 3183 651 3237 et
687 3176 885 3238 certissimum
922 3177 1084 3237 adventum
1115 3175 1236 3239 Domini
1272 3175 1369 3237 nostri
1403 3175 1479 3236 Jesu
1514 3173 1636 3237 Christi
1674 3175 1715 3236 ad

364 3262 516 3327 Judicium
540 3272 571 3326 et
593 3265 877 3328 consummationem
899 3265 1009 3328 seculi:
1034 3264 1281 3347 quemadmodum
1300 3262 1393 3345 aliqui
1415 3263 1564 3344 trigonum
1589 3263 1715 3343 igneum

367 3352 542 3414 redeuntem
573 3353 639 3433 ejus
669 3354 786 3432 signum
812 3373 880 3418 esse
908 3353 1061 3430 dixerunt,
1094 3361 1241 3434 utsupra
1268 3353 1398 3415 dictum:
1423 3351 1467 3413 ita
1488 3370 1547 3414 non
1571 3353 1713 3428 deerunt,

366 3440 416 3523 qui
449 3441 569 3503 stellam
599 3441 677 3503 hanc
709 3443 843 3522 ejusdem
872 3443 987 3506 iaciant
1013 3443 1242 3525 praenunciam3
1275 3441 1441 3504 confirmati
1467 3440 1522 3502 illa
1552 3459 1714 3522 magorum

367 3530 473 3604 stella,
503 3549 579 3613 quae
609 3531 736 3612 primum
768 3533 883 3596 Christi
912 3533 1074 3595 adventum
1104 3539 1321 3614 praecesserat.
1368 3532 1502 3604 Quorum
1533 3531 1715 3611 religiosum

366 3621 506 3682 affectum
527 3620 626 3683 minus
653 3639 725 3682 saue
754 3611 955 3703 reprehendo,
985 3641 1073 3704 quam
1101 3621 1234 3702 priorum
1261 3621 1380 3683 illorum
1412 3619 1636 3696 curiositatem,
1662 3621 1715 3702 qui

366 3729 431 3774 rem
454 3709 531 3772 citra
553 3709 788 3772 controversiam
818 3710 984 3774 naturalem
1007 3709 1125 3772 adhoc
1149 3709 1375 3790 supernaturale
1398 3727 1473 3790 opus
1495 3709 1714 3772 accommoda-

364 3797 447 3862 bant
487 3798 549 3863 Cur
571 3798 649 3862 enim
671 3799 887 3880 reprehendam
909 3820 972 3877 eos,
996 3799 1046 3882 qni
1062 3797 1217 3862 Christum
1229 3799 1390 3862 Dominum
1412 3797 1575 3873 imitantur,
1594 3799 1713 3878 juben-

364 3897 426 3952 tem
449 3908 521 3952 suos
543 3889 697 3952 auditores
727 3889 868 3970 vigilare,
898 3889 977 3971 qu‘od
999 3889 1137 3952 nesciant
1158 3908 1217 3970 qua
1239 3887 1315 3950 hora
1340 3895 1484 3951 venturus
1507 3887 1561 3962 sit,
1594 3889 1648 3969 qui
1672 3889 1715 3950 ad

367 3997 453 4042 omne
469 3977 587 4060 signnm
604 3977 748 4054 coeleste,
770 3986 923 4054 terrestre,
946 3980 1027 4060 quod
1039 3977 1191 4040 hominum
1206 3977 1323 4040 animos
1345 3977 1536 4040 vehementer
1556 3975 1713 4057 percellit,

370 4067 541 4150 exspectari
564 4067 601 4130 ah
623 4067 791 4131 hominibus
813 4068 918 4143 voluit,
940 4068 1000 4149 piis
1022 4076 1057 4130 ut
1077 4066 1230 4140 liberator,
1252 4066 1378 4129 nefariis
1398 4074 1434 4129 nt
1449 4085 1572 4130 severus
1590 4066 1715 4146 judex?

365 4157 409 4220 Et
429 4165 531 4220 nmen
552 4157 662 4220 alicubi
684 4165 801 4238 tempus
824 4156 947 4238 aliquod
968 4157 1128 4236 interjecit,
1152 4157 1240 4236 signa
1257 4156 1368 4237 posuit,
1391 4163 1461 4218 ante
1483 4173 1559 4236 quae
1581 4174 1645 4218 non
1668 4155 1714 4217 sit

366 4247 424 4310 hoc
447 4248 586 4310 laturum.
634 4246 723 4318 Quod
745 4254 900 4328 utrumqne
927 4245 1062 4308 imitatus
1085 4253 1133 4308 est
1153 4247 1191 4308 D.
1216 4245 1345 4320 Paulus,
1372 4246 1505 4325 gentium
1525 4244 1711 4326 Apostolus.

365 4337 429 4402 Sed
450 4344 553 4401 umen
582 4335 712 4400 monitos
739 4335 808 4398 volo
839 4335 1041 4411 considerent,
1072 4356 1132 4399 uon
1159 4336 1248 4416 plane
1281 4343 1396 4397 certum
1418 4353 1486 4396 ease
1514 4353 1585 4396 uum
1616 4333 1714 4396 stella

365 4425 441 4489 haec
464 4427 506 4489 sit
527 4445 602 4509 opus
623 4433 750 4487 naturae
776 4426 858 4500 (cum
880 4419 946 4506 jam
973 4425 1087 4506 aliquot
1117 4424 1288 4504 hujusmodi
1319 4423 1444 4498 fuerint)
1467 4443 1507 4486 an
1528 4421 1626 4503 ipsius
1649 4424 1711 4486 Dei

366 4515 586 4590 immediatum,
615 4513 660 4578 uti
691 4533 782 4594 supra
813 4514 933 4577 dictum.
979 4516 1084 4596 ltaque
1111 4513 1258 4592 judicium
1285 4531 1322 4575 ne
1351 4512 1567 4593 praecipitent,
1597 4519 1630 4574 et
1659 4513 1712 4575 bic

368 4603 522 4669 Christum
543 4603 654 4667 imitati
676 4622 743 4666 cum
764 4603 933 4685 Apostolis.
977 4603 1094 4665 Deinde
1116 4611 1185 4664 utar
1211 4609 1387 4682 argumento
1409 4601 1561 4684 'lychcnis
1582 4601 1710 4664 Brahei.

455 4761 484 4836 ⁸)
503 4764 596 4822 Rahhi
614 4765 719 4836 Joseph
739 4765 822 4830 Alba,
843 4765 917 4820 cirea
936 4779 1035 4819 unum
1055 4763 1157 4820 Christi
1181 4763 1266 4820 1425.
1286 4762 1439 4834 composuit
1457 4763 1559 4820 turum
1571 4761 1712 4830 Rhasum.

370 4845 417 4916 qui
434 4846 535 4902 multos
555 4847 591 4901 ad
610 4844 794 4902 Δήιιίιιιιιιω
812 4844 951 4917 perduxit
