3700 5530
364 291 433 360 642
845 289 885 340 De
904 286 983 340 Stella
999 285 1073 339 Nora
1090 285 1241 353 serpentarii

371 493 408 536 ex
432 472 491 536 situ
515 471 626 533 Terrae
649 469 688 530 ad
711 467 797 530 binos
820 468 961 548 planetas
984 465 1124 538 resultet,
1152 466 1208 527 hoc
1238 464 1352 545 ipsum,
1378 461 1514 544 inquam.
1545 461 1620 524 mihi
1643 461 1729 524 mam

368 561 548 626 monstravit
571 559 608 620 ad
633 558 715 621 illam
737 558 906 632 veritatem,
932 577 991 637 que
1006 557 1042 618 de
1057 556 1160 628 modo;
1184 555 1261 635 quod
1276 551 1393 614 scilicet
1405 551 1593 632 principatus
1611 570 1730 618 causae

365 653 395 714 iu
419 653 513 713 Terra
536 649 655 722 sedeat,
689 665 747 708 uon
771 646 800 709 in
824 646 955 728 planetis
978 645 1070 725 ipsis,
1094 643 1230 725 quodque
1258 641 1319 704 ista
1337 641 1495 702 commotio
1519 649 1648 704 naturae
1671 642 1733 702 liat

366 759 440 802 ase
463 739 531 818 ipsa
552 737 670 816 potius,
704 743 827 815 propter
858 735 1085 816 impressionem
1116 741 1307 811 aspectuum,
1339 747 1374 790 eo
1406 731 1494 791 modo
1528 748 1586 810 quo
1615 749 1731 792 sensus

365 828 516 909 particeps
549 825 660 887 animal
694 825 732 886 ad
766 843 886 886 sensum
918 841 1016 886 rerum
1047 831 1238 884 externarum
1261 827 1492 881 commoveatur.
1539 820 1620 882 Nam
1645 818 1731 898 quod

363 917 454 980 Picus
478 935 515 976 ex
538 915 656 976 Plotino
680 914 825 989 inculcat,
857 931 914 974 non
943 931 1033 992 posse
1053 911 1154 972 radios
1182 911 1266 972 coelo
1289 908 1442 988 profectos
1466 907 1494 970 io
1518 908 1623 971 Terris
1647 907 1730 970 mis-

365 1005 435 1080 ceri,
459 1014 494 1066 ut
517 1021 596 1065 nova
617 1004 714 1064 virtus
738 1012 790 1064 aut
813 1003 910 1063 forma
932 999 1099 1080 proveniat,
1124 1000 1154 1062 id
1179 1000 1316 1080 equidem
1340 997 1479 1058 tenebam
1503 1009 1608 1072 antea,
1635 1004 1730 1059 tene-

364 1095 434 1157 bam
458 1100 490 1154 ct
512 1091 601 1166 illud,
631 1091 741 1166 videri,
775 1091 886 1153 rectius
911 1099 942 1152 et
965 1089 1088 1170 propius
1111 1089 1229 1151 misceri
1253 1105 1360 1167 posac,
1395 1086 1443 1166 qui
1474 1105 1494 1147 a
1520 1086 1731 1166 junctionibus

366 1189 561 1265 promanent;
585 1191 649 1243 turu
674 1189 774 1243 eutem
798 1197 917 1259 semper
940 1175 1059 1240 misceri
1082 1177 1194 1254 radios,
1219 1174 1336 1238 etiamsi
1368 1193 1426 1236 non
1450 1193 1569 1254 semper
1584 1175 1613 1236 iu
1629 1176 1733 1255 figura

366 1271 518 1352 triangula
541 1272 590 1332 vel
613 1271 797 1348 sexangula:
832 1268 958 1348 denique
992 1267 1020 1328 iu
1054 1267 1120 1347 ipso
1151 1265 1283 1328 naturali
1311 1281 1450 1344 corpore,
1485 1263 1535 1326 ubi
1558 1265 1731 1326 miscentur

365 1361 454 1433 radii,
478 1360 656 1422 cotuutibus
680 1359 719 1420 ad
742 1365 885 1438 punctum
908 1357 1011 1430 radiis,
1035 1357 1160 1436 liguram
1175 1373 1291 1417 omnem
1307 1372 1500 1416 evanescere:
1525 1353 1602 1414 haec
1627 1354 1731 1414 omnia

368 1450 529 1530 diligenter
551 1447 783 1528 perpendebam.
830 1447 936 1524 Neque
961 1455 1059 1507 tamen
1083 1446 1140 1506 hae
1171 1454 1218 1506 tot
1246 1443 1380 1505 rationes
1403 1443 1558 1504 confutare
1581 1451 1731 1522 poterant

369 1537 568 1602 clarissimam
599 1537 828 1616 experientiam.
863 1553 938 1614 quae
972 1535 1156 1607 testabatur,
1191 1540 1262 1594 tunc
1294 1530 1481 1613 potissimum
1512 1550 1601 1593 omne
1629 1550 1729 1612 genus

366 1635 565 1690 meteororum
599 1626 745 1700 existere,
788 1642 852 1686 cum
884 1624 1024 1704 planetae
1053 1634 1157 1684 esseut
1188 1621 1361 1702 aspectibus
1393 1620 1585 1700 configurati:
1619 1635 1730 1684 contra

366 1725 439 1780 tunc
463 1715 594 1794 quietem
618 1715 698 1776 atris
721 1713 919 1793 potissimum,
943 1731 1009 1774 cum
1031 1711 1104 1775 nulli
1129 1721 1270 1791 aspectus
1292 1710 1340 1771 vel
1364 1709 1603 1790 conjunctiones:
1629 1729 1729 1792 neque

367 1812 489 1868 tantum
512 1804 538 1867 si
561 1803 745 1884 corporibus,
771 1803 824 1864 sed
848 1801 939 1863 etiarn
963 1802 989 1865 ei
1012 1801 1196 1879 sexangulae
1212 1800 1260 1860 vel
1279 1799 1444 1880 quadratae
1459 1799 1627 1861 distantiae
1652 1819 1727 1880 pro-

366 1894 557 1976 pinquarent,
583 1893 644 1954 iste
666 1892 739 1962 fieri,
764 1909 857 1971 esque
881 1890 980 1952 subito
1001 1890 1040 1951 ad
1054 1890 1137 1970 ipsos
1152 1897 1326 1968 aspectuum
1345 1887 1503 1963 articulos;
1527 1908 1596 1952 cum
1620 1888 1729 1951 diebus

368 1983 513 2066 proximis
544 1991 615 2045 aute
643 1989 783 2060 retroque
810 1981 935 2042 effectus
964 1988 1130 2041 cessarent.
1176 1979 1326 2057 Expertus
1359 1985 1407 2040 est
1433 1977 1512 2040 idam
1539 1978 1571 2039 in
1600 1987 1729 2058 aspectu

368 2073 514 2155 quadrato
540 2070 703 2133 Joiraneus
726 2067 859 2132 Offucins
887 2072 921 2138 (v.
940 2075 960 2136 1,
987 2073 1060 2143 ³71),
1090 2068 1251 2130 acerrimus
1281 2075 1454 2148 aspectuum
1483 2065 1582 2130 hostis
1605 2077 1731 2147 praeter

368 2160 608 2240 conjunctionem
633 2167 664 2220 et
687 2158 921 2240 oppositionem,
950 2175 1025 2236 quas
1047 2158 1177 2238 putabat
1199 2176 1232 2220 se
1257 2156 1296 2218 ad
1320 2175 1428 2219 causas
1451 2157 1729 2220 reverberationum

308 2319 312 2323 ,
368 2249 521 2313 retulisse.
568 2250 612 2311 nt
635 2248 735 2310 faesus
759 2255 808 2309 est
830 2246 1069 2310 imbecillitatem
1097 2265 1169 2308 errae
1203 2245 1403 2320 ratiunculae,
1435 2245 1516 2308 eirca
1545 2247 1728 2326 quadratum

369 2347 525 2419 aspectum
557 2336 762 2418 experientiae
796 2337 914 2398 cedens.
941 2335 1090 2421 ¹Propter
1122 2336 1197 2397 haee
1229 2335 1331 2415 itaque
1364 2334 1520 2418 dicendum
1553 2343 1635 2410 erat,
1669 2355 1727 2396 non

368 2428 491 2504 stellas,
526 2445 584 2489 nou
609 2427 739 2506 ipsarum
763 2425 864 2486 radios
887 2444 942 2505 per
969 2445 1051 2500 sese,
1085 2443 1139 2486 nec
1171 2424 1253 2502 ipsas
1284 2425 1359 2486 adeo
1392 2423 1661 2504 configurationes,
1692 2435 1725 2487 ut

369 2536 445 2599 quae
468 2515 631 2581 relationes
656 2522 768 2591 esseut,
792 2513 853 2574 ista
877 2514 994 2576 efficere
1018 2515 1117 2586 aliter,
1140 2513 1197 2576 nisi
1220 2514 1275 2576 sub
1297 2514 1412 2575 ratione
1432 2513 1555 2594 objecti;
1580 2533 1724 2594 praeesse

368 2625 441 2668 vcro
464 2606 554 2668 rebus
577 2604 755 2685 petibilibus
780 2605 828 2677 (ut
850 2602 1022 2666 humoribus
1045 2605 1076 2664 in
1099 2603 1188 2682 globo
1212 2603 1357 2676 Telluris)
1381 2604 1556 2665 facultatem
1582 2603 1723 2685 aliquam,

369 2714 444 2778 quae
461 2694 574 2758 atinde
589 2695 701 2773 figuras
716 2691 915 2756 radiationnm
938 2701 1044 2772 posset
1065 2691 1219 2775 percipere
1243 2700 1274 2754 et
1289 2692 1461 2766 aestimare,
1485 2701 1516 2754 et
1530 2692 1601 2754 hinc
1616 2713 1724 2774 corpus

370 2803 455 2846 suum
478 2786 592 2864 impetu
617 2783 745 2862 quodam
768 2791 927 2844 concutere
951 2801 1004 2844 seu
1027 2782 1184 2857 movendo,
1209 2780 1235 2843 si
1258 2790 1342 2844 esset
1365 2783 1494 2844 facultas
1518 2783 1647 2852 motrix,
1673 2805 1724 2844 seu

370 2873 557 2936 calfaciendo
580 2872 778 2952 humoresque
798 2869 995 2944 sublimando,
1019 2871 1045 2933 si
1064 2871 1121 2933 hoc
1140 2871 1270 2933 muueris
1286 2878 1368 2933 esset
1382 2872 1508 2933 sortita:
1534 2891 1594 2951 qua
1608 2873 1723 2935 ratione

369 2964 492 3024 inventa
515 2962 670 3023 solvuntur
694 2961 803 3032 omnia,
827 2979 902 3040 quae
917 2961 1008 3023 Picus
1033 2969 1139 3022 contra
1157 2968 1300 3041 aspectus
1320 2979 1357 3021 ex
1377 2961 1568 3041 philosophia
1582 2962 1722 3044 deprom-
1816 2963 1817 3035 l

371 3051 413 3113 sit
435 3069 547 3130 nosque
572 3048 876 3112 commemoravimus.

460 3137 523 3200 Sed
554 3138 641 3218 hujus
672 3139 827 3200 facultatis
861 3139 1078 3200 facultatumve
1110 3146 1220 3200 natura
1251 3138 1349 3217 magis
1378 3138 1497 3216 patebit
1524 3157 1562 3201 ex
1593 3159 1723 3220 sequen-

371 3225 463 3290 tihus.
509 3227 589 3289 Nam
613 3226 649 3288 de
677 3246 799 3289 numero
829 3235 1004 3308 aspectuum
1027 3226 1117 3290 Picus
1147 3228 1384 3290 controversiam
1404 3245 1525 3288 movens
1551 3229 1721 3310 astrologis,
1815 3239 1816 3242 ’

372 3326 549 3394 argumenta
571 3316 664 3376 etiam
688 3325 794 3378 contra
818 3335 879 3378 rem
902 3317 998 3396 ipsam
1022 3316 1134 3396 dirigit.
1180 3315 1310 3378 Primum
1334 3318 1448 3380 refutet
1471 3317 1604 3378 rationes
1623 3329 1723 3381 esuu-

370 3404 516 3482 logorum,
540 3421 614 3482 quas
639 3404 677 3465 ab
701 3404 835 3484 aliquota
857 3405 958 3467 circuli
981 3413 1069 3486 parte
1094 3406 1254 3468 deducunt.
1301 3403 1382 3470 Sane
1406 3405 1455 3467 hic
1472 3405 1545 3469 Pico
1564 3409 1721 3481 assentior,

372 3511 495 3555 causam
519 3510 586 3554 esse
610 3491 847 3569 insufficientem,
872 3494 931 3556 etsi
954 3495 993 3555 ad
1016 3494 1175 3557 veritatem
1199 3494 1317 3558 alludit.
1362 3496 1442 3558 Nam
1462 3507 1637 3576 aspectuum
1658 3505 1722 3560 octo

371 3580 492 3661 recipio,
517 3580 544 3642 si
567 3581 736 3660 conjunctio
761 3590 1000 3658 connumeretur,
1026 3583 1179 3656 sextilem,
1203 3583 1365 3663 quintilem,
1391 3585 1578 3666 quadratum,
1605 3586 1722 3661 trinum,

371 3670 572 3752 biquintileru,
607 3671 818 3749 sesquadrum,
849 3672 1029 3752 oppositum.
1076 3673 1184 3752 Itaque
1214 3673 1271 3735 etsi
1300 3673 1555 3752 duodecangulum
1580 3693 1634 3737 seu
1659 3673 1723 3740 30⁰

370 3779 442 3843 pars
466 3767 515 3821 est
537 3757 694 3839 multiplex
717 3760 828 3836 circuli,
854 3779 911 3822 nou
935 3769 1106 3823 esttamen
1131 3771 1282 3844 aspectus.
1330 3759 1445 3826 Contra
1471 3756 1556 3825 ow
1575 3765 1623 3826 vel
1642 3762 1722 3828 135ο

371 3856 527 3931 aspectum
548 3847 670 3922 faciunt,
696 3868 762 3912 cum
784 3867 856 3929 pars
880 3849 981 3912 circuli
1004 3850 1162 3931 multiplex
1184 3870 1242 3912 non
1266 3851 1327 3913 sint
1349 3851 1402 3914 sed
1426 3853 1662 3933 superpartiens.

460 3937 599 4000 Alteram
631 3957 753 4001 causam
783 3940 976 4002 Ptolemaeus
1000 3959 1037 4000 ex
1060 3939 1226 4019 geometria
1247 3941 1338 4020 petit,
1371 3942 1456 4022 cujus
1486 3943 1562 4004 haec
1591 3943 1656 4004 fere
1678 3951 1723 4004 est

373 4027 540 4091 sententia:
565 4028 634 4089 illas
657 4029 906 4108 configurationes
930 4049 997 4090 esse
1021 4030 1167 4103 efficaces,
1193 4049 1268 4111 quae
1292 4031 1399 4110 angulo
1419 4031 1641 4094 constituuntur
1660 4032 1720 4104 tali,

372 4117 422 4181 ubi
445 4117 533 4192 linea,
559 4135 634 4197 quae
659 4136 759 4179 arcum
782 4119 883 4197 anguli
906 4137 1073 4180 mensorem
1097 4119 1264 4195 subtendit,
1289 4127 1390 4182 certae
1412 4122 1492 4201 parti
1517 4120 1552 4181 de
1577 4122 1720 4185 diametro

373 4207 466 4270 totius
493 4205 596 4267 circuli
626 4215 771 4286 aequatur
800 4207 847 4268 vel
877 4207 1062 4286 longitudine
1090 4209 1137 4269 vel
1164 4209 1310 4290 potentia.
1357 4207 1497 4272 Suboluit
1519 4227 1624 4290 nempe
1650 4211 1719 4272 Pto·

373 4296 498 4370 lemaeo,
524 4294 647 4356 subesse
672 4295 795 4358 altiores
819 4295 961 4370 rationes,
987 4313 1074 4376 quam
1098 4305 1168 4358 sunt
1187 4297 1244 4360 hee
1259 4317 1296 4360 ex
1310 4317 1465 4380 corporum
1484 4307 1517 4360 et
1534 4308 1719 4362 contactuum

373 4393 483 4447 natura
506 4379 721 4458 derivatae.¹¹)

461 4473 520 4535 Hic
543 4473 679 4553 increpat
692 4473 783 4535 Picus
795 4468 1002 4533 Ptolemaeum
1025 4489 1063 4533 ex
1085 4471 1263 4545 Aristotele,
1287 4477 1364 4558 quod
1383 4495 1432 4538 res
1450 4477 1592 4560 physicas
1612 4485 1719 4540 tractet

375 4561 587 4624 mathematice
617 4569 649 4623 et
678 4581 715 4624 ex
737 4560 839 4641 figuris
863 4559 1051 4638 geometricis
1083 4563 1284 4642 proprietates
1315 4568 1445 4630 deducat
1476 4585 1573 4630 rerum
1596 4575 1716 4629 natura-

376 4651 456 4712 lium.
502 4649 562 4720 At.
587 4669 604 4711 o
627 4651 716 4723 Pice,
744 4651 872 4713 multum
893 4648 1020 4710 interest
1043 4669 1101 4729 qua
1124 4653 1190 4733 quis
1213 4655 1244 4718 id
1267 4656 1383 4718 ratione
1408 4656 1509 4719 faciat.
1553 4655 1590 4718 Si
1612 4657 1716 4736 figuras

378 4737 560 4800 architectos
582 4741 765 4815 constituas,
795 4739 888 4802 stulte
911 4737 1022 4802 facias:
1055 4747 1088 4801 at
1118 4741 1143 4804 si
1166 4743 1278 4824 figurae
1302 4744 1397 4809 addas
1420 4745 1630 4822 architectum,
1656 4745 1714 4825 jau
