3684 5518
769 275 852 340 care
869 277 900 327 v.
922 276 946 327 ι.
1248 213 1250 220 s
1436 237 1438 242 ’
1472 273 1537 342 aas

183 447 297 510 iaciunt
322 447 505 526 pericnlum,
535 471 574 511 an
606 451 659 512 illa
690 451 761 513 ferri
790 453 898 532 possit.
951 453 993 514 Et
1015 454 1054 534 ,in
1088 452 1287 533 longinquiori
1321 453 1440 535 quidem
1471 453 1536 517 luce

184 535 350 620 superciliis
376 545 408 596 et
432 539 641 617 corrogatione
666 541 772 602 frontis
797 560 850 602 nos
874 540 1030 616 munimus,
1056 549 1090 602 at
1112 541 1141 601 in
1166 542 1279 604 directe
1303 543 1451 622 opposita
1466 544 1536 621 pal-

185 627 339 707 pebrarum
364 627 457 688 etiam
481 627 558 689 ciliis
574 637 605 690 et
619 627 746 690 connixu
771 631 889 691 utimur.
914 631 980 691 Hoc
995 630 1180 692 Aristoteles
1204 640 1278 692 sect.
1296 629 1347 694 31.
1371 630 1467 711 probi.
1486 628 1535 694 16.

186 715 242 776 sibi
263 714 483 776 discutiendnm
507 737 574 778 esse
598 718 725 796 putavit,
749 720 802 779 sed
827 719 958 780 absurda
982 719 1132 780 radiorum
1156 719 1328 792 emissione,
1353 738 1440 800 quam
1465 720 1534 782 alibi

185 805 246 888 ipse
269 803 380 882 rejicit.
429 803 514 874 Quae
539 806 614 866 adeo
639 815 815 880 causaest,
850 826 902 868 cur
921 807 1082 886 supercilia
1109 816 1269 870 curventur
1297 809 1326 870 in
1355 827 1471 882 arcum,
1504 817 1534 870 ul

184 892 371 956 circulariter
395 894 496 954 oculos
520 894 681 956 circulares
706 896 826 956 obeant.
873 896 1003 958 Accedit
1022 897 1089 975 jam
1112 897 1240 958 auctarii
1265 897 1339 971 loco,
1366 897 1443 976 quod
1466 897 1532 975 pnl-

184 981 314 1042 viscnlos
339 981 497 1056 sustinent,
524 984 602 1063 qnod
626 984 695 1045 cilia
714 985 853 1045 videntur
877 985 1066 1047 flabellorum
1090 984 1154 1048 loco
1179 1005 1261 1060 esse,
1294 987 1331 1046 ad
1357 987 1534 1048 evertendos

93 1119 101 1134 .
183 1070 361 1132 obsolentes
385 1071 584 1148 pulvisculus:
624 1073 750 1152 denique
779 1074 857 1153 qnod
891 1081 925 1134 ut
955 1073 984 1133 in
1015 1081 1080 1134 toto
1104 1092 1241 1152 corpore,
1272 1075 1316 1135 sic
1345 1074 1393 1137 hic
1421 1093 1535 1153 quoque

180 1170 284 1240 partes
310 1159 407 1220 undae
432 1169 463 1220 et
486 1168 609 1222 tenerae
632 1161 703 1240 pilis
728 1173 835 1223 contra
858 1162 994 1224 attritum
1025 1162 1132 1223 muniri
1156 1163 1305 1226 videntur.
1352 1163 1536 1224 Praesertim

181 1267 247 1310 cnm
272 1255 471 1324 exterguntur
493 1249 656 1328 palpebrae
681 1259 713 1312 et
736 1251 841 1312 sordes
865 1251 978 1311 detritu
1002 1269 1056 1330 per
1079 1251 1183 1311 valvas
1208 1261 1279 1314 sunt
1297 1251 1533 1329 provolvendae,

182 1337 251 1398 cilia
274 1335 425 1397 canalium
449 1337 542 1399 vicem
562 1345 730 1416 praestant,
755 1339 804 1418 qui
819 1339 923 1400 sordes
945 1345 1028 1400 trans
1043 1338 1150 1400 valvas
1170 1339 1328 1413 declinent,
1354 1360 1390 1401 ne
1414 1341 1444 1401 in
1461 1360 1534 1404 oca-

183 1427 241 1488 lum
267 1431 424 1503 cogantur.
471 1426 574 1487 Pilosa
597 1427 743 1505 siquidem
767 1429 875 1498 omnia,
900 1436 933 1489 ut
957 1428 1043 1488 arida
1066 1415 1098 1487 e't
1121 1427 1211 1502 sicca,
1236 1429 1390 1492 humorem
1415 1427 1535 1508 asperi-

183 1523 246 1578 tate
271 1533 326 1574 sne
349 1521 381 1571 et
405 1515 532 1592 quodam
558 1516 643 1595 quasi
667 1517 775 1596 rigore,
808 1517 904 1596 quoad
929 1517 954 1578 is
978 1535 1038 1578 non
1062 1515 1201 1591 vincitur,
1226 1518 1386 1598 repellunt.
1434 1520 1536 1597 Atque

184 1602 292 1665 exbis
317 1602 410 1662 etiam
434 1621 529 1665 cansa
558 1605 708 1678 cernitur,
737 1623 788 1666 cur
813 1613 897 1667 recta
920 1605 991 1666 cilia
1014 1605 1087 1677 sint,
1113 1623 1172 1666 non
1197 1607 1318 1684 supina,
1342 1625 1400 1670 uon
1425 1625 1534 1686 prona,

184 1712 241 1754 non
266 1690 428 1770 sparsiora,
456 1711 513 1754 non
537 1694 685 1766 densiora,
711 1712 769 1755 non
794 1694 939 1773 longiora,
974 1712 1031 1754 non
1056 1693 1195 1754 breviora
1225 1702 1256 1756 et
1284 1713 1409 1756 recurva
1438 1695 1536 1756 modi-

183 1801 258 1844 cum.
305 1779 390 1842 Haec
418 1791 502 1856 sunt,
538 1801 614 1862 quas
641 1783 760 1858 oculum
787 1781 885 1862 ipsum
919 1781 1148 1844 circumstantia
1180 1783 1219 1844 ad
1249 1782 1371 1854 videndi
1407 1783 1537 1846 officinm

183 1877 372 1932 concurrunt.

125 2031 127 2034 Ι
272 1959 306 2019 Ιιι
330 1956 423 2036 ipsius
447 1959 524 2020 oculi
548 1958 638 2036 globo
657 1960 841 2020 recensendo
865 1967 982 2022 tantum
1005 1958 1062 2020 hoc
1084 1958 1157 2020 mibi
1177 1957 1296 2021 videtur
1312 1959 1537 2034 elaborandum,

184 2055 219 2110 ut
241 2045 428 2108 anatomicos
456 2054 539 2109 recte
571 2047 740 2127 intelligam
763 2055 794 2108 et
817 2047 926 2112 bonnm
958 2065 1046 2127 agam
1080 2047 1343 2110 nomenclatorem.
1390 2046 1442 2110 Sic
1466 2066 1539 2127 ergo

185 2135 255 2198 mihi
280 2134 419 2197 videntur
443 2136 605 2198 anatomici
620 2137 738 2198 oculum
761 2145 793 2198 et
815 2137 939 2217 pingere
963 2144 995 2198 et
1008 2135 1188 2208 describere,
1213 2155 1249 2199 ac
1272 2136 1298 2198 si
1322 2136 1440 2216 species
1460 2137 1539 2200 oculi

184 2233 260 2299 tota,
284 2233 318 2284 nt
342 2245 360 2284 a
384 2225 506 2286 cerebro
530 2224 672 2300 nascitur,
697 2243 811 2305 caepae
833 2231 1044 2304 repraesentet
1067 2224 1216 2304 effigiem:
1242 2243 1317 2305 quae
1339 2233 1371 2287 nt
1395 2243 1432 2286 ex
1447 2225 1537 2288 bulbo

185 2322 304 2375 constat
328 2319 419 2373 etex
443 2313 537 2386 caule,
563 2313 607 2375 sic
631 2315 734 2376 oculus
757 2333 795 2375 ex
819 2315 909 2392 globo
934 2312 1113 2393 aspectabili
1137 2321 1168 2374 et
1191 2331 1230 2378 ex
1253 2332 1397 2393 processu
1421 2313 1538 2376 latente

114 2437 116 2446 ι
183 2403 270 2482 inque
294 2401 446 2464 cerebrum
470 2402 660 2482 pertingente
671 2397 717 2482 ¹⁵).
755 2403 799 2465 Et
822 2403 941 2483 quidem
964 2403 994 2464 in
1019 2403 1121 2482 caepis
1144 2401 1335 2474 inveniuntur
1358 2402 1456 2466 nuclei
1479 2400 1538 2464 toti

182 2491 314 2554 latentes
337 2490 367 2552 in
391 2490 490 2564 bulbo,
524 2510 599 2571 quos
623 2493 742 2554 tunicae
767 2492 856 2554 bulbo
881 2499 913 2554 et
935 2491 1013 2553 cauli
1037 2509 1208 2552 communes
1232 2491 1389 2554 includunt
1419 2499 1450 2552 et
1480 2490 1539 2552 ab·

182 2581 265 2644 dunt.
314 2581 354 2640 lis
383 2579 496 2642 nucleis
529 2599 586 2642 non
620 2582 697 2642 male
726 2581 947 2660 comparaveris
978 2581 1130 2647 humores,
1165 2579 1215 2654 qni
1243 2587 1314 2645 sunt
1346 2579 1376 2640 in
1405 2579 1540 2660 sphaera

182 2670 270 2741 oculi,
294 2669 529 2747 claudunturque
552 2687 628 2747 pene
653 2669 757 2731 eodem
782 2669 869 2731 modo
893 2689 913 2731 a
936 2669 1055 2737 tunicis,
1092 2687 1168 2747 qnae
1200 2675 1271 2730 sunt
1299 2669 1385 2730 oculo
1409 2675 1441 2730 et
1463 2687 1537 2748 pro-

182 2757 282 2820 cessui
311 2758 341 2820 in
374 2756 541 2830 cerebrum,
576 2759 646 2838 quin
674 2765 706 2818 et
734 2757 792 2837 ipsi
825 2757 947 2820 cerebro
978 2775 1160 2820 communes.
1207 2757 1287 2822 Nam
1320 2757 1389 2836 ipsa
1418 2757 1536 2836 quidem

181 2846 296 2908 cerebri
320 2846 493 2907 substantia
516 2847 632 2908 duabus
656 2847 787 2910 ambitur
810 2846 928 2920 tunicis,
955 2865 1080 2926 quarum
1101 2844 1276 2908 interiorem
1290 2853 1420 2920 tenuem,
1446 2853 1535 2908 erte-

181 2937 290 2998 riorem
313 2953 464 3009 crassam,
490 2935 659 3014 meningem
693 2935 861 3015 appellant,
886 2944 918 2998 ut
948 2935 993 2996 ita
1025 2935 1054 2996 in
1083 2933 1206 2996 cerebro
1239 2941 1302 2996 tres
1334 2934 1396 2996 sint
1424 2951 1490 3007 res,
1520 2955 1540 2994 a

182 3043 307 3107 querum
336 3042 511 3104 unaquaque
539 3043 595 3085 sue
625 3025 728 3086 tunica
757 3025 919 3104 porrigitur
948 3025 977 3086 in
1012 3023 1087 3084 oculi
1121 3041 1296 3102 processum
1319 3031 1351 3085 et
1374 3029 1485 3102 postea
1506 3021 1537 3084 in

181 3115 279 3194 ipsum
302 3113 380 3174 oculi
413 3112 544 3190 globum.
593 3111 708 3175 Crasse
742 3114 860 3174 meninx
894 3113 1073 3176 exteriorem
1102 3111 1236 3174 tunicam
1268 3111 1346 3174 oculi
1384 3111 1535 3190 producit,

181 3203 281 3264 tenuis
300 3203 473 3263 membrana
496 3201 632 3276 mediam,
659 3201 726 3280 ipsa
749 3221 820 3263 vero
844 3202 959 3263 cerebri
981 3201 1155 3266 substantia
1179 3218 1303 3264 neruum
1317 3201 1460 3279 optinum,
1487 3199 1537 3280 qui

182 3292 215 3354 fit
237 3291 341 3353 tunica
364 3289 470 3352 intima
494 3291 627 3371 haecque
651 3290 719 3371 ipsa
741 3309 799 3352 non
824 3291 960 3370 simplex.
1008 3288 1155 3360 Quamuis
1178 3288 1320 3352 Platerns
1345 3289 1422 3352 banc
1455 3287 1538 3350 tuni-

181 3400 249 3442 cam
271 3379 433 3460 improprie
458 3380 524 3442 dici'
541 3387 668 3454 asserat,
695 3382 771 3442 forte
796 3381 874 3458 qnod
898 3397 1006 3441 nereos
1031 3378 1147 3458 opticos
1167 3378 1267 3440 nervis
1282 3378 1405 3459 reliquis
1420 3377 1536 3440 similes

182 3477 310 3543 statuat,
336 3487 428 3530 cavos
452 3487 519 3530 esse
538 3477 638 3549 neget,
665 3487 737 3548 qnos
762 3469 813 3530 alii
837 3467 957 3530 omnino
981 3487 1072 3528 cavos
1096 3487 1164 3530 esse
1189 3475 1340 3530 asserunt.

181 3627 498 3635 *asa-*—

271 3715 299 3788 *l
321 3721 436 3792 ignosce
458 3721 546 3773 lector
559 3718 620 3772 rudi
641 3715 818 3771 similitudini.
848 3719 919 3772 Nam
933 3732 993 3770 cunr
1007 3717 1077 3770 baec
1100 3716 1255 3778 scriberem,
1276 3717 1396 3770 nondum
1418 3713 1538 3771 animun

181 3801 345 3856 induxeram
365 3801 492 3855 tabulam
511 3798 630 3860 Plateri‚
653 3815 724 3870 qnae
746 3796 817 3850 oculi
838 3804 934 3866 partes
957 3798 990 3850 ad
1012 3795 1102 3851 vivum
1130 3795 1274 3866 exprimit,
1298 3793 1398 3848 imitari
1422 3801 1489 3864 typo
1509 3800 1539 3846 et

182 3883 259 3953 operi
280 3881 410 3950 adjicere,
433 3880 503 3952 qnod
524 3885 625 3948 postea
644 3886 846 3947 persuaserunt
868 3875 954 3940 antici,
977 3883 1010 3930 ut
1030 3875 1143 3930 inferius
1164 3893 1200 3929 ea
1220 3875 1397 3928 insereretur.
1440 3873 1537 3947 ltaque

181 3961 273 4016 verbis
295 3963 339 4014 bic
359 3967 505 4030 praestare
526 3959 602 4012 rolui
623 3964 652 4011 et
672 3957 902 4021 similitudinibus,
926 3959 996 4028 quod
1016 3956 1127 4026 pictura
1148 3963 1212 4010 tuno
1232 3955 1370 4009 nolebam.

274 4041 315 4094 Tu
335 4041 424 4111 igitur
443 4029 497 4094 bac
516 4039 602 4093 missa
628 4037 804 4092 similitudine
833 4038 980 4091 identidem
1002 4039 1036 4090 ad
1065 4035 1165 4090 dictem
1191 4035 1317 4089 tabulam
1343 4031 1487 4102 respicito,
1509 4038 1539 4084 et
1627 4035 1631 4044 '

182 4139 253 4196 quae
274 4122 401 4174 dicuntur
422 4127 481 4175 toto
502 4123 554 4174 boc
574 4125 660 4182 statu,
683 4118 833 4189 diligenter
854 4135 913 4171 cnm
934 4118 985 4171 illa
1005 4117 1137 4170 conserto.

271 4199 353 4261 Quam
372 4199 484 4248 tabulam
502 4199 583 4247 minus
603 4197 744 4262 elegantem
764 4196 804 4246 bio
828 4195 991 4246 omittendam
1016 4208 1160 4250 censemus.
1180 4207 1236 4243 cnm
1253 4190 1327 4242 bodie
1352 4189 1494 4242 concinnior
1512 4194 1538 4239 et
1617 4209 1621 4218 ·

181 4271 303 4336 pulchrior
321 4270 385 4320 baec
405 4271 535 4333 descriptio
554 4269 579 4318 in
598 4269 709 4318 omnibns
728 4267 759 4318 ds
779 4268 849 4318 oculo
869 4267 1014 4330 conscriptis
1031 4265 1098 4316 libris
1117 4271 1239 4316 oocunet.

269 4341 343 4391 Hanc
367 4342 447 4404 ipsam
473 4341 613 4389 describens
636 4340 759 4410 tabulam,
787 4353 861 4404 qnam
880 4340 906 4388 in
923 4338 1064 4400 finsthns
1090 4338 1179 4400 cepitis
1197 4335 1256 4385 Nro.
1278 4331 1301 4382 3.
1322 4332 1447 4395 adjunxit,
1472 4329 1537 4380 heso

182 4423 319 4486 praemittit
337 4421 462 4484 Keplenrs
481 4421 572 4470 verba:
593 4413 631 4466 Ut
651 4413 749 4466 lectori
771 4413 949 4476 consulerem,
972 4411 1016 4464 cui
1032 4410 1145 4465 tabulae
1167 4407 1340 4464 anatomicos
1355 4423 1408 4460 non
1423 4405 1535 4458 suntad

181 4513 292 4559 uranus,
323 4495 414 4548 visum
434 4502 478 4548 est
498 4494 542 4546 bie
574 4492 692 4561 adjicere
721 4494 878 4563 exemplum
908 4493 1024 4546 tabulae
1046 4490 1092 4543 49.
1116 4490 1156 4543 Cl.
1178 4489 1237 4542 Viri
1259 4489 1287 4540 F.
1309 4484 1433 4539 Plateri:
1464 4485 1537 4554 qnod

182 4575 323 4630 consilium
343 4575 451 4628 utinam
471 4572 565 4627 statim
586 4572 721 4642 principio
743 4573 846 4626 laboris
874 4573 1029 4634 incidisset,
1052 4571 1091 4624 sic
1111 4569 1182 4623 enim
1205 4573 1363 4622 attextum
1385 4580 1534 4618 accommo-

181 4658 296 4710 dassem.
326 4653 487 4724 Explicatio
502 4654 644 4707 literarum
659 4659 688 4705 et
702 4660 829 4710 notarum
843 4671 897 4706 non
919 4652 976 4706 alia
990 4651 1044 4704 ruis
1057 4651 1190 4713 addenda,
1213 4663 1294 4718 qnam
1312 4645 1398 4715 ipsius
1413 4643 1534 4699 Plateri:

182 4735 368 4807 allegationes
390 4736 479 4788 solum
500 4733 551 4788 mei
573 4738 668 4786 textus
691 4732 789 4786 addidi.
818 4734 938 4805 Figurae
960 4736 1025 4786 sunt
1041 4730 1084 4793 19,
1106 4745 1170 4782 nam
1191 4730 1259 4782 dnae
1279 4726 1390 4780 ultimas
1413 4723 1534 4794 (auditus

182 4811 359 4888 organorum)
383 4815 508 4884 sculptor
527 4813 648 4883 injumm
670 4811 782 4867 addidit.
