3566 5536
797 318 836 370 Do
854 315 934 368 Stella
950 317 1022 369 liora
1039 315 1190 385 Sorpoutsrii

548 499 603 567 Plu·
622 489 647 546 ³·
873 503 962 560 notae
988 493 1047 561 18⁰
1068 503 1111 574 ,9,
1137 495 1168 560 G
1190 496 1327 574 orientis,
1361 497 1602 573 Hocoidentis5
1635 503 1673 559 ut

526 607 743 728 Ὗ
874 586 917 650 ιιι
949 587 1086 666 utrinque
1110 587 1198 651 Nova
1228 587 1355 650 haereat
1385 586 1415 649 iu
1446 587 1551 650 eadem
1584 586 1673 650 linea

873 695 911 738 ex
933 676 964 738 A
987 685 1090 738 centro
1119 677 1230 739 Terrae
1258 677 1287 738 in
1320 677 1396 738 fixas
1427 677 1554 751 educta,
1588 693 1672 755 quae

745 733 797 862 Χ
874 766 916 827 sit
946 763 1007 827 hu
1039 765 1067 827 in
1100 773 1167 828 ortu
1199 784 1300 828 meuse
1333 765 1511 833 Februario.
1544 765 1609 828 ΔΗ
1639 765 1671 827 iu

797 831 821 906 i
874 872 983 916 occasu
1000 873 1101 916 meuse
1117 853 1254 918 Octobri.
1292 855 1488 918 Manifestum
1503 862 1561 930 est,
1586 854 1671 935 quod

872 943 971 1016 Nova,
1003 952 1066 1005 tarn
1099 944 1266 1048 propinqua
1288 944 1422 1007 existens
1445 944 1566 1019 Terrae,
1598 943 1672 1005 visa

875 1031 982 1096 inisset
1003 1033 1085 1094 exB
1110 1033 1175 1095 loco
1199 1033 1282 1097 visus
1305 1033 1333 1095 iu
1358 1031 1531 1096 lineaBGE
1554 1033 1669 1106 oriens,

874 1121 932 1184 et
922 1141 954 1183 ru
967 1121 1051 1184 Bur
1068 1121 1225 1184 occidens:
1248 1121 1296 1185 hic
1319 1123 1411 1202 igitur
1429 1122 1542 1184 antell
1561 1127 1669 1184 noum

320 1200 380 1269 18·
401 1213 431 1280 ,d
452 1207 533 1273 qu
506 1211 627 1286 F,illic
649 1219 721 1292 post
744 1209 773 1273 G
800 1206 858 1276 ts⁰
880 1216 909 1284 ,ὃ
931 1210 1065 1272 notam
1057 1211 1146 1273 ιιιΕ.
1191 1210 1390 1293 Nequaquam
1418 1229 1488 1272 vero
1517 1229 1669 1292 apparere

316 1294 467 1376 potuisset
489 1299 545 1362 sub
568 1302 674 1363 eodem
696 1301 763 1362 loco
786 1299 865 1364 inter
887 1299 993 1361 lixas
985 1319 1015 1361 ru
1040 1298 1071 1362 G
1093 1301 1141 1362 vel
1164 1300 1203 1362 Η.

402 1385 504 1469 Atque
531 1389 588 1452 hoc
617 1389 684 1453 loco
713 1389 784 1472 quid
808 1409 863 1470 ego
886 1388 1041 1466 dicam,
1033 1408 1093 1452 ruro
1124 1389 1194 1471 quid
1220 1409 1280 1452 nou
1308 1389 1406 1452 dicam
1435 1388 1473 1450 de
1495 1387 1666 1450 miserabili

316 1473 486 1538 conditione
510 1479 606 1542 nostri
628 1479 782 1560 temporis.
829 1480 863 1542 In
888 1485 974 1540 tanta
996 1479 1061 1542 luce
1085 1477 1238 1544 ductrime
1267 1478 1304 1540 de
1326 1477 1546 1559 parallaxibus,
1577 1483 1666 1540 tanta

317 1581 465 1627 consensu
493 1566 740 1650 philosophorum
770 1587 836 1630 uum
864 1567 1087 1630 mathematicis
1117 1569 1248 1630 existere
1278 1573 1377 1629 tamen
1405 1585 1495 1630 uuum
1522 1565 1666 1648 aliquem,

317 1671 377 1714 nou
399 1653 548 1734 plebejum
572 1657 626 1719 sed
647 1656 867 1739 philosophum,
892 1657 1017 1720 medicis
1039 1657 1151 1719 libellis
1174 1657 1297 1732 clarum,
1321 1655 1666 1737 excellentissimumque

317 1740 429 1804 virum:
454 1743 543 1825 idque
566 1765 625 1808 non
650 1747 679 1808 in
702 1745 831 1809 barbara
853 1747 955 1828 aliqua
977 1746 1108 1826 regione,
1132 1746 1239 1808 sedin
1261 1745 1367 1808 Italia:
1396 1765 1455 1808 non
1482 1744 1512 1806 in
1536 1744 1666 1808 obscuro

318 1830 382 1910 ejus
406 1831 527 1913 angulo,
550 1835 605 1896 sed
626 1836 766 1911 Paduae,
789 1835 821 1897 in
843 1843 929 1899 tanta
951 1834 1193 1901 doctissimorum
1215 1833 1346 1897 virorum
1370 1833 1553 1916 frequentia,
1577 1841 1666 1896 tauto

315 1919 455 2000 Europae
478 1941 639 1985 concursu:
670 1943 734 1990 ιιοιι
760 1925 809 2007 qui
837 1924 963 2000 dubitet,
994 1925 1049 1987 sed
1076 1924 1126 2006 qui
1155 1931 1259 2004 aperte
1288 1923 1490 1986 contradicat:
1522 1943 1582 1985 uorr
1613 1923 1666 2004 qui

317 2009 449 2071 fateatur
462 2011 573 2091 ingenii
588 2011 825 2076 imbecillitatem
842 2013 1104 2076 exercitationisve
1119 2012 1266 2075 deiectum
1283 2020 1315 2074 et
1332 2014 1517 2076 schematum
1538 2011 1664 2074 mathe-

316 2097 494 2161 matioomm
517 2100 722 2177 insolentiam,
747 2103 800 2164 sed
822 2103 871 2184 qui
896 2121 1012 2165 omnem
1034 2102 1126 2165 hanc.
1134 2101 1332 2166 eruditionem
1353 2121 1426 2183 prae
1450 2121 1483 2164 se
1506 2101 1601 2164 ferat:
1634 2109 1665 2162 et

316 2195 417 2248 tamen
441 2196 548 2251 contra
571 2191 648 2252 hanc
671 2191 837 2254 doctrinam
861 2189 983 2254 disertis
1006 2199 1038 2253 et
1059 2191 1226 2274 perspicuis
1248 2190 1349 2254 verbis
1372 2211 1391 2253 a
1414 2209 1447 2254 se
1470 2191 1537 2272 ipso
1561 2189 1663 2270 expli·

316 2283 414 2337 catam
439 2276 512 2349 (nisi
536 2277 614 2340 forta
637 2280 868 2343 mathematicus
886 2271 996 2363 aliquis
1019 2289 1141 2342 auctore
1165 2281 1254 2360 longe
1282 2280 1399 2342 doctior
1425 2280 1572 2343 hactenus
1593 2298 1663 2342 ma-

551 909 558 922 “
681 925 699 968 u

317 2383 388 2426 num
410 2365 469 2446 ipsi
493 2365 619 2442 direxit)
642 2370 826 2449 argumentis
848 2369 995 2452 pudendis
1017 2370 1165 2450 insurgat,
1187 2369 1298 2431 abusus
1321 2369 1501 2432 auctoritate
1525 2376 1557 2431 et
1577 2369 1663 2430 cele-

316 2451 430 2516 britate
460 2455 607 2533 nominis,
638 2478 726 2539 quam
756 2459 813 2521 sibi
845 2467 985 2540 arrogat,
1018 2466 1049 2521 et
1078 2460 1206 2521 confisus
1237 2457 1398 2521 solitudine
1425 2459 1540 2520 aviris
1562 2476 1663 2520 rerum

316 2543 598 2608 mathematicamm
620 2547 742 2628 peritis:
767 2567 859 2612 ausus
881 2557 931 2610 est
953 2550 1113 2623 affirmare,
1137 2547 1234 2628 decipi
1257 2555 1445 2610 astronomos
1467 2547 1500 2609 in
1523 2547 1662 2610 doctrina

213 2675 220 2692 .
313 2631 537 2735 purulupaeon.
596 2637 747 2716 Ignoscite
783 2638 987 2720 grammatici,
1017 2639 1093 2699 haec
1127 2636 1217 2718 plane
1244 2657 1304 2698 vox
1336 2645 1384 2699 est
1415 2635 1662 2700 excellentissimi

318 2721 393 2797 viri,
424 2741 483 2786 non
514 2741 595 2800 mea3
625 2725 762 2789 uimimm
794 2735 859 2789 erat
888 2728 1021 2790 dictums
1050 2726 1302 2806 parallaxeou.
1349 2725 1384 2790 Si
1411 2725 1560 2788 difficilem
1583 2725 1661 2788 hanc

317 2810 487 2874 doctrinam
517 2812 663 2890 dixisset,
695 2816 720 2877 si
743 2824 901 2897 negasset,
931 2824 1121 2879 astronomos
1150 2817 1227 2877 citra
1256 2816 1366 2878 erroris
1388 2815 1487 2878 aleam
1509 2815 1549 2876 ad
1571 2833 1662 2876 unum
1766 2869 1767 2872 ,

317 2900 368 2962 vel
391 2901 450 2962 duo
474 2903 614 2983 scmpula
634 2905 754 2967 venire:
779 2907 916 2968 lassums
939 2923 1021 2967 eram
1042 2905 1109 2986 ipse
1125 2923 1250 2986 quoque.
1288 2905 1375 2967 Nunc
1390 2923 1462 2966 vero
1478 2903 1550 2985 quid
1564 2903 1661 2984 garrit

321 2989 560 3069 logodaedalus?
605 2991 686 3066 Quid
716 2995 833 3074 garriat
858 3014 964 3076 pamm
985 2995 1127 3070 iuterest3
1158 3011 1298 3074 quorsum
1321 3013 1392 3056 vero
1421 2995 1573 3074 pertineat
1594 2993 1660 3072 ejus

315 3079 462 3156 garritus,
485 3079 595 3141 videte.
641 3083 743 3163 Negat
764 3102 832 3145 esse
854 3083 999 3165 possibile
1022 3082 1219 3159 astronomis,
1244 3103 1280 3145 ex
1304 3083 1441 3145 doctrina
1462 3082 1658 3163 parallaxeou
1766 3075 1767 3136 ἶ

320 3167 358 3226 de
381 3166 438 3228 hoc
461 3170 667 3248 pronunciare,
691 3181 790 3235 utrum
813 3174 903 3236 stella
926 3173 984 3234 sub
1003 3173 1090 3235 Luna
1113 3171 1211 3234 hierit.
1257 3174 1360 3251 Negat
1380 3173 1488 3252 igitur,
1512 3171 1657 3234 observa-

317 3253 417 3315 tiones
439 3257 718 3322 mathematicorum
748 3261 828 3324 intra
850 3261 891 3326 52
901 3255 948 3344 ¹12⁴
977 3269 1078 3324 certas
1105 3278 1183 3322 esse.
1228 3260 1378 3324 Nimirum
1407 3280 1510 3323 omnes
1537 3260 1656 3322 mathe-
1766 3299 1767 3302 =

312 3341 440 3406 maticos
465 3345 634 3410 Germanos
658 3349 769 3412 Orabbi
792 3352 898 3426 nostri,
923 3369 1025 3414 omnes
1047 3350 1142 3412 Italos
1165 3350 1213 3413 sui
1235 3350 1349 3414 similes
1371 3357 1467 3431 putat
1515 3348 1598 3421 Quid
1617 3347 1656 3410 ad

312 3431 392 3493 haec
414 3451 470 3494 vos
492 3433 591 3498 Italici
613 3438 831 3502 mathematici:
864 3440 968 3514 Clari,
990 3437 1126 3512 Ubalde,
1149 3439 1289 3519 Magine,
1314 3439 1469 3514 Galilaee,
1494 3438 1654 3512 Gethalde,

312 3519 430 3597 Rubee,
455 3524 547 3585 ceteri
568 3525 710 3605 plurimi?
734 3529 803 3610 quid
821 3529 970 3593 Sabaude·
987 3527 1147 3593 Orestine?
1169 3529 1240 3610 quid
1255 3527 1339 3592 Galli
1359 3527 1462 3604 ceteri,
1486 3528 1517 3590 ιιι
1535 3545 1656 3610 quorum

311 3611 413 3693 patria
436 3629 564 3676 excusus
587 3623 635 3678 est
656 3615 735 3679 alius
757 3618 828 3681 Itali
856 3618 944 3700 hujus
971 3618 1109 3692 libellus,
1139 3617 1219 3680 idem
1241 3637 1336 3698 agens
1358 3617 1468 3680 Latino
1491 3615 1655 3680 intonaret

207 3703 211 3710 ⁴
313 3699 374 3764 Cur
404 3701 444 3762 sd
473 3701 531 3766 hoc
560 3709 676 3767 tantum
705 3707 835 3770 dedecus
863 3715 951 3770 tanta
978 3725 1045 3770 cum
1066 3705 1214 3789 patientia
1243 3707 1431 3770 muniretis?
1474 3707 1526 3770 An
1554 3721 1654 3768 verum

312 3805 368 3870 ego
397 3790 549 3872 suspicor,
578 3813 675 3876 nugas
703 3794 796 3860 hasce
826 3796 964 3878 indignas
992 3796 1107 3878 putatis
1135 3815 1210 3878 quas
1238 3796 1356 3877 publice
1379 3795 1549 3858 refellatis?
1593 3794 1653 3860 Sed

311 3880 400 3960 plane
430 3880 559 3944 ridicula
588 3891 637 3946 est
662 3885 741 3948 ratio
770 3886 951 3968 philosophi.
996 3884 1124 3950 Audiuit
1152 3886 1293 3948 fortassis
1316 3907 1336 3946 a
1356 3883 1632 3958 mathematicis,
1624 3903 1653 3946 m

312 3968 451 4032 doctrina
478 3971 677 4051 parallaxium
705 3974 809 4037 venire
838 3981 971 4038 centrum
994 3976 1097 4038 Lunae
1127 3974 1292 4057 siderisque
1320 3973 1650 4037 inconsiderationem

269 4091 274 4108 ·
310 4058 380 4137 Ipse
402 4059 575 4140 intelligens
589 4061 665 4126 illud
680 4071 824 4140 ceutmm,
848 4065 925 4146 quod
948 4074 997 4127 est
1013 4065 1094 4127 intus
1118 4064 1201 4126 etin
1219 4083 1354 4145 corpore,
1377 4063 1513 4126 exsultat
1533 4061 1651 4144 gaudio,

311 4147 391 4228 quod
413 4149 547 4211 oblatum
570 4150 627 4213 sibi
648 4160 736 4233 putet
757 4153 913 4234 effugium.
937 4161 1029 4235 negat
1050 4155 1158 4236 quippe
1180 4152 1256 4214 illud
1278 4160 1412 4216 centmm
1434 4151 1531 4214 videri
1553 4169 1650 4234 possa

310 4234 469 4316 Indignum
491 4237 571 4301 hic'
563 4240 622 4342 rpai
643 4243 824 4322 respondere
848 4262 949 4306 coram
970 4241 1205 4318 mathematicis;
1231 4241 1283 4305 sed
1306 4242 1334 4304 si
1356 4242 1423 4323 quis
1445 4241 1525 4304 alius
1547 4249 1596 4304 est
1614 4238 1650 4304 ab

310 4323 368 4386 hoo
392 4344 481 4388 caeco
504 4327 650 4408 magistro
674 4329 873 4408 dementatus,
897 4333 925 4394 ei
949 4332 1026 4408 dico,
1050 4340 1240 4395 astronomos
1263 4331 1344 4412 loqui
1367 4331 1404 4394 de
1420 4337 1523 4394 centro
1542 4327 1651 4394 visibili

309 4412 353 4475 rei
375 4413 517 4490 visibilis,
540 4419 707 4499 quantitate
730 4419 842 4482 visibili
864 4421 1035 4502 praeditae.
1060 4423 1139 4504 quod
1160 4440 1221 4482 non
1244 4439 1319 4502 opus
1342 4427 1390 4483 est
1411 4439 1445 4482 ae
1466 4419 1534 4501 ipso
1561 4416 1650 4492 cerni,

311 4502 367 4562 sed
390 4504 533 4566 extremis
555 4507 630 4569 visis
653 4514 685 4569 et
706 4511 889 4572 mensuratis
911 4510 1009 4591 ipsum
1024 4530 1140 4593 quoque
1156 4509 1341 4574 aestimatur.
1382 4508 1435 4572 Sic
1459 4507 1537 4571 euim
1554 4509 1651 4571 solent

310 4591 490 4655 astronomi·
513 4593 610 4673 primo
633 4595 822 4660 altitudinem
845 4598 1008 4662 observant
1030 4602 1136 4663 summi
1152 4599 1296 4679 marginis
1319 4599 1355 4661 de
1370 4599 1468 4672 Luna,
1493 4597 1592 4660 dein
1584 4597 1647 4660 rmi:

310 4683 381 4738 tunc
409 4677 595 4745 differentiae
625 4685 782 4748 semissem
812 4687 958 4764 adjiciunt
986 4689 1109 4764 minori,
1141 4695 1175 4751 ut
1195 4687 1329 4750 habeant
1357 4685 1448 4750 medii
1479 4707 1533 4750 seu
1556 4687 1649 4750 centri

312 4762 509 4829 altitudinem.
555 4773 646 4836 Ut
621 4793 646 4834 ιι
670 4774 776 4835 summi
799 4774 927 4838 altitudo
951 4777 993 4839 sit
1007 4775 1068 4841 50⁰
1082 4773 1148 4853 tt‘,
1171 4777 1223 4840 imi
1239 4771 1299 4840 50⁰
1318 4773 1378 4853 12‘,
1402 4775 1572 4840 differentia
1587 4772 1648 4851 32¹,
1766 4773 1767 4780 '
