3464 5524
627 297 659 352 ts
676 301 748 351 nse·
768 299 870 366 optus
1378 303 1422 371 45

95 474 136 522 bne
148 472 211 529 ruhi,
229 473 402 526 animadverti
420 486 480 526 eam
500 477 633 540 opticcrum
651 475 779 528 doctrinae
797 477 835 526 ita
853 477 991 532 adnrsam
1011 483 1039 525 nb
1057 479 1097 541 qui
1109 481 1152 528 nni
1165 479 1238 530 fidem
1253 483 1337 540 habet,
1358 485 1422 534 slte-

93 559 130 592 rm
141 551 204 610 neget
220 553 346 609 oporteat.
387 548 452 596 Esto
471 549 536 596 enim
554 547 645 597 Terrae
663 546 749 611 globus
769 551 838 610 cujus
858 555 968 598 centrum
982 549 1005 596 A
1024 555 1049 596 et
1067 550 1208 612 superficies
1226 552 1263 614 B,
1284 555 1347 604 atris
1366 569 1421 606 vero

92 616 189 664 ambientis
205 617 350 679 superficies
372 621 407 667 sit
428 617 464 674 C,
492 619 590 667 horizon
609 617 761 667 Zemblensis
781 619 902 668 sensibilis
916 617 999 672 BCD.
1032 621 1158 669 rationalis
1178 623 1199 671 ei
1217 625 1350 688 parallelus
1370 627 1420 682 AF.

80 1667 125 1716 Solis
141 1683 220 1734 corpus
234 1673 264 1730 Ε,
286 1675 356 1738 qnod
368 1690 457 1724 versus
477 1681 586 1724 anstrum
606 1677 680 1725 sitnm
699 1677 765 1727 inira
783 1677 935 1729 horizontem
954 1678 1022 1728 BCD
1042 1673 1074 1726 4⁰
1092 1680 1124 1726 sit
1143 1679 1292 1742 depressum.
1318 1673 1351 1722 Et
1362 1675 1421 1738 quia

79 1741 235 1794 renidiameter
253 1744 353 1795 Terrae
373 1747 420 1794 ΔΒ
440 1749 467 1795 in
494 1745 599 1808 sphaera
618 1745 681 1796 Solis
709 1749 836 1800 subtendit
860 1763 942 1798 arcum
964 1747 988 1798 θ’
1007 1748 1082 1813 paulo
1101 1750 1232 1805 minorem,
1261 1759 1363 1795 necesse
1383 1753 1420 1794 est
1472 1792 1473 1798 ,

79 1809 141 1860 Scleru
156 1815 229 1864 eh'am
247 1816 329 1882 longe
358 1819 426 1868 inira
444 1817 596 1866 horizontem
614 1819 762 1872 rationalem
782 1821 825 1870 All
844 1823 992 1871 constitisse.
1030 1821 1089 1870 Esto
1106 1823 1160 1881 jam
1184 1820 1251 1870 linea
1268 1816 1420 1866 incidentiae

80 1879 298 1944 lithmetuiacis
318 1895 472 1953 tangentem
491 1889 563 1946 aens,
583 1903 686 1940 cansam
697 1907 746 1940 non
766 1891 885 1956 intelligo,
903 1893 1055 1942 neoridetur
1063 1891 1123 1940 mihi
1138 1906 1194 1940 vero
1205 1885 1419 1948 consentaneum).

146 1955 351 2036 lieplerus:
388 1957 480 2029 Quod
502 1959 620 2022 miraris
644 1980 697 2022 cur
720 1962 829 2041 eligam
855 1964 947 2024 talem
971 1963 1053 2026 Solis
1076 1962 1207 2035 radium,
1239 1960 1287 2040 qui
1311 1967 1420 2037 tangat

79 2043 139 2104 aens
158 2046 324 2125 sphaeram
349 2057 383 2109 et
413 2049 442 2110 in
467 2055 577 2128 puncto
601 2049 654 2111 illo
678 2051 825 2112 refractus
860 2059 967 2131 tangat
990 2059 1099 2130 postea
1123 2061 1154 2112 et
1177 2051 1287 2112 Terrae
1311 2065 1417 2125 super-

78 2131 166 2205 ficiem,
187 2155 283 2198 causa
308 2145 362 2199 est
384 2138 481 2198 haec:
506 2137 531 2198 si
547 2137 626 2199 enim
649 2148 802 2202 secantem
827 2139 1053 2216 assumsissem,
1079 2139 1217 2220 tangenti
1240 2137 1336 2216 major
1361 2136 1417 2196 ad-

11 2271 12 2274 ,
78 2219 120 2280 buc
139 2222 315 2288 obvenisset
337 2225 499 2301 retractio,
538 2245 626 2305 qnam
650 2227 693 2290 illi
722 2230 847 2291 secanti.
895 2229 1036 2309 Tangeris
1066 2229 1145 2291 euim
1169 2228 1226 2288 lroc
1249 2226 1315 2306 ipso
1340 2226 1418 2304 qnod

78 2319 182 2388 tangens
208 2315 347 2376 maxime
372 2314 548 2388 inclinatur,
583 2335 625 2377 sc.
648 2335 703 2396 per
727 2313 796 2382 90⁰.
843 2319 910 2397 Ego
934 2337 1004 2380 vero
1033 2317 1134 2398 potius
1165 2317 1307 2378 minorem
1331 2332 1421 2394 quam

78 2399 194 2476 majorem
216 2403 443 2465 refractionem
467 2403 680 2466 horizontalem
706 2414 871 2485 optassem.

147 2487 359 2556 llreuggerus
376 2494 472 2557 pergit:
500 2492 568 2541 linea
586 2493 740 2547 retractionis
760 2493 815 2552 CB,
842 2493 1042 2558 perpendiculum
1058 2493 1118 2550 aa,
1138 2493 1252 2556 cathetus
1271 2490 1421 2542 incidentiae

77 2555 118 2604 ill.
150 2559 226 2609 leem
244 2563 331 2626 igitur
348 2561 542 2628 imaginisb'olis
558 2565 630 2625 juxta
649 2566 743 2628 opticen
761 2572 826 2615 teste
840 2565 972 2614 Vitellione
985 2566 1027 2614 lib.
1042 2565 1072 2622 X,
1088 2563 1128 2612 15.
1148 2565 1195 2613 luit
1212 2565 1238 2612 in
1256 2569 1348 2626 puncto
1362 2577 1419 2612 con·

77 2640 142 2676 tunna
158 2631 250 2682 cameli
269 2633 431 2684 incidentiae
449 2633 497 2683 ΕΗ
515 2639 540 2683 et
559 2631 600 2684 ΟΒ
619 2633 700 2685 lineae
719 2637 887 2694 retractionis,
906 2636 931 2685 id
950 2635 1031 2686 est'in
1049 2635 1077 2692 Ι,
1101 2635 1165 2700 quod
1190 2633 1259 2684 cadit
1276 2635 1301 2682 in
1319 2633 1419 2698 plagam

77 2698 179 2750 btrmlem
196 2701 284 2753 SoiiE
307 2706 456 2768 oppositam.
496 2705 636 2767 Adjtcsrsm
655 2707 904 2765 demonstrationem,
923 2707 970 2756 nisi
988 2707 1074 2757 scirem
1093 2713 1119 2755 te
1137 2707 1191 2755 sine
1210 2705 1420 2754 demonstratione

77 2767 111 2818 hcc
126 2773 207 2823 ridere.
245 2778 282 2824 At
303 2777 372 2824 viam
391 2783 431 2824 est
448 2776 552 2826 Batavis
571 2775 613 2826 Sol
631 2778 657 2825 in
675 2784 745 2840 parte
765 2780 867 2828 australi
886 2780 953 2828 eirca
970 2777 1010 2838 D,
1036 2778 1077 2826 ubi
1095 2777 1176 2825 nullus
1189 2791 1243 2826 esse
1260 2776 1341 2838 potuit
1359 2789 1417 2826 con·

78 2852 143 2890 mnus
160 2846 254 2896 catheti
274 2861 339 2896 curn
357 2847 500 2898 horizonte:
528 2861 630 2896 necesse
650 2855 688 2896 est
704 2850 791 2913 igitur,
820 2848 901 2899 Solem
921 2857 992 2898 extra
1010 2848 1136 2897 cathetum
1162 2847 1313 2896 incidentiae
1331 2847 1417 2895 nsum.

77 2910 99 2957 Et
114 2915 164 2976 quid
181 2915 266 2967 obstat
287 2933 339 2981 quo
358 2919 440 2966 minus
458 2918 559 2968 tandem
579 2918 739 2976 concludam,
768 2921 888 2986 imagines
914 2933 1072 2984 quascunque
1097 2933 1141 2981 per
1158 2918 1316 2967 reflexionem
1335 2923 1361 2966 et
1380 2932 1417 2966 re·

77 2983 199 3035 medonem
218 2995 377 3052 apparentes
404 3003 530 3053 nunqnam
549 2990 575 3038 in
594 2990 701 3039 cathecis
719 2991 870 3040 incidentiae
898 2989 1015 3055 reperiri?
1045 2994 1173 3052 exceptam
1197 2994 1282 3038 tamen
1305 2987 1345 3038 laic
1364 2986 1417 3036 volo

77 3053 211 3108 tassionem
230 3073 247 3108 a
266 3060 374 3123 speculo
392 3059 475 3123 plano.
514 3060 585 3120 Quod
604 3062 625 3108 si
644 3062 669 3109 in
689 3061 809 3125 parallela
821 3063 983 3126 apparentiae
1002 3061 1082 3110 locum
1101 3061 1124 3110 ei
1143 3060 1315 3116 concedamus,
1336 3060 1419 3108 emnia

76 3132 168 3176 rectem
184 3129 291 3180 habent.
331 3129 399 3180 Nam
418 3132 495 3181 ducta
512 3131 580 3180 linea
592 3131 638 3180 ΕΙ)
651 3131 771 3195 parallela
789 3133 962 3196 perpendiculo
982 3131 1040 3188 OG,
1059 3131 1123 3182 haec
1142 3132 1264 3181 concurrit
1283 3145 1339 3180 cum
1350 3130 1419 3180 lines

77 3195 192 3248 nitrionis
210 3200 255 3251 BC
275 3203 306 3250 in
325 3207 418 3264 puncto
437 3201 461 3250 D
481 3208 599 3264 exparte
619 3203 734 3259 australi,
753 3204 817 3267 quod
836 3203 1001 3254 observationi
1019 3201 1119 3266 pulchre
1138 3201 1278 3266 respondet.

146 3269 262 3321 Prolirior
275 3273 314 3321 lui
332 3273 357 3320 in
376 3272 450 3335 huius
468 3274 618 3336 quaestionis
637 3275 787 3324 tractatione
807 3289 879 3339 quam
898 3275 944 3323 lert
964 3274 1082 3338 epistolae
1101 3273 1199 3324 modus:
1219 3272 1313 3336 placuit
1332 3280 1417 3324 tamen

77 3335 133 3386 iatius
149 3355 202 3390 eam
220 3345 366 3406 explicare.
394 3350 424 3392 ut
440 3343 537 3406 plenius
555 3344 705 3410 intelligeres
723 3345 782 3410 quid
799 3347 906 3394 sentiam
930 3351 956 3394 et
984 3359 1028 3394 cur
1055 3344 1086 3394 ab
1106 3344 1161 3393 aliis
1179 3344 1331 3393 dissentiam.
1366 3344 1417 3394 Diu

76 3421 105 3456 tce
120 3419 174 3460 eta
194 3414 287 3463 multis
305 3415 379 3463 annis
397 3429 543 3478 suspensum
561 3418 657 3472 tenuit,
685 3430 732 3465 nec
750 3416 826 3466 habui
845 3431 900 3465 curn
919 3431 965 3480 quo
985 3416 1015 3465 de
1039 3429 1072 3465 ea
1090 3416 1224 3465 conferrem
1249 3430 1296 3465 nec
1314 3415 1417 3480 propriis

77 3481 245 3542 *umbonibus
271 3486 373 3535 nimium
391 3485 467 3535 fidere
487 3500 561 3534 ausus
581 3487 629 3542 ini.
658 3487 761 3550 ideoque
787 3489 873 3551 opticis
896 3486 993 3550 publice
1017 3486 1127 3535 indicere
1152 3486 1241 3536 bellum
1260 3487 1342 3544 nolui,
1372 3486 1417 3536 sed

76 3551 169 3674 m
183 3555 213 3604 de
231 3564 305 3606 recte
323 3556 552 3621 philosophantibus
570 3559 657 3620 opticis
678 3557 805 3623 eleganter
822 3558 907 3608 scribis
927 3555 984 3620 (sub
995 3557 1070 3607 finem
1084 3571 1137 3620 cap.
1148 3557 1191 3616 IV,
1205 3553 1233 3618 6)
1252 3571 1309 3608 mes
1320 3559 1417 3622 privata

187 3633 325 3677 contentus
344 3627 389 3677 lui.

146 3695 357 3778 Keplerns:
392 3696 481 3769 Quod
503 3717 597 3780 penes
628 3699 888 3760 refractiones
917 3697 996 3760 idem
1020 3698 1182 3760 absurdum
1206 3697 1331 3760 Vitellio
1355 3699 1413 3759 ad-

78 3781 156 3853 misit.
178 3787 345 3866 imaginem
369 3795 440 3867 post
463 3788 595 3862 oculum,
621 3807 658 3849 ex
682 3806 717 3849 eo
740 3787 825 3849 vides
847 3787 1020 3866 analogiam
1043 3787 1122 3848 inter
1145 3785 1267 3866 specula
1281 3805 1415 3848 concava

78 3874 211 3936 etmedia
235 3876 369 3951 rariora3
393 3895 449 3938 uec
472 3876 628 3938 miraberis
652 3876 782 3956 ineptias
806 3895 889 3938 meas
905 3895 970 3956 cap.
987 3875 1043 3938 IV.
1083 3875 1177 3938 Plane
1192 3883 1292 3936 autem
1317 3883 1415 3936 tecum

78 3962 157 4022 sentio
181 3964 304 4039 ethic,
331 3965 469 4046 quamvis
492 3983 550 4026 non
574 3965 716 4045 perpendi
742 3985 806 4026 cunt
832 3965 938 4026 librum
963 3963 1134 4025 scriberem.
1167 3963 1209 4023 Et
1232 3981 1315 4023 meus
1335 3962 1413 4023 ima-

79 4047 139 4124 ginis
158 4051 241 4113 locus
263 4053 382 4114 omnino
403 4053 600 4116 Vitellianum
619 4055 696 4115 hune
721 4054 882 4116 absurdum
904 4051 1033 4134 perimit.
1064 4051 1125 4113 Est
1143 4052 1221 4112 eninr
1240 4051 1311 4112 mibi
1331 4051 1413 4114 locus

79 4133 196 4216 imaginis
211 4139 296 4204 Solis
320 4141 350 4203 in
369 4161 512 4204 concursu
528 4142 673 4204 linearum
687 4162 725 4204 ex
738 4151 864 4222 utroque
879 4143 965 4204 oculo
988 4161 1042 4221 per
1065 4149 1177 4220 puncta
1200 4138 1412 4202 refractionum

79 4227 281 4301 preductsmm.
327 4229 412 4294 Nihil
435 4239 562 4311 peccant
585 4231 663 4292 oculi
693 4239 746 4292 aut
775 4239 855 4293 certe
886 4231 1038 4294 minimum
1069 4230 1097 4290 in
1129 4229 1353 4308 propinquitate
1383 4237 1414 4288 et

11 4355 12 4358 ,
80 4315 223 4380 remotione
249 4317 374 4398 imagini
389 4317 470 4382 Solis
494 4319 686 4396 ascribenda,
711 4339 777 4381 cum
800 4320 925 4400 angulus
950 4319 1051 4399 ὄψεων
1074 4317 1318 4396 consurgentium
1341 4317 1413 4378 nihil

81 4412 121 4464 aut
140 4415 218 4470 certe
241 4425 348 4486 parum
372 4415 504 4470 mutetur
518 4407 549 4470 in
564 4409 719 4487 superficie
733 4409 911 4471 refractoria
934 4415 1056 4488 propter
1079 4405 1143 4484 ejus
1168 4405 1412 4483 magnitudinem.

51 4487 120 4574 ⁸Sic
144 4513 196 4556 nec
227 4496 257 4557 in
287 4497 469 4576 perspicillis
501 4496 664 4559 distantiae
693 4504 870 4577 punctorum
901 4496 1013 4558 directe
1040 4495 1171 4556 visorum
1201 4501 1356 4555 mutantur
1383 4495 1412 4556 iu

81 4575 213 4660 imagine:
242 4603 362 4647 rursum
394 4586 469 4647 enim
499 4585 575 4648 radii
605 4604 642 4646 ex
671 4595 796 4666 utroque
825 4585 910 4652 oculo
941 4584 980 4645 ad
1008 4601 1097 4643 unum
1120 4579 1247 4642 visibilis
1271 4589 1413 4662 punctum

11 4667 12 4682 ³
82 4669 220 4734 unientes
248 4673 279 4734 in
309 4674 442 4754 trajectu
470 4674 706 4755 perspicillorum
740 4675 832 4736 nihilo
855 4672 952 4752 magis
975 4668 1023 4731 vel
1047 4668 1143 4729 minus
1168 4677 1411 4752 contorquentur,

83 4759 203 4831 quanin
224 4779 353 4842 egressu
377 4781 416 4824 ex
438 4763 532 4825 oculo.
580 4762 672 4824 Atei
695 4782 786 4824 unum
808 4761 1011 4843 perspicillum
1035 4755 1185 4835 utriusque
1209 4760 1287 4820 oculi
1310 4760 1412 4822 radios

84 4845 191 4927 excipit,
212 4857 352 4913 mutatur
374 4851 513 4932 imaginis
545 4853 628 4914 locus
652 4857 683 4914 et
705 4852 885 4933 propinquat
907 4867 961 4930 per
984 4863 1073 4919 aava,
1105 4843 1233 4908 discedit
1261 4865 1315 4928 per
1338 4865 1411 4910 con·
