3566 5536
346 285 411 356 726
823 283 862 336 De
881 283 961 336 Stella
977 283 1049 336 Nora
1067 283 1217 349 Serpentaril

342 467 479 550 junctum
501 471 578 527 noro
602 461 713 536 sideri;
738 471 771 524 nt
792 468 912 525 taceam
935 463 1017 538 illos,
1047 463 1097 544 qni
1120 469 1185 525 toto
1208 462 1375 526 durationis
1405 461 1473 542 ejus
1501 471 1645 543 ternpore
1669 463 1707 524 iia

346 555 428 622 horis
451 553 632 636 prodierunt,
658 551 764 634 quibus
788 551 871 614 sidus
904 552 1078 614 criminavit
1107 561 1241 616 ortumve
1274 551 1341 615 luit.
1386 552 1491 632 Atque
1512 553 1574 614 hos
1599 571 1706 619 omnes

347 652 580 712 cousentaneum
604 651 650 705 est
674 649 811 704 naturam
831 641 954 704 sortitos
972 637 1218 722 seecspeloecos:
1244 640 1350 721 quibua
1368 660 1428 704 non
1451 643 1629 705 consultum
1647 653 1705 716 est,

348 736 452 800 turbas
475 733 633 796 modernas
657 729 743 813 quasi
765 748 819 810 per
841 749 946 793 manus
975 731 1194 800 transmittere,
1224 739 1257 794 ut
1279 731 1385 794 iisdem
1415 731 1476 812 ipsi
1498 751 1568 794 cnm
1593 731 1705 794 adole-

299 895 303 906 ,
347 823 445 888 verint
473 822 665 885 misceantur.
711 819 838 900 Magna'
858 817 906 882 e'st
934 821 982 883 vis
1013 819 1236 901 imaginationis
1264 819 1295 883 in
1327 821 1589 901 praegnantibus,
1625 841 1706 902 quae

348 913 419 978 odia
441 911 648 992 amicitiaeque
677 908 807 990 partium
831 910 859 972 in
884 911 982 972 foetus
1007 929 1076 972 suos
1106 917 1296 991 propagant3
1324 919 1355 972 et
1378 929 1455 991 quaa
1484 911 1642 974 maximas
1667 913 1706 972 ab

347 1005 434 1066 hoste
454 1002 502 1064 rel
521 999 640 1064 domino
663 998 868 1079 perpetiuntur
891 997 1013 1079 injurias
1034 1017 1100 1062 cum
1119 997 1228 1078 gerunt
1249 1007 1385 1075 uterum,
1409 1019 1512 1062 earum
1530 1001 1579 1062 illi
1601 1001 1705 1083 foetus

346 1101 507 1176 postquam
530 1089 726 1164 adoleverint,
750 1087 887 1153 acerrimi
902 1089 1001 1150 solent
1023 1088 1153 1150 existere
1176 1087 1349 1167 iujuriarum
1372 1088 1525 1152 illatarum
1549 1089 1704 1151 vindices.

435 1181 519 1244 Haec
543 1187 592 1241 est
618 1175 807 1259 philosophia
835 1177 1028 1240 famosissimi
1056 1178 1135 1238 illius
1158 1177 1426 1258 Licchtembergii,
1455 1198 1546 1261 quam
1571 1179 1703 1241 verissi-

347 1289 427 1334 mam
450 1268 593 1350 exemplis
616 1266 825 1346 compluribus,
850 1267 875 1328 si
900 1285 958 1328 non
981 1275 1086 1332 essent
1108 1266 1222 1341 odiosa,
1246 1268 1439 1348 comprobare
1458 1287 1595 1350 possem.
1633 1265 1705 1338 Qua

348 1359 538 1443 philosophia
565 1357 592 1420 si
613 1355 698 1436 Magi
730 1355 773 1418 illi
804 1357 842 1418 ad
869 1355 1018 1419 Herodem
1049 1374 1151 1437 regem
1179 1355 1226 1417 usi
1255 1365 1376 1433 essent,
1408 1358 1540 1439 prolessi
1574 1368 1702 1438 gentem

348 1469 465 1524 novam,
490 1465 636 1530 asperam,
662 1453 790 1520 trucem,
816 1445 1011 1521 novatricem,
1038 1444 1192 1508 servitutis
1211 1445 1436 1526 impatientem,
1461 1465 1539 1527 quae
1565 1448 1625 1509 sub
1651 1448 1704 1508 illa

349 1539 480 1604 biennali
493 1537 585 1600 stella
598 1544 680 1598 esset
693 1535 785 1607 edita,
801 1543 1019 1598 succreturam:
1044 1553 1102 1597 non
1116 1534 1205 1596 valde
1224 1535 1341 1608 mirum,
1355 1535 1381 1598 si
1395 1537 1533 1598 Herodes
1547 1543 1702 1618 tyrannus

348 1649 387 1692 ex
400 1647 436 1690 eo
448 1626 602 1690 consilium
617 1624 749 1706 cepisset
763 1624 948 1704 exstirpandi
962 1623 1045 1687 illam
1060 1625 1089 1686 in
1105 1625 1172 1703 ipsa
1185 1623 1289 1688 herba.
1309 1626 1410 1707 Atque
1425 1626 1482 1688 hoc
1496 1625 1702 1688 fundamento

347 1719 434 1782 nixos
452 1723 524 1798 puto
540 1733 592 1777 eos
615 1721 773 1792 (Brabenm,
793 1717 974 1794 Rceslimm),
999 1713 1048 1796 qni
1068 1712 1238 1793 significata
1260 1715 1371 1776 stellae
1388 1733 1493 1790 norae,
1518 1733 1602 1795 quae
1622 1735 1702 1776 anno

351 1804 443 1872 1572.
469 1803 592 1879 exarsit,
615 1805 644 1865 in
669 1821 776 1865 annum
802 1803 840 1865 ab
863 1803 914 1865 illo
939 1802 1119 1864 tricesimum
1143 1810 1175 1863 et
1196 1803 1277 1864 ultra
1303 1805 1510 1867 contulerunt:
1541 1805 1627 1885 qaod
1652 1805 1702 1886 qui

347 1905 419 1961 tunc
442 1895 506 1958 nati
528 1899 607 1969 sunt,
631 1891 651 1953 ii
674 1893 730 1954 hoc
754 1901 887 1972 ternpore
911 1891 1022 1972 elapsis
1046 1891 1109 1971 jam
1140 1887 1184 1954 34
1207 1891 1294 1954 annis
1321 1893 1352 1956 in
1381 1893 1704 1966 virossuccreverint

348 1995 382 2050 et
403 1985 492 2048 rebus
515 1981 654 2064 gerendis
677 1981 776 2044 idonei
800 1981 885 2044 sint
918 1980 1107 2044 Tantundem
1131 1979 1238 2063 quippe
1262 1984 1405 2063 temporie
1428 1983 1518 2045 fluxit
1540 1983 1642 2046 etiam
1666 1985 1703 2045 ab

350 2082 455 2138 exortu
478 2073 635 2153 Magorum
658 2071 775 2145 stellae,
800 2071 972 2151 priusquam
994 2069 1063 2151 quid
1088 2068 1140 2132 illa
1162 2071 1345 2151 signiticaret
1362 2071 1394 2136 in
1409 2069 1543 2148 Christo,
1570 2073 1625 2154 qui
1650 2075 1703 2134 sub

348 2185 387 2228 aa
418 2171 507 2225 natue
540 2169 622 2230 erat,
654 2166 784 2241 pateret.
830 2159 1008 2240 Respondet
1039 2168 1126 2222 aetas
1153 2170 1185 2222 et
1208 2161 1237 2222 in
1261 2179 1297 2223 eo
1328 2161 1477 2242 principe,
1511 2161 1564 2242 qui
1598 2171 1702 2243 spreto

348 2253 511 2316 Turnacum
532 2250 717 2330 Imperatore
742 2248 925 2312 Christianis
955 2268 988 2310 ae
1016 2249 1118 2330 junxit
1140 2257 1173 2310 et
1199 2250 1329 2331 ‚denique
1351 2252 1475 2314 Baciam
1499 2251 1600 2314 cessit
1624 2252 1702 2332 Regi

347 2341 532 2423 Huugariae,
552 2359 589 2401 ex
604 2358 660 2421 que
671 2346 813 2418 tempore
832 2347 866 2400 ut
884 2338 955 2402 olim
970 2339 1076 2401 Africa
1094 2337 1138 2400 sic
1152 2339 1215 2418 jum
1230 2339 1326 2402 Bacia
1345 2359 1463 2421 semper
1482 2340 1602 2421 aliquid
1622 2343 1700 2403 nori.

421 2428 524 2502 rQuas
549 2430 586 2491 de
609 2428 800 2491 nascentibus
823 2427 896 2504 dixi,
920 2429 1024 2490 eadem
1048 2447 1085 2493 ex
1107 2437 1193 2508 parte
1213 2430 1295 2492 etde
1319 2431 1379 2492 illis
1402 2431 1627 2510 intelligantur,
1656 2431 1702 2512 qui

349 2521 451 2586 multis
478 2519 565 2582 annis
595 2527 665 2580 ante
694 2517 740 2580 die
765 2513 817 2581 29.
842 2515 895 2582 30.
919 2515 1097 2580 Novembris
1126 2518 1206 2599 stylo
1234 2518 1329 2582 veteri
1356 2520 1420 2582 nati
1452 2528 1541 2595 suut,
1576 2538 1702 2602 quorum

294 2631 309 2661 ο
351 2609 433 2674 Solis
465 2611 561 2672 locum
591 2607 682 2670 stella
712 2607 889 2687 occuparit,
925 2617 979 2668 aut
1008 2605 1034 2668 si
1064 2606 1169 2686 quibus
1198 2608 1229 2675 in
1253 2608 1396 2670 orientem
1433 2608 1556 2686 incidit3
1594 2611 1702 2690 quibos

350 2699 488 2764 similiter
511 2697 609 2772 stella,
635 2696 809 2778 quantisper
823 2696 942 2776 quidem
961 2695 1054 2772 fulsit,
1078 2712 1137 2757 non
1157 2695 1267 2759 influxu
1283 2698 1336 2759 sed
1356 2689 1555 2762 commotione
1580 2700 1704 2762 occulta

350 2790 527 2852 facultatum
546 2786 662 2849 animae
681 2784 862 2848 naturalium
877 2785 1015 2848 stimulos
1029 2786 1068 2847 ad
1087 2785 1297 2865 res-gerendae
1316 2787 1469 2850 addidisse
1484 2787 1569 2851 credi
1586 2799 1701 2870 potest

257 2868 261 2883 ‘
437 2879 520 2940 Haec
544 2885 644 2938 tamen
668 2875 747 2938 iutra
765 2875 820 2936 hos
843 2874 986 2937 terminos
1009 2874 1218 2955 conquiescere
1242 2893 1365 2938 necesse
1382 2887 1431 2940 est
1439 2897 1449 2953 3
1473 2897 1550 2959 quaa
1572 2880 1701 2959 primum

352 2976 445 3049 atque
469 2965 508 3027 ad
532 2965 661 3046 speciem
684 2965 885 3038 deducuntur,
907 2965 972 3044 jam
992 2961 1076 3035 ’Rrec
1089 2985 1194 3026 saroa
1228 2966 1333 3047 ltaque
1356 2983 1413 3028 non
1437 2969 1527 3029 valde
1550 2969 1701 3032 meditate

351 3055 507 3121 Fabricius
537 3072 645 3135 magno
674 3052 853 3118 Germaniae
876 3053 1009 3134 Principi
1032 3072 1069 3115 ex
1092 3073 1126 3114 eo
1151 3055 1224 3129 solo,
1259 3056 1336 3135 qnod
1366 3075 1444 3117 nova
1475 3058 1571 3119 stella
1606 3071 1701 3122 ortum

352 3147 415 3226 eius
438 3143 540 3208 sextili
563 3143 677 3217 feriret,
700 3141 771 3206 Sole
795 3143 849 3206 sub
872 3143 971 3224 ipsum
998 3150 1134 3206 exortum
1156 3145 1263 3206 stellae
1286 3143 1316 3206 in
1339 3145 1391 3208 illo
1419 3147 1514 3226 gradu
1543 3160 1698 3224 versante,

352 3253 442 3298 ausus
466 3243 515 3296 est
536 3231 638 3296 felicia
660 3232 759 3294 omnia
777 3241 809 3294 et
824 3233 943 3313 quidem
966 3251 1105 3313 magnam
1123 3231 1153 3294 in
1168 3233 1292 3314 imperio
1312 3234 1467 3314 dignitatis
1491 3239 1699 3303 accessionem

350 3321 495 3407 polliceri.
533 3319 622 3393 Quod
644 3321 700 3382 hoc
723 3322 788 3384 loco
808 3340 864 3383 oon
885 3322 944 3384 alio
964 3321 1088 3383 consilio
1111 3338 1262 3397 recenseo,
1285 3341 1373 3403 quarn
1393 3333 1427 3386 ut
1448 3343 1603 3402 moneam,
1628 3349 1700 3410 quae

350 3412 394 3476 sic
418 3429 474 3491 ego
498 3411 534 3472 de
558 3409 717 3490 genesibus
745 3410 822 3486 dixi,
856 3410 1029 3490 longissime
1060 3411 1181 3473 diversa
1208 3429 1275 3473 esse
1299 3412 1337 3474 ab
1360 3414 1584 3494 astrologorum
1610 3433 1646 3482 et
1667 3420 1700 3481 ab

351 3502 399 3565 hie
423 3499 498 3582 ipsis
512 3498 642 3562 Fabricii
666 3498 804 3564 decretis.
824 3499 918 3562 -Nam
936 3509 973 3562 nt
992 3499 1066 3562 nihil
1090 3501 1197 3577 dicam,
1223 3501 1310 3580 longe
1333 3503 1502 3582 quaesitam
1526 3525 1601 3570 esse
1625 3511 1701 3571 hano

351 3591 458 3656 stellae
480 3607 547 3652 cum
561 3587 614 3650 illa
628 3585 732 3668 genesi
749 3589 957 3669 cognationem
975 3589 1146 3652 interventu
1161 3589 1262 3652 Solis:
1287 3592 1375 3671 longe
1394 3592 1477 3654 aliud
1491 3605 1552 3671 est,
1568 3597 1701 3680 aliquem

350 3698 428 3744 anno
459 3675 551 3744 1605.
586 3677 744 3758 inquietari
773 3697 828 3750 ex,
843 3679 961 3741 occulta
990 3677 1195 3742 stimulatione
1227 3688 1352 3741 naturae
1384 3700 1457 3743 snae
1490 3701 1547 3764 per
1580 3691 1701 3752 stellam

351 3771 451 3846 iacta,
483 3777 515 3832 et
541 3767 668 3830 eundern
691 3785 729 3830 ex
752 3766 807 3830 hoc
830 3787 907 3828 anno
934 3763 1027 3831 1605.
1051 3767 1082 3828 in
1109 3777 1262 3849 postemm
1290 3771 1483 3851 praecipuam
1515 3774 1700 3855 dignitatem

349 3859 379 3924 in
393 3858 522 3939 Imperio
544 3855 723 3920 Germanico
746 3865 923 3937 exspectare
946 3857 1055 3920 debere
1079 3857 1200 3938 suisque
1223 3858 1357 3921 consiliis
1380 3861 1505 3940 Imperii
1531 3872 1652 3930 statum
1674 3869 1699 3928 in

350 3949 455 4012 melius
486 3947 720 4012 emendaturum.
775 3945 841 4008 Hoc
870 3946 988 4009 consilii
1019 3954 1068 4008 est
1098 3946 1448 4029 circumstantiarumque
1480 3953 1702 4031 sublunarium,

348 4038 423 4104 illud
446 4045 582 4102 naturae.

928 4225 1110 4238 *w

875 4406 994 4508 Caput
1019 4404 1187 4489 XXIX..

656 4585 713 4651 De
737 4585 871 4670 respons
891 4585 976 4670 qna
995 4585 1199 4651 mantino
1220 4586 1385 4670 effosum

440 4743 651 4824 Interjicienda
673 4753 721 4808 est
744 4753 885 4826 separata
899 4746 974 4809 haec
995 4745 1157 4826 explicatio
1176 4765 1234 4809 nco
1255 4753 1373 4810 tanturn
1386 4747 1463 4826 ideo,
1487 4753 1562 4834 quia
1584 4753 1697 4838 imper-

319 4897 323 4904 ,
355 4833 436 4900 teau
456 4833 604 4896 videbitur
625 4833 735 4916 trigoni
762 4835 842 4914 ignei
873 4835 1049 4916 descriptio,
1081 4836 1138 4899 nisi
1162 4837 1292 4917 paucula
1322 4837 1424 4921 aliqua
1455 4846 1696 4923 respondeantur
