3674 5538
695 317 824 382 Appendlx
844 317 876 368 ad
899 317 982 382 Caput
999 316 1018 366 l.
1256 317 1260 324 '
1473 311 1535 382 149

175 500 265 550 utrem
284 492 464 548 illustrabit:
484 493 553 547 visio
574 501 667 549 tamen
681 511 735 548 nou
757 502 887 566 sequetur
908 497 1030 565 quamvis
1052 497 1130 549 oculo
1145 496 1172 550 in
1194 497 1267 551 atris
1287 497 1422 550 illustrati
1444 497 1536 567 spatio

176 573 332 628 constituto.
368 573 547 628 Contrarium
567 573 659 644 potius
681 581 803 629 testatur
823 575 1015 644 experientia:
1038 582 1070 629 ut
1090 593 1143 646 quo
1164 576 1262 631 fortius
1283 577 1442 631 illustratur
1462 579 1537 632 color

177 653 281 725 aliquis,
303 654 358 707 hoc
380 659 514 708 cernatur
534 649 574 722 (id
596 662 639 708 est
658 651 796 720 reluceat)
824 655 977 709 evidentius
1004 656 1084 724 idque
1112 657 1250 710 continue.
1290 657 1367 727 Ergo
1389 656 1436 710 ubi
1458 659 1537 712 nulla

177 734 272 788 coloris
295 733 459 798 illustratio,
482 734 561 787 nulla
581 734 666 788 eham
691 733 752 802 ejus
774 734 854 798 visio,
886 735 1011 804 quicquid
1032 737 1082 788 liat
1107 735 1262 805 perspicuo.
1304 737 1349 790 lta
1370 743 1399 790 et
1419 738 1452 789 de
1473 753 1536 806 per·

177 814 268 884 spiauo
294 819 421 868 testatur
452 813 642 882 experientia,
674 831 727 884 quo
758 815 847 884 magis
873 813 901 867 in
925 814 985 883 ipso
1010 815 1061 868 lux
1092 814 1332 880 animadvertitur,
1364 817 1416 870 hoc
1446 817 1535 888 magis

177 893 298 964 impediri
320 895 446 947 colorum
476 893 607 947 visionem
629 895 674 964 qui
696 901 772 948 trans
798 895 865 947 illud
896 901 973 957 sunt,
1006 896 1071 965 quia
1100 894 1224 949 inhaesio
1253 896 1322 949 lucis
1343 895 1370 949 iu
1390 897 1536 965 perspicuo

178 973 295 1028 destmit
315 973 504 1027 definitionem
523 974 671 1043 perspicui.

266 1053 390 1114 Quodsi
417 1067 536 1122 quaeras
558 1069 596 1106 ex
614 1055 782 1114 Aristotele,
814 1069 867 1121 quc
887 1059 925 1107 ex
946 1069 1050 1124 genere
1077 1061 1166 1107 motus
1193 1054 1241 1117 sit,
1269 1070 1329 1108 cum
1350 1055 1426 1108 color
1445 1061 1537 1109 movet

180 1141 243 1187 autu
264 1133 442 1203 perspicuum
464 1139 494 1185 et
518 1149 577 1186 curn
598 1134 651 1187 hoc
677 1138 769 1186 mouet
796 1133 915 1196 oculum,
948 1135 1021 1188 dicet
1050 1134 1146 1203 opinor
1176 1135 1371 1188 alterationem
1394 1127 1471 1204 (cap.
1494 1129 1535 1200 5).

179 1213 206 1268 Si
227 1229 347 1282 quaeras
368 1214 518 1267 secuudum
544 1229 625 1281 quam
652 1213 829 1284 qualitatem,
858 1216 1005 1266 secundum
1031 1214 1149 1267 colorem
1177 1219 1289 1283 oportet
1308 1220 1340 1267 ut
1359 1216 1535 1283 respondeat.

178 1295 254 1363 Ergo
275 1292 452 1362 perspicuum
473 1309 491 1345 a
512 1310 567 1345 non
587 1293 678 1347 colore
700 1293 728 1345 in
749 1293 867 1346 colorem
888 1300 918 1347 et
937 1307 1044 1346 rursum
1066 1309 1084 1346 a
1104 1293 1184 1346 viridi
1205 1293 1232 1346 in
1258 1295 1373 1348 rubeum
1394 1299 1424 1346 et
1444 1300 1535 1348 atrum

180 1372 344 1426 traducitur.
377 1373 452 1426 Idem
473 1371 560 1442 igitur
579 1373 755 1442 perspicuum
777 1373 872 1425 eadem
892 1373 934 1426 sui
955 1377 1036 1442 parte
1058 1373 1181 1426 omuibus
1203 1373 1309 1426 omnino
1332 1373 1468 1427 coloribus
1483 1373 1537 1426 erit

181 1451 315 1507 imbutum
335 1457 365 1504 et
386 1460 479 1506 tamen
501 1451 623 1506 movebit
643 1451 765 1528 diversos
786 1451 860 1505 visus
880 1470 935 1507 non
955 1452 1007 1506 illa
1029 1454 1149 1506 colorum
1170 1451 1342 1515 confusione,
1363 1459 1396 1506 ut
1417 1453 1537 1506 colorum

181 1531 366 1585 contusionem
387 1533 503 1586 videant
523 1533 638 1585 eandem
653 1549 754 1596 omnes,
777 1533 824 1584 sed
840 1535 909 1603 quod
927 1532 1102 1601 experientia
1123 1537 1246 1586 testatur
1259 1532 1332 1585 hunc
1346 1527 1431 1585 ia'ciet
1444 1532 1537 1586 videre

181 1611 274 1672 viride,
298 1610 384 1664 alium
403 1611 521 1681 nigrum,
545 1611 656 1665 tertium
676 1613 801 1666 rubeum.
845 1613 954 1674 Quaeso
976 1618 1068 1665 autem
1091 1627 1146 1681 qua
1164 1611 1274 1666 ratione
1298 1611 1465 1681 pellucidum
1485 1612 1538 1665 hoc

182 1697 327 1761 praestare
355 1691 480 1760 poterit?
510 1691 549 1746 Et
574 1694 706 1761 quomodo
727 1693 756 1744 in
782 1700 919 1746 momento
947 1697 1029 1746 tanta
1062 1691 1134 1746 atris
1160 1691 1333 1760 profunditas
1359 1691 1535 1755 alterabitur,

181 1771 232 1824 imo
253 1773 388 1840 quomodo
402 1777 445 1824 tot
466 1770 571 1824 colores
593 1772 742 1826 sustinebit
762 1773 859 1826 eadem
873 1778 953 1840 parte
969 1771 1032 1824 sui?
1053 1772 1151 1842 ltaque
1173 1786 1233 1825 cum
1248 1772 1359 1824 nonsit
1379 1772 1538 1840 adaequata

181 1851 250 1904 haec
271 1851 460 1904 commentitia
481 1864 566 1904 causa
587 1852 696 1904 effectui
717 1868 806 1921 neque
827 1853 974 1904 secundum
995 1851 1162 1904 varietatem
1182 1849 1317 1904 visionum
1330 1867 1384 1903 uno
1399 1856 1430 1904 et
1442 1851 1537 1904 eodem
1589 1910 1593 1920 ¹

182 1935 317 1982 momento
344 1929 438 1983 varios
461 1938 492 1983 et
515 1929 578 1999 ipsa
602 1933 695 1985 modos
713 1931 858 2000 ,accipiat
890 1947 940 2000 pro
961 1931 1041 1984 nulla
1067 1931 1195 1985 habetur.
1237 1931 1444 1998 Amplectamur
1468 1945 1536 1999 ergo

181 2024 274 2062 reram
296 2009 463 2063 sententiam
484 2009 536 2062 hoc
557 2009 648 2079 capite
669 2010 835 2080 descriptam
857 2017 887 2064 et
909 2009 1127 2064 irrefutabilihus
1155 2009 1352 2078 experimentis
1374 2008 1537 2072 stabilitam,

182 2105 200 2142 a
218 2089 284 2142 Sole
309 2089 416 2142 scilicet
436 2095 467 2142 et
487 2105 505 2142 a
530 2090 752 2144 coloribus'Sole
780 2090 927 2144 illustratis
958 2091 1077 2143 defluere
1107 2089 1213 2159 species
1239 2089 1393 2142 consimiles
1423 2089 1537 2159 ipsoque

183 2169 259 2221 fluxu
280 2168 431 2231 attenuari,
454 2171 540 2222 donec
561 2169 588 2222 iu
608 2169 725 2223 medium
746 2185 909 2239 quacunque
930 2169 1038 2222 ratione
1066 2185 1180 2238 opacum
1202 2169 1323 2222 incidant
1347 2168 1439 2239 ibique
1460 2184 1539 2222 suum

182 2249 285 2301 iontem
306 2247 479 2318 depingant:
500 2248 613 2319 fierique
634 2249 766 2302 visionem
788 2247 871 2319 (quod
892 2250 965 2303 intra
984 2265 1043 2318 cap.
1064 2247 1090 2302 5.
1113 2244 1239 2313 dicetur),
1261 2265 1322 2303 cum
1344 2263 1445 2318 opacus
1467 2247 1539 2301 oculi

182 2327 273 2396 paries
294 2328 348 2380 hoc
367 2329 447 2381 modo
468 2327 601 2398 pingitur,
623 2329 773 2392 confusam,
796 2346 855 2382 cum
877 2329 1080 2382 confunduntur
1100 2329 1138 2383 ibi
1158 2329 1284 2399 picturae
1305 2329 1444 2382 variorum
1465 2327 1538 2400 aolo-

183 2423 246 2469 rum,
269 2406 437 2470 distinctam,
460 2424 520 2460 cum
541 2425 595 2461 non
616 2409 827 2462 confunduntur.

268 2486 329 2540 Nisi
351 2487 422 2541 enim
443 2488 509 2542 talis
531 2488 657 2542 defluxus
679 2489 836 2558 specieique
853 2489 997 2542 defluentis
1020 2487 1177 2542 attenuatio
1198 2487 1377 2549 wachcatur,
1399 2501 1539 2557 nunquam

181 2565 367 2621 Aristotelicis
388 2566 530 2637 principiis
544 2567 687 2631 efficietur,
710 2573 742 2621 ut
756 2569 851 2622 oculus
866 2567 950 2621 aliter
971 2568 1108 2622 afficiatur
1128 2565 1234 2620 visione
1255 2572 1379 2620 remotae
1392 2565 1433 2619 rei
1455 2565 1540 2620 aliter

181 2645 362 2716 propinquae,
384 2647 541 2715 quantitate
562 2647 624 2700 visa
644 2653 673 2700 et
693 2649 785 2701 colore
806 2648 864 2701 riso
886 2647 914 2700 in
935 2647 996 2717 pari
1016 2649 1105 2718 gradu
1126 2661 1177 2717 per
1202 2645 1453 2716 compensatiouem
1474 2663 1538 2699 con·

183 2725 297 2779 ιιίιιιιὶε.
340 2725 409 2778 Vide
431 2728 464 2780 de
485 2725 538 2780 hoc
558 2726 643 2780 etiam
664 2743 723 2795 cap.
748 2727 774 2782 3.

260 2804 410 2859 Sententia
433 2805 667 2860 ravennnae
696 2807 796 2871 habet,
827 2809 933 2860 colores
954 2823 1008 2860 non
1030 2804 1083 2858 nisi
1103 2803 1132 2858 in
1153 2804 1214 2857 luce
1239 2803 1338 2867 videri,
1370 2809 1401 2856 at
1426 2819 1539 2858 causam

182 2883 311 2955 assignat
332 2884 442 2948 falsam,
464 2887 526 2938 dum
546 2887 635 2940 lucem
655 2885 793 2956 perspicui
815 2902 901 2940 causa
921 2883 1077 2946 introducit,
1100 2901 1180 2953 quae,
1202 2891 1235 2938 ut
1254 2883 1320 2946 dixi,
1343 2888 1424 2936 nocet
1442 2884 1536 2952 potius

183 2963 339 3034 perspicuo.
367 2965 432 3018 Lux
453 2973 545 3019 autem
567 2966 627 3020 ideo
647 2966 798 3039 requiritur
812 2968 846 3019 ad
861 2966 966 3020 colores
987 2965 1125 3028 ridendos,
1148 2963 1213 3034 quia
1233 2962 1338 3018 colores
1353 2979 1407 3016 nou
1427 2962 1538 3016 radiant

183 3052 231 3098 aut
251 3043 372 3112 speciem
400 3046 530 3099 emittunt
550 3045 579 3099 lu
598 3046 838 3115 hemisphaerium,
860 3045 912 3099 nisi
933 3046 1107 3100 illustrentur
1127 3043 1188 3097 luce
1209 3043 1281 3098 Solis
1303 3048 1352 3097 aut
1372 3042 1536 3098 facularum.

259 3141 306 3194 lta
335 3141 476 3196 sententia
499 3143 543 3196 14.
572 3143 656 3213 plane
684 3147 869 3214 pervertenda
895 3150 946 3198 est.
989 3145 1049 3206 Quo
1074 3142 1137 3213 plus
1160 3143 1254 3196 oculus
1281 3141 1388 3210 patitur
1414 3139 1538 3208 (visionis

182 3217 278 3284 causa)
301 3222 338 3274 ab
358 3221 533 3285 intermedio,
564 3224 617 3277 hoc
641 3225 729 3277 minus
758 3231 835 3278 recte
860 3232 891 3277 et
915 3223 1061 3293 perspicue
1081 3239 1126 3276 res
1156 3229 1235 3276 trans
1265 3220 1333 3274 illud
1362 3221 1536 3276 videbuntur.

184 3301 259 3354 Tunc
282 3300 378 3370 itaque
398 3301 602 3370 perfectissima
621 3305 653 3358 lit
673 3305 753 3368 risio,
777 3321 836 3358 cum
858 3305 953 3357 oculus
974 3304 1058 3373 plane
1079 3303 1147 3357 nihil
1170 3303 1206 3356 ab
1234 3300 1395 3355 intermedio
1420 3301 1537 3371 patitur.

271 3381 310 3434 Et
334 3381 385 3434 15:
406 3382 491 3451 plane
513 3383 607 3437 oculus
629 3399 647 3437 a
668 3385 766 3438 coloris
789 3384 881 3454 specie
900 3399 952 3454 per
972 3400 1070 3454 corpus
1095 3381 1261 3452 pellucidum
1283 3387 1445 3436 transeunte
1466 3382 1538 3436 alte·
1580 3424 1585 3433 .

185 3467 263 3516 ratur
285 3459 345 3513 sine
366 3477 419 3530 ope
440 3461 580 3530 pellucidi.
1327 3479 1330 3484 '

271 3540 311 3593 Et
334 3540 385 3594 16:
408 3540 432 3593 si
452 3542 535 3610 plane
556 3559 647 3596 vacua
666 3549 742 3596 esset
762 3543 841 3614 regio
863 3544 969 3597 coelum
989 3550 1019 3596 et
1039 3543 1152 3596 Terram
1171 3541 1254 3604 inter,
1281 3540 1399 3594 omnium
1427 3555 1539 3595 accura-

185 3621 293 3674 tissima
313 3620 395 3673 fieret
414 3619 484 3674 visio
505 3639 607 3684 eorum,
629 3623 743 3691 quaein
764 3624 842 3676 coelo
858 3623 919 3692 jam
940 3623 1067 3676 videntur
1088 3615 1157 3688 (non
1170 3627 1271 3684 tamem
1294 3622 1366 3691 quod
1379 3621 1427 3673 ille
1448 3619 1538 3688 philo·

184 3701 288 3770 sophus
310 3699 430 3763 dicebat,
454 3700 584 3755 formicae
605 3701 633 3754 in
654 3703 740 3766 coelo,
762 3703 928 3773 impediente
949 3703 1002 3756 hoc
1023 3701 1212 3756 imbecillitate
1233 3696 1429 3762 instrumenti).
1444 3692 1479 3757 ¹²)

271 3799 371 3867 Itaque
401 3797 515 3852 videant
541 3798 589 3852 alii
615 3799 678 3870 quid
706 3801 739 3852 de
768 3799 904 3870 analogia
932 3815 1059 3853 sensuum
1085 3796 1224 3850 sententia
1252 3797 1297 3849 17.
1319 3795 1476 3850 introducta
1503 3795 1541 3848 sit

185 3879 365 3932 sentiendum.
396 3877 466 3940 Quid
488 3877 511 3930 si
532 3879 603 3932 enim
625 3879 758 3950 analogia
779 3879 818 3932 sic
837 3879 931 3948 potius
953 3881 1092 3938 formetur,
1113 3884 1146 3929 ut
1166 3880 1311 3944 postquam
1332 3875 1411 3928 nobis
1426 3876 1460 3927 de
1478 3872 1540 3926 visu

184 3963 294 4013 mustat
311 3957 373 4026 jam
394 3959 430 4010 ad
451 3957 512 4026 ejus
533 3975 654 4012 normam
675 3968 705 4013 et
724 3961 757 4012 de
779 3960 875 4013 auditu
897 3961 984 4030 deque
1006 3961 1122 4012 odoratu
1143 3955 1320 4024 disputemus.
1361 3955 1401 4006 Et
1420 3955 1452 4006 de
1474 3955 1539 4006 odo·

184 4047 246 4092 ratu
268 4037 378 4108 quidem
399 4054 479 4091 nemo
499 4039 615 4109 negabit
635 4039 748 4092 effluere
770 4039 909 4109 quippiam
930 4039 1019 4093 odoris
1034 4054 1070 4089 ex
1085 4035 1147 4104 ipsa
1168 4033 1326 4088 substantia
1339 4031 1380 4086 rei
1399 4032 1539 4102 recipique

185 4117 209 4172 iu
230 4135 329 4180 nares,
361 4117 442 4188 idque
464 4123 544 4171 tanto
565 4117 660 4170 sentiri
683 4118 781 4172 lortius
812 4125 916 4188 quanto
942 4117 1058 4172 medium
1079 4121 1108 4167 et
1132 4113 1267 4170 distantia
1291 4111 1439 4167 minuitur:
1471 4113 1539 4166 adeo

184 4198 249 4252 nihil
272 4199 307 4251 ad
330 4196 531 4251 informandum
553 4213 661 4252 sensum
683 4199 790 4252 confert
810 4199 855 4252 hic
874 4199 999 4252 medium.
1032 4194 1156 4258 Quinimo
1178 4199 1301 4263 tempore
1322 4191 1429 4246 sistitur
1449 4192 1539 4246 fluxus

185 4278 243 4340 istc,
264 4273 428 4332 substantia
443 4283 571 4334 ‚vacuata
589 4284 619 4330 et
640 4285 783 4331 arescente
811 4279 896 4332 fonte.
939 4279 1071 4347 Quodque
1097 4276 1198 4328 attinet
1224 4273 1430 4343 proportionem
1456 4270 1540 4339 hujus

184 4357 284 4412 effluvii
305 4359 341 4412 ad
363 4356 499 4420 medium,
522 4357 627 4410 scilicet
648 4358 682 4410 ad
708 4362 815 4420 utrem,
845 4359 910 4411 odor
937 4357 1010 4428 ignis
1036 4355 1170 4410 rationem
1201 4353 1289 4407 habet
1316 4365 1476 4421 sursumque
1504 4351 1541 4404 ab

185 4438 253 4493 aeris
275 4437 452 4493 faeculentia
473 4437 633 4505 expellitur.
662 4437 692 4490 Id
714 4453 773 4490 cum
795 4437 862 4491 alibi
883 4445 940 4492 tum
961 4433 1164 4491 evidentissime
1178 4433 1205 4486 in
1220 4430 1381 4487 carinthiae
1402 4430 1540 4485 montibus

183 4517 379 4574 excelsissimis
401 4523 432 4570 et
453 4516 536 4584 plane
558 4516 643 4570 calvis
665 4515 884 4571 animaduersum
906 4523 957 4572 est.
995 4517 1068 4570 Vere
1088 4529 1204 4584 namque
1224 4529 1276 4581 per
1296 4527 1343 4564 eos
1365 4510 1540 4564 ambulantes

183 4599 360 4655 suavissimus
383 4595 497 4668 quidam
511 4603 541 4650 et
553 4596 638 4665 plane
660 4597 811 4651 ambrosius
827 4599 893 4651 odor
907 4616 944 4651 ex
958 4594 1091 4664 subjectis
1108 4591 1269 4646 florentibus
1290 4591 1410 4644 uallibus
1426 4588 1538 4659 excipit.

257 4689 342 4744 Circa
365 4685 493 4740 auditum
514 4685 674 4754 perplexior
695 4686 802 4757 quidem
816 4693 861 4740 est
880 4685 954 4740 ratio
974 4681 1128 4737 emanantis
1143 4679 1246 4750 speciei
1259 4681 1330 4733 ictus
1345 4695 1427 4751 quam
1441 4677 1540 4742 odoris,

180 4771 408 4827 luciliortameu
429 4781 512 4836 quam
533 4765 640 4819 coloris.
668 4765 750 4819 Lucis
771 4765 843 4819 enim
862 4773 952 4819 motus
974 4765 1002 4816 in
1022 4766 1157 4816 momento
1172 4767 1224 4814 est.
1252 4761 1327 4814 Ictus
1347 4775 1413 4814 vero
1434 4757 1540 4829 species

179 4861 301 4924 tempore
323 4847 472 4904 namt:
492 4845 556 4914 plus
577 4845 664 4916 igitur
684 4863 714 4900 se
736 4847 771 4900 ad
791 4845 926 4900 materiae
951 4843 1073 4898 rationes
1098 4842 1293 4896 accommodat.
1334 4841 1374 4894 Et
1392 4839 1464 4914 quud
1484 4854 1540 4896 me-
