3694 5528
361 267 428 336 ere
959 269 1099 352 ,nomo

362 447 522 509 intervallo
546 447 616 521 PV,
649 450 720 507 tunc
752 445 867 525 majora
898 432 992 508 videri
1025 445 1158 509 visibilia
1188 447 1270 508 lente
1298 442 1368 518 ΡΟ,
1398 443 1480 524 cnjus
1504 444 1542 506 ab
1571 447 1700 508 oculoV

363 535 511 597 distantia
541 534 637 613 major
670 540 718 594 est
739 532 769 593 in
802 535 993 614 proportione
1017 534 1073 596 PR
1102 535 1316 598 semidiametri
1350 551 1439 612 quam
1467 539 1515 594 est
1547 535 1637 596 lentis
1659 536 1703 597 S‘I

363 624 509 685 distantia
532 621 584 683 SO
609 620 646 682 ab
671 621 755 683 oculo
780 620 807 684 Ο
832 623 859 684 in
884 622 1075 703 proportione
1100 622 1156 684 SV
1179 622 1410 687 semidiametri:
1436 620 1544 701 quippe
1568 643 1635 685 curn
1656 623 1702 686 OS

260 763 269 776 .
364 712 402 773 ad
426 711 481 772 SV
505 710 545 773 sit
567 718 600 772 ut
623 708 678 770 ΟΡ
700 711 740 770 ad
763 711 828 784 PR,
852 709 907 772 ΟΡ
930 731 1000 772 vero
1025 711 1066 773 sit
1089 710 1207 774 brevior
1231 730 1319 791 quarn
1343 711 1409 772 VP.

450 799 529 860 Nam
552 816 606 877 per
620 797 785 862 LXXXII.
810 799 890 861 lente
909 799 967 870 PQ
989 802 1104 880 posita,
1128 799 1244 877 majora
1266 799 1405 861 videntur
1428 796 1560 862 visibilia
1582 801 1703 861 ocnloV

361 907 448 967 quam
478 887 562 948 oculo
586 885 624 948 Ο.
670 886 715 948 At
741 905 795 966 per
823 888 967 950 hactenns
999 889 1207 950 demonstrata
1237 889 1322 948 oculo
1347 886 1374 949 Ο
1404 887 1543 968 aequalia
1574 888 1705 948 videntur

360 975 492 1037 visibilia
523 994 576 1054 per
605 973 656 1037 ST
688 983 719 1035 et
750 993 805 1054 per
827 973 884 1045 ΡΟ
916 977 1013 1038 lentes
1046 977 1074 1038 in
1108 977 1163 1037 hoc
1198 977 1267 1038 situ.
1314 976 1396 1056 Ergo
1426 976 1541 1054 majora
1574 977 1704 1040 videntur

360 1063 492 1126 visibilia
515 1063 600 1124 oculo
623 1057 655 1124 V
679 1063 759 1125 lente
777 1063 848 1139 ΡΩ,
875 1083 962 1144 quarn
986 1066 1071 1126 oculo
1096 1064 1123 1127 0
1148 1065 1228 1126 lente
1252 1063 1312 1126 ST.

384 1185 386 1190 ·
446 1151 627 1214 LXXXIV.
657 1152 880 1232 Propositio.
912 1151 1026 1214 Oculus
1049 1171 1106 1234 qno
1130 1153 1249 1232 longius
1272 1162 1361 1215 extra
1382 1160 1526 1233 puuctum
1549 1171 1704 1215 concursus

360 1239 477 1309 abierit,
502 1241 557 1301 lroc
582 1259 689 1301 eversa
711 1240 795 1303 videt
817 1242 941 1303 minora.

445 1329 543 1408 Hujus
575 1328 788 1408 propositionis
822 1329 1038 1392 demonstratio
1077 1329 1280 1391 declaratione
1313 1327 1415 1410 potius
1447 1329 1705 1409 comprehenditur
1795 1397 1796 1404 ρ

359 1425 392 1480 et
414 1417 637 1496 comparatione
660 1418 913 1496 praecedentium.
1795 1487 1796 1500 χ

446 1507 527 1569 Nam
559 1505 736 1584 incipiamus
767 1527 786 1567 a
812 1506 983 1568 XXXVII.
1007 1523 1173 1576 conversa,
1207 1513 1239 1566 et
1271 1505 1312 1567 sit
1342 1523 1396 1584 pro
1428 1512 1543 1586 puncto
1575 1505 1704 1567 radiante

358 1594 471 1668 ocnlns,
495 1577 618 1674 perinde
642 1593 721 1655 enim
746 1603 793 1657 est
821 1597 889 1673 (per
913 1595 985 1666 III).
1033 1593 1146 1655 Oculus
1180 1594 1270 1673 igitur
1303 1594 1329 1654 si
1362 1595 1403 1656 sit
1432 1603 1496 1655 tam
1529 1595 1705 1673 propinquus

259 1705 262 1712 ·
358 1683 442 1756 lenti,
468 1691 538 1745 tnnc
562 1683 625 1762 ejus
649 1683 725 1743 radii
748 1702 803 1763 per
827 1684 937 1744 lentem
952 1690 1143 1745 transeuntes
1164 1683 1323 1761 divergunt
1346 1683 1437 1744 etiarn
1460 1683 1587 1744 refracti
1612 1701 1706 1744 vorsus

359 1771 498 1843 visibile,
533 1778 565 1832 et
586 1771 635 1841 lit,
671 1773 749 1853 qnod
774 1773 1012 1834 demonstratum
1044 1779 1094 1832 est
1116 1789 1201 1852 prop.
1227 1771 1338 1844 Lxx..
1366 1779 1399 1832 ut
1426 1771 1545 1832 visibile
1570 1781 1707 1851 appareat

359 1867 502 1922 erectum.
550 1857 647 1922 Oculo
669 1879 741 1921 voro
765 1882 784 1923 a
806 1861 887 1923 lente
918 1859 1078 1920 recedente
1110 1861 1200 1939 paulo
1233 1859 1370 1940 longius,
1404 1867 1552 1938 augentur
1585 1859 1706 1922 visibilia

359 1947 630 2028 (perLXXXIl.),
647 1949 782 2027 quamvis
796 1949 937 2011 minuitur
952 1967 1053 2009 eorum
1069 1967 1207 2009 uumerus
1222 1950 1290 2028 (per
1305 1947 1470 2021 LXXXI).
1491 1947 1613 2010 Exinde
1631 1949 1706 2010 oculo
1795 1941 1796 2035 p

358 2037 498 2098 veniente
522 2055 613 2114 prope
637 2045 779 2115 punctum
804 2056 975 2112 concursus,
1001 2037 1064 2116 ejus
1088 2037 1164 2098 radii
1189 2037 1300 2098 lentem
1328 2035 1457 2116 ingressi
1480 2037 1557 2098 liunt
1577 2037 1706 2117 paralleli
1795 2099 1796 2104 ,

358 2144 412 2204 per
443 2123 580 2186 XXXV.
615 2143 802 2187 conversam.
855 2124 889 2188 Si
920 2126 1014 2187 latum
1043 2143 1172 2203 unguem
1200 2125 1328 2204 amplios
1357 2125 1521 2186 removeris
1555 2128 1706 2188 oculuma
1795 2105 1796 2132 ¹

357 2215 448 2287 lente,
473 2231 576 2274 omnes
600 2214 677 2276 oculi
701 2215 776 2276 radii
799 2233 853 2294 per
882 2213 995 2275 lentem
1026 2213 1149 2275 refracti
1182 2212 1328 2293 incipiunt
1359 2233 1555 2288 concurrere,
1590 2215 1705 2293 primum

357 2307 429 2380 post
451 2300 569 2362 visibile
593 2301 619 2362 si
650 2302 907 2375 conticuerentnr‚
941 2302 1008 2363 iude
1032 2301 1060 2363 in
1089 2301 1156 2381 ipso
1188 2301 1275 2364 unico
1306 2303 1348 2364 rei
1380 2301 1510 2363 risibilis
1535 2302 1706 2383 longinquae

358 2395 479 2469 puncto.
525 2389 567 2450 Et
590 2395 661 2452 tunc
694 2390 730 2451 de
765 2391 818 2452 lllo
847 2389 960 2452 visibili
989 2389 1063 2451 nihil
1086 2391 1143 2452 nisi
1166 2397 1309 2468 punctum
1332 2410 1422 2452 uuum
1445 2390 1599 2466 cernitur,
1631 2401 1661 2453 et
1681 2392 1706 2452 id

357 2487 419 2539 tam
444 2496 585 2556 magnum
609 2487 722 2558 quanta
745 2478 810 2542 lens
834 2485 962 2558 apparet
984 2487 1016 2540 et
1038 2477 1258 2540 confusissime.
1306 2478 1339 2541 Si
1370 2479 1459 2558 paulo
1483 2479 1617 2560 amplius
1640 2499 1704 2542 ocu-

357 2567 417 2627 lum
450 2586 469 2626 a
500 2567 581 2628 iente
613 2567 820 2643 abstraxeris,
854 2586 1015 2628 concursus
1048 2567 1097 2627 ille
1131 2567 1280 2628 radiorum
1312 2587 1364 2629 sen
1395 2567 1541 2630 linearum
1566 2588 1605 2629 ex
1628 2570 1704 2630 oculo

357 2655 570 2727 (refractorum
594 2655 623 2717 in
647 2656 744 2730 lente)
772 2656 836 2735 jam
860 2655 972 2716 deserit
1004 2675 1066 2716 rem
1101 2655 1183 2716 illam
1209 2655 1358 2717 visibilem
1392 2665 1424 2717 et
1456 2657 1579 2718 accedit
1611 2675 1705 2718 versus
1795 2645 1796 2728 J

356 2745 479 2805 lentem.
527 2742 589 2804 Sed
613 2744 683 2824 quia
715 2752 926 2806 concurrentes
959 2743 1036 2804 radii
1068 2763 1100 2804 se
1133 2751 1235 2805 mutuo
1269 2753 1375 2806 secant
1408 2751 1440 2806 et
1471 2753 1603 2822 pergunt
1635 2746 1707 2806 ultra

331 2825 529 2893 ‘concursum
554 2833 621 2910 (per
635 2833 751 2908 XXX),
774 2833 842 2894 ideo
866 2841 899 2892 et
921 2833 978 2893 hae
1004 2832 1098 2893 lineae
1123 2851 1161 2894 ex
1184 2832 1269 2894 oculo
1292 2852 1347 2913 per
1369 2833 1481 2894 lentem
1500 2825 1612 2895 ductae
1635 2834 1706 2894 ultra

354 2921 432 2981 hano
455 2939 540 2982 suani
569 2922 734 2982 sectionem
762 2921 882 2984 inverso
911 2921 1014 2984 ordine
1037 2920 1067 2981 in
1092 2919 1207 2982 visibile
1235 2921 1371 2996 incidunt
1400 2924 1469 3004 (per
1491 2920 1658 2995 LXXVI.)
1680 2929 1706 2982 et

354 3009 450 3088 primo
473 3009 624 3070 minimam
658 3011 722 3090 ejus
756 3009 933 3089 partIculam
966 3017 1135 3090 punctoque
1165 3009 1332 3088 proximam
1357 3009 1605 3088 apprehendunt3
1642 3020 1704 3070 tnnc

354 3095 446 3175 igitur
469 3096 574 3176 incipit
595 3098 676 3171 fieri,
708 3099 785 3178 quod
810 3106 858 3160 est
881 3099 1117 3160 demonstratum
1149 3115 1233 3177 prop.
1257 3095 1388 3164 LXXV.
1413 3105 1448 3159 ut
1469 3097 1592 3160 visibile
1616 3117 1705 3178 appa-

354 3190 421 3245 reat
444 3203 579 3248 eversum
603 3186 704 3267 aliqua
727 3187 772 3248 sui
795 3186 955 3272 particula.

444 3273 519 3333 Inde
543 3273 628 3335 ocnlo
653 3275 749 3355 magis
773 3295 808 3336 ac
833 3275 929 3355 magis
953 3275 1105 3352 elongato,
1129 3274 1183 3335 illa
1207 3275 1301 3336 sectio
1317 3275 1414 3355 magis
1429 3274 1586 3355 magisque
1606 3293 1705 3338 versus

354 3361 467 3422 lentem
492 3361 649 3425 descendit
672 3363 740 3442 (per
762 3363 863 3437 XLI.)
886 3371 919 3425 et
942 3363 1070 3441 angulus
1093 3363 1236 3424 sectionis
1260 3364 1295 3424 lit
1318 3362 1429 3441 major,
1460 3363 1550 3442 plura
1574 3365 1613 3426 de
1636 3363 1704 3423 visi-

354 3448 463 3510 bilibus
487 3451 760 3530 oomprehendens‚
792 3471 885 3531 usque
917 3453 987 3513 dum
1019 3452 1121 3514 oculus
1146 3452 1302 3531 elongetur
1333 3451 1508 3530 longissimo
1540 3451 1704 3522 intervallo,

356 3543 426 3598 tunc
450 3537 547 3598 lineae
571 3557 608 3599 ex
632 3539 696 3618 ejus
720 3545 822 3600 centro
855 3541 980 3604 veniunt
1012 3541 1050 3602 ad
1083 3541 1195 3602 lentem
1228 3559 1303 3620 pene
1336 3540 1521 3620 parallelae,
1557 3550 1590 3602 et
1622 3543 1706 3602 litut

355 3643 479 3705 propos.
509 3625 682 3700 XXXIV,
714 3634 748 3689 ut
778 3633 887 3690 coeant
917 3630 947 3690 in
979 3636 1061 3690 certo
1095 3636 1124 3689 et
1158 3629 1290 3690 dimenso
1323 3636 1433 3708 puncto
1466 3637 1552 3690 trans
1589 3631 1704 3690 lentem.
1795 3667 1796 3712 3

355 3714 494 3785 Quantus
517 3716 608 3795 igitur
629 3716 721 3777 estin
742 3715 896 3779 schemate
911 3715 941 3780 8.
962 3718 1089 3797 angulus
1107 3717 1199 3790 BFD,
1223 3724 1310 3778 tanta
1323 3717 1420 3796 portio
1437 3717 1473 3779 de
1488 3716 1705 3796 hemisphaerio
1795 3713 1796 3740 ¹

354 3803 473 3865 videtur
496 3805 557 3867 situ
581 3823 697 3866 everso.
745 3805 822 3867 Nam
846 3806 909 3880 BF,
932 3806 988 3868 DF
1009 3806 1162 3886 progressi
1186 3807 1311 3867 ulterius
1340 3826 1372 3866 se
1403 3825 1520 3869 rursum
1550 3815 1657 3868 secant
1678 3811 1706 3864 et

337 3891 397 3954 ¹sic
420 3891 555 3954 incidunt
577 3892 607 3954 In
631 3892 772 3957 visibilia.
1318 3961 1333 3983 χ

442 3979 568 4062 Semper
596 3989 696 4044 autem
726 3982 912 4062 excipiuntur
940 3984 977 4044 ab
1006 3982 1064 4042 hac
1096 3981 1263 4042 inversione
1287 3981 1417 4043 visibilia
1441 3981 1512 4054 illa,
1539 3989 1706 4062 quaesunt

353 4068 494 4147 propiora
518 4089 607 4150 quam
630 4071 690 4132 ista
718 4071 812 4134 sectio
846 4071 991 4134 linearum
1024 4091 1060 4131 err
1094 4078 1197 4131 centro
1230 4069 1308 4131 oculi
1341 4072 1420 4131 ultra
1452 4071 1573 4132 lentem.
1623 4072 1704 4133 Unde

352 4157 415 4218 lieri
438 4165 541 4236 potest
563 4167 597 4221 ut
621 4160 725 4246 codem
750 4158 851 4239 anguli
874 4161 935 4222 situ
958 4173 1075 4221 remota
1098 4159 1198 4238 aliqua
1222 4157 1381 4220 videantur·
1395 4159 1525 4233 inversa,
1551 4159 1614 4220 alia
1637 4177 1704 4237 pro-

352 4246 465 4325 pinqua
488 4255 599 4311 erecta.
1080 4297 1083 4303 ,

441 4334 534 4396 Hisce
566 4336 610 4397 sic
643 4335 833 4410 constitutis,
869 4337 995 4416 primum
1028 4337 1093 4397 lons
1127 4337 1195 4414 (per
1216 4333 1366 4406 LXVII.)
1405 4329 1476 4414 quo*
1495 4335 1638 4398 remotior
1670 4334 1705 4394 ab

354 4423 440 4484 oculo
463 4423 520 4485 hoc
544 4423 649 4486 miuori
672 4425 806 4489 cernitur
829 4426 937 4504 angulo
970 4434 1002 4486 et
1034 4443 1099 4486 cum
1124 4444 1161 4484 ea
1185 4429 1280 4485 totum
1304 4422 1413 4496 etiarn,
1444 4425 1521 4502 quod
1555 4443 1610 4503 per
1642 4441 1705 4484 eam

352 4509 472 4572 inverso
497 4512 556 4574 situ
580 4513 708 4576 videtur.
757 4514 873 4575 Deinde
898 4534 964 4575 cum
989 4513 1172 4592 digressione
1197 4511 1287 4573 lentis
1311 4513 1349 4573 ab
1382 4513 1467 4573 oculo
1494 4513 1582 4592 plura
1615 4511 1703 4573 etiarn

354 4600 391 4661 de
415 4599 635 4679 llemisphaerio
658 4601 770 4666 visibili
794 4604 823 4664 in
848 4621 914 4664 eam
937 4603 1139 4681 recipiuntur,
1163 4607 1196 4664 ut
1215 4600 1281 4680 jam
1305 4607 1353 4662 est
1376 4601 1568 4680 eprIcatunr.
1616 4599 1713 4662 Plura.

355 4687 445 4766 igitur
467 4689 606 4752 videntur
625 4691 752 4771 junctim
776 4692 892 4754 minora
914 4692 943 4753 in
966 4691 1118 4753 remotiori
1142 4692 1202 4753 situ
1225 4688 1312 4764 oculi,
1338 4709 1424 4770 quam
1439 4691 1582 4769 pauciora
1601 4689 1631 4750 in
1646 4687 1704 4748 situ
