3566 5536
717 291 800 360 uqa
816 291 896 344 svn.

671 575 792 676 Caput
822 574 943 652 XVII.

131 753 188 818 De
210 751 288 818 aliie
309 754 513 842 myrmeciis,
536 755 649 836 mribus
661 753 795 908 gesturam
816 754 1129 907 Miffm
1149 753 1233 820 iuter
1253 758 1356 842 osytae
1377 759 1487 823 sidera

748 863 782 906 se
797 863 860 928 pro
957 888 964 903 .

222 997 344 1062 Audisti
367 1011 574 1082 argumentum
597 1002 859 1078 mathematicum,
889 1002 960 1065 audi
988 1022 1066 1064 nune
1090 1010 1122 1064 et
1143 1002 1270 1086 physica
1293 1002 1367 1077 duo,
1398 1024 1488 1068 uuum

134 1111 152 1151 a
175 1097 287 1160 motu,
311 1090 456 1172 reliquum
479 1092 656 1156 alumine
680 1091 848 1154 deductum.
895 1089 1074 1171 Quanquam
1094 1091 1171 1172 quod
1191 1101 1306 1155 amotu
1322 1093 1488 1168 deducitur,

133 1185 248 1260 pugnat
272 1178 363 1241 etiam
386 1180 609 1245 mathematice.
657 1182 734 1244 Toto
758 1189 891 1261 tempure
916 1181 1081 1243 durationis
1105 1181 1193 1243 stetit
1216 1183 1320 1244 eodem
1344 1183 1409 1244 loco
1433 1184 1489 1244 sub

134 1265 216 1346 fixis3
239 1267 470 1332 schematismos
492 1288 558 1332 cunr
574 1270 672 1334 stellis
685 1270 781 1351 pedis,
802 1270 907 1344 tibiae,
922 1287 1058 1349 genuque
1078 1270 1184 1332 dextro
1199 1267 1389 1351 Serpentarii
1404 1291 1489 1333 cum·

135 1373 192 1436 que
215 1355 365 1438 triangulo
388 1357 419 1421 in
442 1357 525 1439 spira
539 1358 697 1440 Serpentis
721 1378 758 1422 ue
781 1358 935 1422 minimum
952 1359 1072 1438 quidem
1092 1358 1169 1439 quod
1188 1357 1217 1420 in
1238 1378 1345 1422 seusus
1361 1360 1493 1440 incursat

134 1444 274 1508 mutavit.
319 1446 389 1508 Non
412 1467 449 1509 ea
472 1457 655 1512 cometarum
674 1457 792 1522 natura,
819 1447 867 1530 qui
881 1466 936 1528 per
954 1445 1107 1509 mobilium
1122 1446 1273 1527 regionem
1287 1448 1491 1510 inveniuntur:

135 1552 191 1596 nec
214 1533 294 1596 enim
317 1535 394 1598 ullus
418 1535 563 1600 hactenus
586 1557 640 1619 per
663 1538 772 1600 multos
797 1536 862 1599 dies
894 1535 1053 1599 immobilis
1087 1543 1134 1598 est
1166 1534 1407 1612 animadversus,
1442 1537 1492 1617 qui

139 1623 228 1684 tanta
249 1623 473 1704 propinquitate
497 1635 590 1702 esset,
615 1636 649 1690 ut
663 1627 768 1689 diurno
791 1633 926 1706 tempore
949 1625 1045 1687 visum
1070 1625 1165 1688 locum
1189 1625 1244 1688 sub
1267 1625 1334 1688 lixis
1358 1645 1493 1688 commu·

137 1718 228 1775 taret.
275 1709 473 1794 Quotcunque
497 1723 560 1778 tam
582 1715 740 1796 propinqui
764 1717 859 1789 luere,
890 1722 925 1776 ut
946 1713 1114 1794 parallaxiu
1139 1713 1333 1776 admitterent
1357 1714 1493 1778 diurnam

137 1800 186 1862 vel
208 1819 355 1876 annuam,
378 1821 482 1866 omnes
505 1804 549 1867 illi
572 1813 694 1885 praeter
717 1805 793 1866 hanc
817 1803 1009 1867 tralationem
1032 1803 1178 1883 opticam,
1213 1822 1300 1883 quarn
1324 1802 1493 1884 parallaxin

142 1887 281 1964 dicimus,
316 1890 408 1954 etiam
436 1899 522 1972 ¹rurutu
553 1894 681 1974 quodam
714 1893 833 1974 proprio
866 1893 1032 1956 discurrere
1066 1899 1135 1954 sunt
1158 1892 1345 1972 deprehensi.
1392 1889 1494 1962 Quare

139 1985 372 2042 cousentaneum
397 1989 454 2057 est,
478 1980 547 2044 illae
571 1983 677 2045 stellas
700 2001 804 2056 norm,
830 1999 916 2061 qnae,
941 1988 976 2043 ut
997 1980 1112 2043 Plinius
1136 1979 1187 2043 lib.
1209 1981 1251 2044 11.
1276 2000 1343 2062 cap.
1363 1978 1416 2044 25.
1441 1982 1493 2056 ait,

139 2073 295 2129 moventur
318 2069 481 2132 errantium
503 2071 607 2145 modo,
639 2071 669 2134 in
699 2071 821 2151 regiona
854 2089 969 2151 quoque
1002 2068 1164 2132 errantium
1197 2089 1280 2132 esse:
1315 2087 1390 2150 quae
1423 2085 1495 2133 vero

139 2155 266 2218 haerent
287 2156 463 2232 immobiles,
473 2159 566 2240 'inter
588 2161 664 2224 lixas
679 2169 779 2236 stare3
803 2165 837 2222 ut
850 2159 994 2240 cujusque
1008 2158 1202 2240 proprietatis
1217 2159 1382 2222 communio
1402 2157 1495 2220 etiam

141 2244 238 2306 locum
261 2255 369 2326 arguat
391 2266 586 2314 communem.

226 2332 311 2398 Haec
334 2335 543 2412 immobilitas,
571 2357 646 2418 quae
669 2337 756 2400 nobis
778 2337 862 2418 prius
884 2337 914 2399 in
938 2335 1098 2420 hypothesi
1124 2333 1334 2414 Coperuicaua
1354 2333 1496 2415 praebuit

136 2430 348 2501 argumentum
371 2425 480 2488 nullius
499 2428 692 2507 parallaxeos
715 2445 847 2502 annuae,
876 2445 964 2508 quam
996 2425 1120 2486 tralatio
1148 2423 1278 2486 Telluris
1310 2433 1495 2498 causaretur,

138 2513 245 2576 eadem
268 2531 344 2576 nunc
368 2513 460 2576 etiam
487 2516 518 2576 iu
541 2517 637 2578 forma
667 2515 875 2597 hypothesium
905 2514 1021 2576 usitata
1042 2511 1211 2575 Ptolemaei
1235 2513 1322 2592 inque
1346 2512 1494 2574 recentis-

140 2601 217 2662 sima
238 2601 367 2678 Brahei,
400 2602 507 2683 quibus
530 2604 632 2666 Tellus
665 2604 730 2664 loco
761 2621 814 2664 sun
838 2609 941 2666 manet
962 2601 1139 2673 immobilis,
1172 2599 1222 2662 via
1245 2599 1307 2662 alia
1330 2618 1417 2680 quana
1441 2618 1496 2679 per

139 2688 307 2769 parallaxin
332 2709 463 2752 annuam
484 2692 573 2771 plane
597 2691 762 2766 convincit,
793 2710 850 2754 nou
873 2708 965 2772 posse
996 2707 1072 2751 novo
1096 2687 1188 2751 sideri
1212 2689 1308 2752 locum
1332 2687 1410 2750 inira
1434 2687 1496 2750 Sa-

140 2787 260 2842 turnum
284 2777 445 2858 assignari.
492 2781 570 2842 Nam
599 2781 677 2860 quod
701 2780 905 2843 Ptolemaeum
934 2777 1060 2854 attinet,
1094 2786 1242 2857 quatenus
1273 2796 1341 2839 eum
1372 2784 1498 2856 recepta

139 2864 306 2946 antiquitus
329 2867 483 2930 sententia
506 2869 655 2951 sequitur,
690 2867 784 2931 habet
810 2869 861 2932 ille
894 2886 997 2930 omnes
1027 2867 1115 2930 orbes
1138 2866 1251 2930 solidos
1275 2867 1344 2928 inde
1367 2885 1387 2927 a
1409 2866 1497 2927 Luna

139 2953 358 3036 intimansque
382 2957 421 3020 ad
435 2955 598 3020 Saturnum
615 2957 769 3021 extimum.
815 2957 913 3036 Igitur
936 2956 962 3018 si
985 2955 1077 3018 stella
1100 2962 1184 3018 esset
1205 2955 1286 3018 intra
1308 2955 1495 3034 complexum

140 3043 218 3108 coeli
240 3042 376 3108 Saturuii
410 3046 497 3127 (quia
518 3065 573 3128 per
595 3065 699 3110 ornnes
728 3056 792 3109 tres
819 3045 1030 3128 hypothesium
1055 3044 1173 3106 ‘formas
1205 3043 1407 3106 certissimum
1437 3049 1496 3118 est,

140 3151 233 3213 supra
255 3131 371 3198 Lunam
395 3135 567 3218 collocari),
597 3144 681 3200 esset
707 3135 800 3217 igitur
822 3135 852 3197 in
877 3135 977 3215 aliquo
1001 3133 1114 3196 urbium
1139 3132 1312 3195 solidorum.
1358 3132 1497 3194 Aecum
1547 3146 1551 3155 ‘

140 3241 198 3284 uon
222 3221 309 3285 detur
331 3225 501 3302 penetratio
525 3243 695 3305 corporum,
727 3226 817 3307 plane
850 3231 1008 3305 raperetur
1033 3241 1101 3285 cum
1130 3221 1268 3292 urbibus.
1299 3221 1498 3302 quiaeorum

139 3312 237 3375 nullus
261 3321 320 3386 est,
343 3312 393 3393 qui
416 3321 480 3377 stet
501 3314 582 3378 iners
605 3324 637 3378 et
659 3313 829 3378 immobilis.

227 3397 381 3471 Quantum
404 3402 446 3464 ad
468 3403 639 3486 'lychouem
662 3403 782 3478 Brshe,
814 3402 942 3483 primum
966 3400 993 3463 is
1019 3399 1167 3480 pugnabit
1198 3398 1391 3461 dilemmate:
1425 3415 1497 3459 nam

141 3495 194 3552 aut
216 3490 365 3570 sphaerae
389 3491 504 3556 solidae
527 3512 560 3556 ea
584 3501 687 3556 mutuo
710 3491 896 3572 contingunt,
920 3497 954 3554 ut
971 3489 1076 3552 volunt
1090 3487 1289 3557 Aristotelia,
1313 3485 1412 3549 etsie
1436 3504 1496 3548 non

140 3577 239 3656 potuit
263 3597 331 3642 esse
355 3597 433 3642 nova
455 3583 547 3646 stella
574 3582 655 3646 intra
677 3582 766 3644 orbes
792 3582 1002 3662 planetarum,
1035 3577 1105 3660 quin
1129 3597 1182 3640 aas
1205 3577 1235 3640 in
1259 3582 1363 3658 partes
1390 3582 1496 3637 trans·-
1535 3603 1540 3612 =

142 3669 280 3742 l'erretur,
303 3666 333 3731 in
357 3687 432 3749 quas
455 3670 535 3734 orbis
558 3671 610 3734 ille
633 3671 827 3740 volvebatur,
851 3669 901 3752 qui
924 3669 1032 3732 stellae
1055 3665 1195 3747 praebuit
1228 3663 1405 3745 hospitium,
1430 3681 1498 3725 curn

142 3773 245 3817 ornnes
269 3756 357 3820 urbes
380 3759 492 3823 murari
515 3768 683 3840 ponantur;
712 3768 765 3824 aut
787 3759 935 3840 sphaerae
963 3756 1079 3820 solidae
1103 3754 1203 3818 nullae
1227 3762 1311 3827 suut,
1335 3758 1497 3816 contactus

141 3851 285 3923 raptusve
309 3845 423 3923 nullus,
453 3855 487 3910 ut
513 3849 646 3930 Tychoui
679 3850 800 3929 placet,
828 3858 861 3910 et
882 3855 954 3910 tunc
978 3853 1103 3926 quaeret
1126 3843 1243 3924 Tycho,
1269 3842 1296 3904 si
1319 3859 1398 3902 nova
1421 3839 1496 3902 haec

142 3931 222 3996 iutra
253 3931 406 4013 regionem
439 3936 594 4000 mobilium
626 3938 701 4000 luit:
739 3955 811 4017 qua,
829 3936 922 4016 igitur
958 3934 1067 3997 mentis
1099 3931 1266 4012 agitatione
1302 3927 1496 4008 corruptibile

141 4021 264 4104 aliquod
288 4029 321 4086 et
344 4030 571 4106 temporaneum
600 4043 707 4105 corpus
747 4027 822 4088 lixas
852 4025 959 4086 stellas
987 4021 1073 4104 pedis
1097 4019 1348 4101 sementaritia
1372 4036 1497 4100 querum

140 4111 293 4191 regiomm
317 4117 349 4174 ιι
371 4114 559 4194 complexum
583 4133 640 4176 non
665 4111 834 4176 admittitur
857 4114 895 4176 ab
920 4117 1099 4192 opponente,
1125 4110 1200 4173 adeo
1224 4107 1364 4187 religiose
1389 4106 1494 4170 diurno

140 4207 224 4266 motu
246 4199 380 4282 potuerit
413 4203 506 4285 sequi,
538 4211 572 4265 ut
595 4221 648 4266 eus
671 4221 708 4265 ne
733 4201 826 4264 latum
857 4221 985 4282 unguem
1018 4201 1172 4262 desereret
1199 4197 1292 4260 toties
1317 4196 1383 4276 jam
1414 4195 1496 4258 circa

142 4289 266 4356 Terram
290 4290 467 4356 revolutum.
513 4293 593 4356 Nam
615 4293 758 4373 planetae
784 4290 901 4370 quidem
925 4311 945 4352 a
968 4289 1033 4353 lixis
1057 4289 1162 4350 diurno
1186 4293 1268 4349 motu
1292 4285 1436 4348 recedunt
1459 4284 1497 4346 ob

142 4379 278 4461 proprios
299 4387 415 4443 motus:
449 4383 529 4462 quod
551 4382 630 4445 idem
653 4389 685 4443 et
708 4398 811 4442 omues
834 4387 971 4442 cometae
999 4380 1147 4452 lecerunt,
1181 4375 1231 4458 qui
1253 4375 1333 4438 iuter
1355 4375 1497 4454 planetus

143 4469 267 4532 stetisse
290 4468 444 4534 observati
466 4479 555 4534 sunt:
581 4480 614 4534 ut
636 4469 681 4532 ita
704 4470 787 4532 locus
806 4469 913 4531 Norae
935 4487 993 4530 nun
1016 4467 1059 4530 sit
1081 4467 1160 4530 inter
1182 4465 1332 4546 planetas.
1378 4461 1496 4526 Deinde

143 4557 208 4620 vult
230 4557 347 4640 'lycium
370 4559 511 4641 planetas
535 4579 638 4624 omnes
661 4558 745 4641 sequi
770 4556 872 4620 Solem
896 4558 952 4621 hoc
975 4565 1080 4638 pactu,
1108 4563 1144 4618 ut
1166 4555 1191 4618 si
1215 4563 1316 4616 mente
1340 4571 1495 4614 removeas

144 4653 255 4708 mutum
277 4648 420 4729 planetae
444 4649 604 4730 proprium,
627 4649 730 4712 idest
754 4647 781 4710 si
804 4646 994 4727 contingeret
1015 4647 1169 4726 planetam
1191 4661 1246 4724 per
1269 4661 1336 4706 sese
1360 4663 1380 4704 a
1401 4661 1494 4722 pecu-

144 4733 210 4798 liari
224 4755 278 4798 suo
292 4755 379 4801 cursu
403 4757 533 4801 ιιιιιιι
558 4737 750 4801 nihilominus
774 4743 875 4800 tamen
891 4735 963 4800 Sole
986 4735 1188 4800 circumeunte
1212 4732 1343 4796 naturali
1366 4731 1494 4813 quadam

144 4825 332 4908 sympathias
365 4828 432 4910 lege
461 4847 517 4892 ceu
549 4827 653 4892 simius
686 4823 794 4908 aliquis
827 4825 1012 4890 consimilem
1045 4825 1134 4905 plane
1172 4821 1253 4885 dam
1284 4821 1351 4885 viae
1385 4821 1494 4901 solari,
