3718 5528
329 284 397 356 328
823 297 994 346 hasnoniae
1012 293 1075 346 Para
1094 294 1192 360 Optlca.

422 465 524 538 Quare
556 485 594 529 ex
621 467 669 530 his
700 469 848 549 sequitur,
877 470 976 534 ΒΘΑ
1011 472 1178 553 angulum
1207 471 1312 536 itidem
1343 473 1381 534 ab
1413 471 1606 536 astronomis
1637 473 1695 535 dici

333 557 541 636 parallaxiu
565 556 673 618 sideris
695 558 725 617 in
750 557 788 620 G.

419 645 516 724 Hujus
540 663 611 725 ergo
633 647 825 725 parallaxeos
850 649 968 712 divinus
992 659 1039 712 est
1062 669 1134 712 usus
1158 650 1187 710 iu
1211 649 1403 713 astronomia
1437 648 1693 732 Quotiescunque

329 752 456 814 namque
479 733 549 810 DE,
583 752 669 796 arcus
703 735 868 800 distantiae
900 757 989 800 verae
1022 739 1130 801 sideris
1158 739 1313 802 avertice
1346 740 1385 801 ad
1412 747 1535 802 certum
1569 739 1693 820 aliquod

329 829 527 897 momentum,
560 841 597 885 ex
621 826 825 888 astronomica
853 828 991 890 doctriua
1015 827 1109 909 (quod
1131 828 1165 890 fit
1188 829 1280 891 variis
1304 829 1417 904 modis)
1440 829 1553 890 haberi
1577 837 1689 908 potest,

329 918 360 973 et
382 912 437 974 DF
464 930 551 974 arcus
585 912 748 975 distantiae
776 915 903 978 visibilis
934 939 953 980 a
984 917 1098 978 vertice
1129 917 1337 980 instrumentis
1364 918 1485 981 idoneis
1520 925 1555 980 et
1586 917 1692 980 debita

327 999 496 1065 subtilitate
520 1001 559 1064 ad
584 1001 613 1062 id
642 1011 825 1066 momontum
854 1006 987 1085 capitur,
1014 1011 1048 1068 ut
1070 1006 1114 1068 ita
1136 1006 1191 1068 EF
1216 1007 1382 1086 parallaxis
1411 1007 1585 1069 habeatur:
1620 1013 1690 1070 tuuc

322 1088 389 1168 jam
412 1089 542 1151 innotuit
565 1089 636 1165 AG,
661 1092 815 1172 proportio
840 1095 916 1156 situs
940 1095 989 1156 vel
1011 1095 1186 1157 remotionis
1210 1097 1318 1158 sideris
1341 1096 1522 1159 verissimae
1547 1104 1689 1174 respectu

325 1179 467 1241 diametri
495 1179 595 1240 mundi
626 1182 665 1241 ad
697 1181 755 1242 AB
786 1183 1040 1246 semidiametmm
1072 1184 1212 1248 Telluris.
1256 1184 1299 1247 Et
1331 1185 1437 1248 nititur
1469 1184 1598 1267 quidem
1632 1185 1689 1246 hac

323 1267 519 1346 parallaxeou
540 1266 621 1330 Solis
645 1277 676 1330 et
691 1270 796 1333 Lunae
820 1273 1047 1335 doctrinarum
1071 1274 1186 1353 reliqua
1209 1275 1404 1345 astronomia,
1428 1282 1494 1336 tum
1518 1273 1684 1354 praecipue

324 1356 461 1418 doctriua
484 1356 641 1437 eclipsium
664 1357 756 1422 Solis.
802 1361 910 1441 Itaque
933 1362 1099 1442 parallaxis
1123 1361 1190 1438 illa,
1225 1381 1300 1444 quae
1334 1364 1362 1425 iu
1396 1364 1541 1427 verticali
1574 1362 1686 1427 circulo

325 1445 544 1520 consideratur,
579 1446 662 1508 varie
691 1447 894 1525 distribuitur,
928 1453 975 1512 vel
1000 1451 1031 1512 iu
1055 1451 1175 1532 longum
1198 1459 1230 1513 ει
1252 1453 1348 1514 latum
1376 1471 1430 1532 per
1454 1453 1633 1532 eclipticam
1657 1459 1688 1512 et

322 1534 449 1596 circulus
473 1534 651 1612 latitudinis,
677 1555 734 1616 quo
758 1539 873 1600 nomine
898 1539 964 1620 ipsa
987 1546 1053 1601 tota
1075 1543 1279 1618 μηκοιιλατης,
1305 1551 1425 1604 ceterae
1450 1543 1605 1604 alterutro
1628 1559 1686 1602 uo-

322 1622 400 1685 miue
425 1623 580 1686 dicuntur:
606 1626 653 1687 vel
678 1627 867 1691 distribuitur
889 1647 944 1710 per
967 1637 1161 1709 aequaturum
1185 1639 1217 1692 et
1239 1632 1366 1693 circulos
1391 1629 1634 1693 declinationum
1657 1629 1686 1689 iu

319 1713 489 1791 parallaxin
515 1713 700 1777 ascensionis
723 1725 826 1778 rectae
850 1725 882 1780 et
905 1718 1124 1792 declinationis,
1149 1725 1239 1798 prout
1256 1728 1495 1783 astronomorum
1518 1739 1594 1782 usus
1614 1719 1684 1780 fert.

320 1847 351 1914 4.
388 1853 678 1918 Parallaxaou
716 1859 1013 1938 quotidianarum
1050 1861 1084 1922 in
1118 1862 1264 1938 longum
1297 1868 1334 1923 et
1366 1861 1478 1924 latum
1516 1859 1685 1922 diductio

386 1941 568 2006 facillima
597 1953 633 2007 et
660 1949 1031 2026 compendiosissima
1061 1969 1128 2034 per
1155 1969 1284 2013 novam
1312 1949 1618 2032 parallacticam.

407 2067 609 2130 Parallaxeou
634 2065 772 2133 doctriua
794 2073 986 2154 praecipuam
1018 2074 1048 2136 iu
1080 2074 1240 2154 eclipsibus
1264 2073 1347 2137 Sulis
1374 2084 1461 2137 creat
1494 2073 1684 2138 astronomis

319 2157 506 2232 molestiam,
541 2159 676 2240 adeoque
699 2161 749 2222 vel
772 2162 810 2222 cb
834 2163 911 2225 hunc
945 2166 1041 2226 solum
1074 2163 1208 2226 laborem
1231 2183 1290 2226 nou
1312 2163 1434 2240 mirum,
1466 2165 1491 2227 si
1517 2164 1685 2246 negligitur

320 2245 516 2308 astronomia.
562 2247 629 2310 Hoc
662 2249 763 2330 itaque
796 2269 915 2332 semper
943 2253 1001 2314 sibi
1031 2252 1113 2316 laudi
1142 2253 1290 2316 duxeruut
1321 2252 1468 2329 artifices,
1500 2253 1682 2333 compendio

314 2334 423 2414 juvare
446 2335 613 2399 universos.
648 2339 839 2402 Ptolemaeus
860 2341 1012 2422 egregiam
1036 2359 1158 2422 operam
1182 2343 1337 2422 praestitit
1356 2342 1511 2423 descripta
1527 2342 1684 2405 luculenta

319 2419 508 2487 ὑποτυπωσιι
530 2427 724 2504 varietatum,
747 2448 823 2510 quae
843 2431 962 2492 suntin
985 2431 1200 2512 parallaxibus.
1232 2431 1430 2504 Reiuboldus,
1452 2431 1569 2494 tabulis
1594 2431 1682 2493 labo·

320 2512 488 2576 ricsissimc
512 2517 658 2579 conlectis
681 2520 719 2580 ad
743 2519 903 2600 plerasque
926 2520 987 2600 poli
1011 2521 1206 2597 elevationes,
1232 2519 1420 2583 existimavit
1447 2539 1481 2583 se
1509 2520 1682 2582 rudioribus

319 2602 488 2678 subvenire,
511 2623 615 2667 verum
639 2607 860 2687 ingeniosorum
883 2610 1021 2671 ardorem
1044 2609 1147 2671 taedio
1172 2610 1360 2689 quaerendae
1384 2610 1480 2690 partis
1504 2609 1681 2691 proportio-

319 2691 398 2754 ualis
431 2695 591 2774 oppressit.
639 2695 745 2778 Itaque
774 2697 876 2780 Tychc
906 2698 1005 2760 Brabe
1037 2698 1192 2760 revocavit
1222 2706 1411 2761 astronomos
1442 2699 1481 2760 ad
1515 2697 1680 2777 triangula,

317 2781 498 2845 monstratis
522 2784 671 2847 ucuuullis
695 2787 880 2866 compendiis
904 2787 957 2849 illa
981 2787 1126 2852 solvendi.
1174 2787 1276 2849 Labor
1298 2795 1400 2850 tamen
1426 2789 1520 2849 etiam
1549 2787 1599 2850 hic
1622 2787 1679 2848 im-

318 2872 415 2934 manis
439 2879 496 2936 est.
543 2872 695 2938 Existimo
725 2876 844 2956 itaque,
875 2874 902 2937 si
931 2877 1036 2939 horum
1064 2883 1220 2939 auctorum
1253 2879 1390 2957 exemplu
1422 2876 1563 2940 imitatus
1587 2874 1676 2956 Sisy·

318 2958 422 3039 phium
444 2961 523 3024 huuc
546 2962 678 3042 lapidem
702 2966 824 3027 undem
847 2972 932 3027 trans
962 2967 1067 3045 jugum
1091 2965 1266 3044 pervolvero
1290 2985 1327 3027 ua
1350 2983 1438 3046 porro
1467 2965 1602 3042 recidat,
1632 2979 1678 3024 me

320 3049 492 3112 nouuullam
517 3052 555 3112 ab
579 3053 760 3116 astronomis
779 3054 911 3133 gratiam
935 3072 1056 3136 sperare
1080 3054 1199 3116 debere.

410 3137 487 3200 Dico
502 3139 637 3220 primum,
658 3161 779 3204 omues
799 3142 1013 3223 parallaxes
1033 3142 1259 3218 latitudinis,
1279 3143 1313 3204 iu
1333 3161 1544 3223 quocunque
1564 3141 1679 3224 gradu

320 3227 519 3310 eclipticae
534 3229 636 3291 Luna
655 3231 713 3292 vel
732 3229 817 3295 Sole
838 3240 1028 3307 versante,
1053 3251 1135 3292 esse
1155 3232 1348 3312 aequales:
1374 3233 1564 3296 dummodo
1587 3230 1679 3292 idem

320 3317 521 3397 eclipticas
544 3327 715 3398 puuctum
738 3321 774 3382 iu
798 3321 923 3382 eadem
947 3321 1023 3400 poli
1048 3321 1250 3383 altitudine
1274 3319 1380 3382 sitin
1405 3329 1499 3397 ortu,
1524 3320 1679 3384 stLuua

317 3407 535 3487 aequaliter
558 3427 577 3468 a
600 3407 682 3470 visu
707 3409 836 3472 distet.
877 3409 989 3471 Ceulro
1006 3410 1045 3480 Δ,
1070 3410 1149 3490 quod
1172 3416 1381 3490 repraesentet
1399 3417 1534 3474 centrum
1554 3410 1676 3479 Terrae,

320 3497 472 3560 scribatur
499 3495 625 3558 circulus
650 3497 761 3560 Terrae
789 3499 938 3560 maximus
960 3498 1027 3572 BF,
1056 3496 1085 3559 iu
1114 3516 1171 3578 quo
1194 3498 1220 3559 B
1245 3499 1286 3560 sit
1313 3499 1397 3560 locus
1426 3499 1629 3578 spectatoris:
1653 3496 1679 3557 F

319 3605 392 3650 vero
416 3587 457 3649 sit
480 3585 646 3665 subjectum
673 3587 743 3666 pulo
776 3587 947 3668 eclipticas:
981 3595 1015 3649 ut
1037 3587 1082 3648 ita
1104 3597 1137 3648 et
1160 3587 1207 3648 hic
1235 3587 1362 3650 circulus
1386 3595 1418 3648 et
1447 3605 1551 3649 omues
1581 3588 1678 3651 lineae

317 3675 416 3757 ipsum
449 3685 589 3738 secantes
625 3675 686 3738 siut
713 3676 744 3736 iu
774 3675 865 3755 plano
898 3675 1000 3738 circuli
1032 3675 1214 3750 latitudiuis,
1249 3675 1299 3757 qui
1321 3676 1399 3738 idem
1427 3675 1468 3738 sit
1491 3683 1523 3738 et
1550 3675 1677 3740 circulus

318 3764 486 3841 verticalis,
512 3765 582 3846 quia
604 3783 659 3845 per
681 3765 708 3826 B
730 3764 830 3827 locum
853 3763 1034 3843 spectatoris
1062 3764 1182 3827 transit.
1230 3763 1367 3827 Ducatur
1395 3773 1495 3826 autem
1517 3764 1576 3827 AB
1600 3765 1679 3828 linea

318 3855 504 3918 contendeus
529 3855 568 3916 ad
591 3853 736 3917 vesticula
761 3861 905 3934 puuctum
927 3854 957 3917 iu
982 3853 1019 3930 L,
1044 3855 1119 3916 item
1140 3853 1197 3915 AF
1220 3853 1308 3926 linea,
1334 3853 1373 3916 ad
1395 3853 1496 3933 polum
1519 3853 1676 3935 eclipticas

318 3945 521 4018 contendeus,
557 3944 642 4024 eique
667 3944 706 4005 ad
730 3950 830 4006 rectos
853 3943 883 4004 iu
907 3943 1011 4004 eodem
1035 3942 1127 4022 plano
1150 3941 1275 4004 insistat
1296 3939 1376 4015 AG,
1409 3953 1486 4023 quae
1516 3942 1678 4006 contendet

319 4034 358 4095 ad
388 4034 515 4114 gradum
549 4034 793 4112 nonagesimum,
827 4032 897 4112 quia
928 4030 1015 4094 GAF
1047 4039 1148 4093 rectus
1179 4039 1211 4094 et
1234 4031 1290 4092 Ar
1317 4031 1347 4092 iu
1379 4032 1480 4109 polum
1511 4029 1675 4094 contendit

318 4119 399 4192 Quia
421 4139 493 4186 vero
516 4121 573 4184 AB
603 4122 757 4201 proportio
788 4119 971 4183 insensibilis
996 4127 1044 4182 est
1067 4120 1106 4182 ad
1134 4121 1293 4199 sphaeram
1326 4119 1464 4193 fixarum,
1497 4120 1599 4200 itaque
1622 4135 1675 4200 per

243 4205 251 4218 ’
318 4207 344 4271 Β
368 4211 466 4272 locuru
491 4211 618 4273 dueatur
640 4209 698 4292 ipsi
721 4207 784 4273 AG
806 4210 970 4290 parallelos
993 4208 1037 4270 Bl
1059 4217 1091 4271 et
1114 4210 1306 4272 continuetur
1325 4206 1385 4270 GA
1408 4209 1438 4269 iu
1461 4209 1500 4285 H,
1524 4209 1565 4271 lB
1584 4209 1616 4272 iu
1633 4206 1673 4268 K,

317 4297 387 4362 Erit
409 4300 501 4380 igitur
519 4299 565 4361 IK
586 4298 648 4379 jam
671 4297 832 4361 visibiliter
853 4299 883 4360 iu
908 4297 1058 4377 ecliptica.
1106 4297 1155 4360 Sit
1178 4306 1280 4360 autem
1299 4297 1387 4358 Luna
1409 4297 1464 4359 sub
1487 4299 1556 4378 ipsa
1579 4297 1674 4375 eclip-

317 4388 381 4450 tica
403 4387 432 4450 in
457 4385 488 4450 G
510 4397 638 4472 puncto,
665 4389 743 4469 quod
768 4396 816 4449 est
837 4387 975 4449 verticali
998 4387 1176 4466 proximum.
1224 4385 1386 4448 Videbitur
1408 4385 1463 4448 illa
1486 4405 1523 4448 ex
1545 4387 1572 4448 B
1596 4387 1675 4450 linea

317 4474 390 4552 BG,
422 4486 584 4558 propterea
613 4475 686 4539 GBl
717 4477 774 4539 erit
804 4476 869 4556 ejus
898 4475 1065 4556 parallaxis
1097 4476 1129 4538 iu
1161 4473 1308 4538 verticuli.
1354 4474 1436 4537 Nam
1463 4475 1519 4537 AB
1550 4477 1590 4538 ad
1616 4469 1675 4538 BG

319 4565 471 4629 sensibilis
502 4573 550 4628 est
580 4573 612 4626 et
642 4565 811 4646 parallaxiu
844 4571 997 4626 causatur.
1051 4564 1142 4641 Dico,
1177 4571 1364 4646 quotcunque
1393 4564 1490 4626 lineae
1519 4582 1557 4626 ex
1586 4565 1612 4626 B
1645 4562 1673 4622 iu

318 4654 442 4734 planum
465 4654 623 4735 eclipticae
640 4674 694 4736 per
710 4653 769 4718 GH
785 4653 897 4717 lineam
920 4662 1168 4732 repraesentatae
1193 4653 1349 4730 ducuntur,
1374 4652 1517 4732 aequales
1536 4653 1594 4734 ipsi
1606 4647 1672 4724 BG,

319 4743 445 4822 angulos
469 4743 611 4823 aequales
635 4763 700 4807 cum
723 4743 814 4824 plano
836 4741 997 4822 eclipticas
1021 4742 1132 4805 facero.
1170 4743 1306 4805 Ducatur
1329 4739 1410 4802 anim
1432 4759 1471 4803 ex
1492 4743 1519 4803 Β
1542 4757 1673 4822 perpau-

319 4830 462 4894 dicularis
485 4831 516 4894 iu
540 4829 609 4906 GH,
634 4849 710 4914 quae
733 4831 776 4896 sit
797 4829 864 4894 BD.
911 4827 992 4902 Quia
1020 4829 1124 4912 itaque
1149 4829 1205 4894 BD
1228 4835 1278 4892 eat
1301 4829 1331 4891 iu
1353 4829 1444 4910 plano
1476 4827 1579 4894 circuli
1602 4826 1674 4893 lati·
