3648 5530
327 277 396 344 gro
750 280 853 330 nem
868 275 1262 346 amn-nmquam

330 467 363 516 oo
380 464 465 523 Marto
486 465 623 527 lumin:
651 455 848 526 De·maculis
872 455 1038 526 Solaribuo·
1055 457 1221 518 anmntltur
1244 453 1301 516 tibi
1325 445 1449 529 Marino,
1472 460 1580 516 cetera
1602 460 1693 514 rates

329 547 444 608 invisus
468 555 500 606 et
522 545 622 606 andex
645 551 677 604 et
698 544 766 622 plus
796 563 885 624 quarn
913 554 1109 624 pregnantes,
1138 554 1173 606 ut
1196 544 1317 626 quidem
1341 551 1373 605 ot
1396 543 1518 606 latetur.
1566 542 1695 604 Habeat

330 633 388 696 sibi
410 652 459 695 res
485 651 555 694 sues
580 633 713 703 seorsim,
738 651 774 693 ne
799 634 902 712 gravio
926 634 968 694 sit
991 634 1105 694 amicis.

403 723 504 782 .nituis
526 730 630 780 tandem
654 730 693 780 hia
721 730 753 780 do
770 729 851 782 Mario
868 731 1092 794 disceptationibus
1104 731 1265 794 proponimus
1284 729 1369 779 lectori
1389 730 1517 794 epistolam
1535 727 1640 792 Keplori
1657 725 1694 776 od

333 825 483 874 manmena
506 811 623 874 scriptam
641 810 672 862 de
690 812 832 864 inventione
844 813 958 862 mhororn
970 813 1107 876 spasmum
1120 813 1251 862 modiano
1262 811 1371 876 piem.
1408 801 1579 882 Epistulam
1592 809 1691 871 mam,

330 903 415 953 sonno
432 901 569 966 neum.
589 892 782 954 festivissime
807 893 996 962 uaortaliurn,
1012 893 1159 973 quisquis
1187 911 1238 965 es,
1270 911 1384 971 magna
1410 907 1477 953 cum
1497 889 1694 970 jucunditate

332 982 455 1062 perlegi.
488 981 558 1043 Etsi
573 981 651 1042 euim
666 999 724 1042 nou
748 981 785 1042 iis
808 981 982 1042 instructus·
998 999 1064 1044 sum
1087 981 1192 1060 opibus
1219 982 1360 1060 privatio,
1383 980 1563 1042 uterinam
1579 985 1693 1056 agate

335 1075 406 1134 h'soo
428 1070 563 1150 publico,
598 1091 617 1130 a
640 1088 697 1149 qun
720 1071 891 1149 dependeo,
926 1070 1029 1132 dolore
1059 1087 1169 1132 vacare
1197 1072 1328 1149 possim,
1362 1077 1463 1131 umen
1491 1076 1525 1130 nt
1552 1065 1692 1138 certost,

333 1161 383 1240 qni
398 1159 512 1220 Veneri
534 1178 588 1239 per
607 1166 739 1220 aetatem
763 1167 884 1220 strenue
907 1158 1092 1234 militarunt,
1125 1159 1263 1238 quamvis
1288 1158 1405 1222 emeriti
1429 1158 1563 1236 rudeqnc
1582 1153 1694 1217 donati

335 1251 375 1310 ad
398 1249 529 1310 subitum
553 1257 747 1327 conspectum
772 1247 935 1308 exorientis
958 1248 1125 1326 pulchellae
1158 1247 1352 1326 virgunculae
1385 1247 1532 1311 modicum
1554 1245 1693 1308 incales-

333 1345 406 1400 cunt
437 1357 492 1398 nee
517 1337 679 1415 tripudirun
702 1336 1064 1398 timbertibos-cruribus
1087 1353 1229 1398 exercere
1261 1337 1412 1398 mouent:
1444 1335 1490 1396 eie
1523 1353 1580 1414 ogo
1611 1350 1693 1414 quo-

333 1444 389 1506 qne
414 1426 556 1488 diuturna
578 1424 746 1504 ingruentis
779 1424 896 1504 inopiae
929 1424 1145 1504 imaginatione
1178 1425 1298 1505 penitus
1330 1425 1503 1497 obsoletus,
1535 1433 1569 1486 et
1596 1421 1693 1484 lerino

332 1515 479 1596 quasdam
508 1537 527 1574 a
559 1515 667 1574 studiis
699 1531 812 1592 agens,
847 1511 1025 1575 Saturnalia
1056 1521 1130 1594 puta
1162 1513 1320 1576 deterioris
1348 1512 1531 1576 conditionis
1560 1510 1692 1592 (quippo

330 1602 528 1688 philosophie,
552 1622 650 1664 rerum
665 1602 802 1676 dominis,
827 1621 932 1674 nervon
956 1603 996 1662 ad
1019 1603 1144 1664 antella
1166 1603 1327 1664 damnatos
1350 1602 1612 1674 observantibus),
1638 1599 1692 1660 rix

330 1692 453 1754 tandem
477 1694 515 1756 od
540 1692 699 1754 lectionem
722 1691 877 1756 literarum
899 1699 1020 1752 tuarum
1043 1691 1143 1753 auimo
1167 1693 1306 1765 reflorui,
1329 1691 1466 1772 onusque
1491 1691 1529 1752 do
1550 1689 1691 1752 crastino

331 1782 371 1843 od
393 1781 585 1860 perspicaces
608 1781 677 1841 illos
704 1781 855 1842 exercitus
879 1779 1042 1858 relegatis,
1077 1781 1127 1860 qni
1158 1780 1302 1842 sublimes
1325 1779 1442 1846 levibus
1464 1779 1573 1859 pennis
1597 1777 1690 1860 liqui-

333 1871 404 1932 dnm
427 1870 553 1932 aethora
575 1876 718 1943 tranant,
752 1869 791 1930 ad
823 1869 1064 1947 respondendnm
1087 1877 1248 1948 tecumque
1264 1869 1427 1948 jocandum
1451 1869 1531 1930 serio
1553 1867 1688 1930 conmdi.

331 1960 411 2022 Nam
435 1959 538 2039 quidni
560 1967 658 2020 tecum
678 1959 783 2038 jocor:
805 1957 857 2037 qui
880 1959 931 2030 (ut
951 1958 1035 2036 puori
1056 1957 1159 2020 solent
1173 1958 1330 2038 Myiudam
1353 1959 1506 2031 ludentes)
1530 1957 1608 2019 sito
1631 1975 1692 2018 non

331 2048 432 2122 video,
456 2056 490 2108 at
512 2055 543 2108 to
566 2049 658 2127 palpo
678 2048 743 2125 jem
762 2047 885 2126 jamque
910 2046 1024 2108 tenaci
1056 2045 1178 2108 Titillas
1202 2047 1280 2108 onim
1298 2047 1491 2127 jucunditate
1512 2045 1692 2126 sumptionis

333 2136 449 2198 amiens
472 2137 627 2216 vestisque
651 2135 791 2206 laciniam
813 2134 943 2213 porrigis
965 2134 1154 2196 ambroseam
1178 2145 1212 2197 et
1244 2135 1360 2215 gratias
1384 2152 1483 2199 moras
1513 2137 1690 2215 spirantem,

336 2224 474 2289 acenimi
506 2223 637 2303 ingenii,
670 2223 848 2302 prudentiae
876 2233 909 2284 et
936 2225 1147 2296 discretionis,
1181 2243 1270 2304 quam
1309 2226 1419 2288 odoror
1450 2243 1488 2287 ex
1519 2225 1692 2305 aptitudine

332 2313 487 2394 jocorum,
521 2331 559 2374 ex
589 2312 732 2374 dictionis
764 2314 1041 2392 contemperatione
1065 2313 1212 2386 oratorie,
1247 2331 1314 2376 cum
1343 2333 1391 2382 mo
1424 2313 1578 2378 laudantis
1601 2323 1691 2394 gestu

336 2401 514 2481 redarguis;
547 2401 741 2463 hamanitatis
774 2401 901 2462 erimine
935 2419 973 2462 ox
1002 2404 1162 2480 praeclara
1189 2403 1227 2463 de
1257 2421 1317 2464 me·
1338 2403 1583 2477 existimationor
1614 2403 1690 2464 doc-
1801 2463 1802 2488 ἒ

336 2491 434 2553 trinas
458 2490 585 2571 deniqne
609 2489 781 2569 multiplicis
804 2509 843 2550 ex
866 2510 921 2552 usn
945 2491 1138 2553 terminorum
1161 2492 1443 2554 mathematicorum
1463 2494 1570 2554 dextro
1594 2509 1692 2571 exque
1801 2489 1802 2552 l

336 2580 482 2651 metionis
506 2581 626 2642 flumine
649 2586 807 2652 mnenon,
840 2580 919 2659 quod
948 2580 1048 2641 varias
1069 2580 1185 2659 passim
1205 2596 1297 2660 rupee
1320 2582 1500 2661 optimorum
1522 2589 1690 2654 anctorum,

335 2670 405 2732 hino
425 2668 534 2743 Plinii,
555 2669 642 2731 illinc
662 2667 728 2730 Jos.
751 2666 920 2747 Scaligerl,
944 2669 1015 2738 abbi
1040 2669 1164 2738 aliorum
1188 2665 1294 2744 alluit,
1316 2671 1447 2751 indeque
1472 2671 1575 2732 limum
1599 2670 1691 2738 dora

335 2777 401 2821 sum
432 2758 462 2822 in
494 2758 639 2837 nemnem
670 2758 841 2841 oppositum
874 2758 970 2836 egerit
1000 2757 1231 2828 amoenissimae
1253 2759 1505 2840 doctissimosque
1531 2753 1691 2822 'thuanis

336 2847 399 2910 Sed
422 2856 454 2910 et
477 2848 549 2910 ieris
572 2867 619 2908 me
642 2848 801 2908 adversum
826 2854 855 2907 te
879 2865 985 2925 prope,
1009 2855 1043 2907 et
1065 2865 1111 2909 me
1134 2849 1328 2910 retroflerum
1361 2857 1449 2928 laquo
1481 2849 1693 2910 nominetenus

337 2938 555 3017 capturieutcm
584 2936 679 3018 (stylo
703 2953 741 2996 an
765 2939 869 3009 mann)
892 2935 1063 2998 lubricitate
1087 2937 1285 2998 membrorum
1309 2937 1449 3000 elaberis.
1486 2936 1513 2998 Ο
1541 2948 1573 2999 te
1597 2955 1691 3017 argu-

337 3036 410 3100 tam,
432 3025 483 3105 qui
507 3026 623 3101 landes,
648 3043 723 3105 quas
736 3025 767 3086 in
787 3043 834 3086 me
852 3025 1018 3103 profundis,
1035 3025 1219 3091 adulationis
1239 3027 1412 3106 suspicione
1424 3025 1545 3107 penitus
1568 3028 1693 3097 liberas,

337 3114 408 3195 quia
430 3115 527 3195 ipsam
550 3114 642 3176 etiam
667 3114 785 3182 faciem,
811 3113 858 3175 cui
881 3122 983 3176 mutuo
1007 3114 1084 3176 bene
1109 3113 1179 3194 quid
1201 3115 1264 3176 fieri
1287 3124 1402 3194 mosot,
1425 3117 1534 3178 messe
1549 3115 1692 3177 voluisti:

336 3203 585 3283 reprehensiones
618 3221 708 3277 vero,
742 3201 848 3282 quibus
879 3221 928 3268 mo
961 3201 1178 3283 corripiendum
1210 3221 1335 3278 censes,
1370 3205 1399 3266 in
1430 3212 1497 3266 tuto
1520 3205 1691 3266 collocasti.

338 3293 426 3354 Anno
451 3301 481 3354 to
505 3301 626 3372 poetam
651 3292 760 3366 dicam,
784 3292 854 3372 quia
876 3301 908 3354 et
930 3292 1040 3370 prodes
1065 3300 1097 3354 et
1119 3293 1277 3354 delectas?
1313 3293 1529 3372 Philosophum
1552 3303 1637 3355 certe
1661 3305 1694 3355 te

241 3445 248 3454 ,
338 3384 386 3442 vel
411 3381 478 3443 sola
501 3380 705 3442 inventionum
727 3381 923 3442 humanarum
947 3381 1107 3442 admiratio
1131 3401 1278 3461 superque
1302 3383 1441 3462 operibus
1464 3382 1521 3444 Dei
1545 3392 1697 3462 concepta

339 3470 522 3544 delectatio,
555 3469 696 3550 gaudium
727 3479 889 3549 stuporque
913 3469 1060 3532 attonitus
1085 3471 1256 3532 effecerunt.
1304 3468 1372 3541 Quo
1395 3472 1514 3534 nomine
1538 3473 1598 3534 etsi
1621 3471 1694 3534 mihi

340 3561 423 3623 lusus
447 3559 505 3622 iste
529 3560 720 3622 vehementer
748 3561 868 3638 placet,
900 3559 1008 3638 quippe
1039 3559 1148 3639 corrigi
1182 3581 1201 3620 a
1231 3561 1328 3624 doctis
1361 3561 1571 3639 expetibilius,
1605 3579 1698 3641 quam

340 3647 458 3712 laudari
481 3667 500 3710 a
522 3647 717 3730 promiscuis:
751 3647 822 3728 quie
854 3655 955 3721 tamen
988 3647 1110 3710 ludendi
1140 3649 1323 3728 provinciam
1353 3649 1487 3729 suscepi,
1519 3669 1577 3714 non
1602 3669 1698 3730 aegre

339 3739 418 3803 fores
442 3737 575 3819 quisquis
596 3757 633 3800 ¹es
656 3737 705 3817 qni
727 3737 784 3803 sub
806 3737 863 3798 hac
881 3755 1012 3817 persono
1035 3738 1125 3810 latos,
1149 3738 1176 3800 si
1197 3746 1229 3798 te
1251 3738 1542 3819 appropinquantem
1565 3740 1696 3819 plagae-

340 3847 397 3908 que
419 3827 607 3902 inferentem,
632 3825 681 3887 ubi
706 3835 809 3888 tenere
832 3843 956 3906 nequeo,
980 3835 1120 3906 protrusu
1134 3842 1349 3902 summersam,
1376 3829 1502 3890 verbera
1524 3836 1579 3890 tua
1595 3828 1696 3890 decli-

339 3935 427 3992 nem,
461 3922 514 3977 aut
536 3917 646 3978 mutuis
669 3915 779 3976 ictibus
804 3916 924 3977 fortuna
946 3933 1000 3994 per
1024 3915 1165 3978 tenebras
1199 3915 1352 3996 aspirante
1376 3915 1533 3980 vindicem.
1582 3917 1697 3998 Incipis

339 4005 378 4070 ab
402 4003 548 4086 inopinati
570 4024 729 4068 successus
753 4003 1038 4092 exaggerationem
1062 4024 1094 4070 re
1118 4005 1307 4084 specillaria:
1339 4025 1457 4086 oppono
1481 4025 1539 4080 me,
1563 4005 1700 4085 vestigia

340 4093 488 4176 Scaligcri
511 4113 660 4174 premens.
708 4091 784 4156 erun
809 4093 967 4157 Cardenus
1000 4093 1028 4154 in
1062 4093 1240 4156 immensum
1267 4095 1428 4156 extulisset
1450 4094 1697 4176 typographiam,

339 4185 425 4246 velut
461 4183 499 4246 ab
534 4183 691 4262 inopinato
729 4199 889 4258 snocmsu,
932 4180 1069 4261 Scaliger
1107 4183 1231 4262 negavit
1270 4183 1420 4244 diiiieilem
1453 4193 1507 4244 aut
1539 4183 1698 4245 somniorum

339 4273 501 4335 transitum
531 4271 699 4352 asigillis,
733 4289 808 4352 quae
840 4271 993 4332 veteribus
1021 4271 1160 4352 cognita,
1193 4271 1231 4332 ad
1262 4282 1352 4354 typos
1383 4291 1503 4334 aeneos.
1554 4269 1608 4336 Sic
1639 4291 1698 4352 ego

341 4381 418 4426 nunc
446 4361 519 4426 nihil
547 4361 706 4424 admodum
733 4361 801 4422 uovi
830 4359 985 4424 inventurn
1014 4359 1079 4422 dico
1103 4361 1132 4422 iu
1157 4360 1238 4422 tubis
1266 4361 1448 4435 bileutibus,
1480 4379 1546 4426 cum
1579 4360 1609 4426 in
1642 4381 1699 4426 asu

341 4451 452 4517 luerint
474 4450 572 4514 lentes
596 4450 758 4528 simplices.
805 4449 907 4512 Etiam
932 4449 1010 4529 quod
1033 4449 1153 4528 objecta
1175 4449 1321 4512 nodesola
1343 4452 1470 4525 attinet,
1494 4468 1616 4530 senmer
1639 4447 1699 4529 ego

342 4558 379 4600 ex
400 4558 462 4618 quo
484 4539 698 4600 amnonomiam
725 4538 810 4613 coln,
845 4539 977 4618 specillis
1013 4537 1157 4599 adhibitis
1185 4539 1288 4617 plures
1317 4539 1550 4617 minutioresque
1573 4549 1607 4600 ot
1629 4539 1699 4600 dis·

342 4627 499 4690 tinctiores
522 4627 584 4688 vidi
608 4627 714 4690 stellas
737 4627 891 4708 ipsamque
916 4627 1020 4688 Lunae
1046 4626 1152 4688 iaciem
1176 4625 1204 4688 ln
1230 4626 1397 4690 defectibus
1427 4623 1589 4708 praecipue
1621 4625 1699 4689 niti-

344 4715 466 4780 diorem.
511 4715 592 4780 Nare
615 4715 694 4798 qued
718 4735 875 4782 assensum
896 4733 994 4780 meum
1015 4723 1084 4776 alite
1109 4716 1184 4776 haec
1207 4725 1344 4796 tempora
1367 4715 1496 4794 cohibui,
1521 4734 1631 4782 vereor
1656 4724 1699 4794 ut,

344 4821 403 4882 qua
424 4803 455 4868 in
479 4819 511 4868 re
533 4803 619 4870 illam
629 4803 760 4879 cohibui,
784 4803 816 4866 id
838 4823 876 4868 no
897 4821 976 4866 muno
1000 4804 1119 4884 quidem
1140 4804 1256 4868 frustra
1276 4805 1329 4875 sit
1365 4806 1432 4868 Hoc
1451 4805 1529 4868 onim
1543 4822 1700 4886 propene-
