3694 5528
730 288 964 342 crum-cm
1094 267 1097 274 '
1460 291 1526 360 563

166 464 287 543 punctis
311 464 503 530 incidentiae.
550 466 628 530 Sunt
651 466 729 528 enim
753 467 783 530 hi
813 475 975 548 tangentes
1005 467 1153 547 paralleli.
1201 467 1302 540 Quare
1327 477 1358 531 et
1381 469 1524 534 refractis

167 551 225 615 erit
248 553 363 628 eadem,
390 565 422 617 et
436 556 558 618 refracti
578 575 615 617 en
634 575 757 636 corpore
782 557 875 617 denso
889 555 919 616 in
938 557 1060 635 plagam
1084 565 1241 636 utramque
1266 565 1352 619 erunt
1375 558 1523 638 paralleli,

167 648 200 702 ut
212 640 281 716 BG
297 641 364 704 ΕΗ.
402 644 518 706 Eadem
542 645 634 724 igitur
657 645 845 724 divergentia
869 653 922 706 aut
945 647 1162 724 convergentia
1176 645 1234 708 ΕΗ
1252 647 1425 708 exeuntium
1446 666 1523 727 qnae

167 727 223 791 GB
247 730 497 809 ingredientium.
522 734 698 813 quantisper
722 734 841 814 quidem
854 733 918 822 ΒΕ,
936 732 988 796 OF
1011 733 1093 795 intra
1116 752 1224 813 corpus
1247 735 1522 812 parallelifuerint.

221 817 405 882 ..CXXIX
451 821 680 901 Propositio.
727 822 817 883 Radii
842 805 927 884 nnius
951 822 1055 902 puncti
1079 823 1109 884 iu
1128 823 1191 884 lent
1178 831 1240 884 tem
1255 822 1342 884 simul
1358 842 1523 886 convexam

167 916 199 968 et
221 925 327 970 cavam
351 909 456 972 eodem
478 910 588 974 circulo
612 909 796 984 incidentes,
822 911 847 972 si
871 919 1013 989 punctum
1037 910 1231 992 lougiuqunm
1255 911 1358 986 fuerit,
1392 911 1524 976 transita

166 997 247 1058 lente
265 1005 474 1099 convergunt,
508 999 534 1060 si
563 997 756 1080 propinquius
780 960 926 1062 diametro
951 999 1069 1074 circuli,
1101 999 1260 1078 divergunt
1283 959 1409 1078 amplius
1434 1019 1523 1082 quam

167 1085 205 1146 ab
228 1085 353 1164 origine.

254 1174 362 1238 Puncti
386 1174 464 1236 euim
489 1174 640 1255 longinqui
669 1175 744 1236 radii
774 1183 845 1238 sunt
871 1176 1009 1256 paralleli
1038 1194 1092 1255 per
1114 1175 1236 1242 XXIII.
1285 1175 1427 1239 Paralleli
1452 1196 1522 1238 vero

165 1262 195 1322 in
219 1281 382 1326 convexum
408 1262 527 1324 densius
542 1263 709 1326 incidentes
725 1284 778 1343 per
791 1265 946 1328 XXXIV.
967 1272 1153 1344 convergunt
1168 1265 1249 1326 intra
1264 1283 1371 1346 corpus
1387 1266 1521 1329 densum.

253 1351 330 1412 Esto
354 1361 386 1412 ut
412 1350 442 1412 G
466 1353 506 1412 sit
530 1352 722 1431 longinquum
745 1361 886 1432 puuctum
913 1363 943 1414 et
968 1352 1038 1427 GB,
1066 1350 1121 1414 GC
1147 1353 1299 1432 paralleli,
1325 1361 1361 1415 et
1379 1353 1445 1430 ΒΕ,
1472 1352 1523 1417 OF

166 1449 358 1519 convergent.
406 1439 473 1502 Erit
506 1439 597 1518 igitur
619 1439 673 1502 EF
702 1441 819 1502 brevior
847 1461 935 1522 quam
960 1440 1023 1502 BC.
1070 1441 1196 1503 Rectior
1220 1442 1310 1522 igitur

166 1527 329 1590 incidentia
351 1529 446 1608 ipsius
465 1527 518 1590 ΒΕ
543 1530 572 1592 iu
588 1529 641 1592 HF
665 1549 753 1610 quarn
778 1530 805 1590 in
820 1528 886 1592 BC.
929 1530 1028 1592 Micon
1051 1529 1143 1612 igitur
1166 1531 1308 1593 refractio
1357 1513 1411 1578 rig.
1431 1507 1474 1561 ³³·

166 1617 194 1678 in
225 1615 252 1677 Ε
285 1636 373 1696 quarn
403 1617 433 1679 in
463 1617 500 1678 B.
553 1615 655 1690 Quare
687 1617 782 1697 major
815 1619 942 1698 angulus
977 1615 1061 1680 GBH
1092 1637 1181 1698 quem
1214 1617 1308 1682 BEH.
1413 1648 1428 1686 n

165 1706 233 1766 Nou
257 1705 352 1785 igitur.
372 1703 428 1768 GB
453 1714 485 1767 et
503 1706 560 1769 ΕΗ
583 1707 757 1787 parallelae.
793 1706 840 1768 At
864 1705 932 1780 GB,
953 1703 1009 1769 Gc
1032 1715 1183 1786 ponuntur
1204 1707 1309 1787 paral-

165 1793 252 1854 lelae.
292 1795 374 1876 Ergo
397 1794 464 1870 ΕΒ,
485 1795 539 1858 FA
563 1795 685 1858 refracti
710 1803 894 1875 convergunt
918 1797 1096 1874 tandemque
1122 1804 1307 1858 concurrent.
1368 1809 1387 1850 Β
1434 1787 1448 1832 ⁶
1481 1813 1484 1825 ¹

255 1880 370 1944 Contra
392 1879 477 1944 sitG
501 1893 644 1964 punctum
667 1883 789 1946 radians
812 1884 1007 1964 propinquius
1028 1883 1174 1946 diametro
1196 1884 1307 1959 circuli,
1370 1881 1389 1924 ²

167 1977 254 2031 erunt
285 1971 341 2050 igit
344 1991 376 2034 nr
410 1968 482 2046 (ΞΒ,
518 1969 574 2034 GC
604 1971 681 2035 radii
714 1971 915 2051 divergentes.
968 1971 1019 2034 Sic
1050 1981 1150 2034 eutem
1180 1973 1318 2052 ingressi

166 2077 330 2120 convexum
351 2059 471 2121 densius
496 2062 591 2122 minus
610 2059 728 2141 quidem
753 2060 919 2142 divergaot,
946 2061 999 2156 sed
1019 2069 1119 2122 tamen
1140 2061 1307 2142 divergent,

169 2165 222 2228 per
245 2147 411 2214 XXXVII.

255 2235 329 2298 Cum
354 2237 445 2316 igitur
469 2235 630 2316 divergaot
647 2235 710 2311 ΒΕ,
728 2233 780 2300 CF
802 2256 908 2298 versus
932 2255 1038 2298 cavum
1062 2237 1195 2316 corporis
1220 2237 1307 2298 densi

166 2325 321 2386 terminum
341 2325 388 2401 Ε,
422 2327 454 2394 F,
491 2325 585 2404 major
618 2325 676 2386 erit
704 2325 758 2386 EF
789 2344 879 2406 quam
910 2324 974 2389 BC.
1027 2323 1184 2405 Obliquior
1216 2324 1307 2404 igitur

165 2414 326 2476 incidentia
339 2415 394 2476 ΒΕ
418 2413 488 2475 inE
512 2433 600 2493 quam
625 2414 653 2476 in
672 2417 707 2490 Β,
734 2415 828 2494 major
851 2413 943 2494 igitur·
966 2413 1108 2475 refractio
1133 2413 1193 2474 illic
1219 2433 1306 2493 quarn

164 2503 221 2563 hic.
268 2503 368 2564 Minor
392 2502 483 2582 igitur
506 2502 633 2582 angulus
655 2499 747 2578 GBE,
772 2503 866 2583 major
884 2501 979 2577 ΒΕΗ,
1004 2522 1061 2563 non
1086 2501 1178 2582 igitur
1200 2502 1305 2581 paral·
1389 2577 1391 2586 y

165 2591 241 2653 lelae
258 2591 313 2654 GR
330 2600 361 2652 et
375 2591 439 2664 ΕΗ,
466 2592 520 2652 sed
535 2589 620 2670 quasi
640 2599 853 2654 concurrentes
875 2589 954 2654 inter
968 2611 1011 2666 se,
1028 2591 1053 2652 si
1071 2591 1307 2670 producerentur

165 2681 331 2741 versusH.
378 2680 449 2742 Plus
478 2679 569 2759 igitur
597 2679 756 2760 divergunt
780 2700 853 2742 ase
883 2687 983 2742 rrutuo
1012 2679 1135 2740 refracti
1157 2677 1225 2753 ΕΗ,
1250 2678 1306 2742 FA

166 2787 253 2848 quam
277 2767 421 2847 primitivi
446 2765 512 2843 ΟΒ,
539 2765 605 2830 GC.

255 2847 387 2920 CXXX.
424 2855 645 2936 Propositio.
691 2853 725 2918 Si
749 2855 865 2918 cavitas
890 2877 928 2918 ex
950 2855 1056 2936 majori
1080 2853 1190 2924 circulo
1215 2854 1307 2916 fuerit

165 2965 255 3026 quarn
270 2945 453 3019 convexitas,
478 2945 555 3006 radii
569 2946 672 3024 puncti
690 2944 841 3026 longinqui
861 2946 991 3026 trajecta
1005 2946 1085 3006 lente
1101 2950 1303 3022 convergunt.
1427 2957 1453 3000 a

164 3035 232 3114 plus
256 3034 374 3114 quidem
398 3035 466 3106 (seu
488 3042 560 3113 post
582 3034 702 3097 brevius
726 3033 917 3098 intervallum
947 3054 1035 3115 quam
1059 3033 1084 3094 si
1109 3033 1205 3094 solum
1230 3051 1304 3094 con-

164 3143 271 3186 vexum
295 3125 392 3198 esset)
416 3124 441 3184 si
465 3121 608 3185 navitatis
638 3123 764 3186 circulus
793 3124 890 3203 major
922 3123 1013 3185 fuerit
1035 3122 1125 3202 triplo
1160 3120 1263 3206 circuli
1295 3121 1518 3196 convexitatis;

164 3213 260 3275 rninus
285 3232 355 3276 vero
381 3213 521 3292 (etpost
544 3213 639 3292 majus
664 3213 871 3288 intervallum)
896 3211 920 3274 si
937 3211 1040 3280 ¹minor
1063 3211 1154 3292 triplo
1180 3209 1281 3271 fuerit.

810 3300 871 3364 Seu

253 3389 379 3454 Cavitas
402 3389 526 3469 majoris
550 3389 653 3452 circuli
677 3389 826 3468 derogans
856 3387 1040 3450 convexitati
1064 3385 1187 3450 minoris
1215 3393 1355 3466 praestat
1379 3381 1519 3448 effectum

165 3477 367 3541 convexitatis
397 3477 500 3540 circuli
532 3478 621 3540 valde
651 3479 761 3558 magni.
812 3477 938 3538 Dicatur
969 3477 1161 3538 meniscus.
1215 3474 1410 3555 Aequipollet
1444 3474 1519 3536 lenti

166 3587 237 3648 pure
263 3586 424 3628 convexae.

255 3653 323 3716 Sint
356 3653 423 3730 CF,
454 3651 508 3715 ΒΕ
539 3653 661 3715 refracti
695 3655 775 3717 intra
808 3675 916 3733 corpus
948 3653 1058 3733 allapsi
1090 3675 1108 3714 a
1140 3659 1250 3733 puncto
1285 3649 1315 3712 G
1344 3649 1517 3730 longinquo.

167 3743 359 3822 Convcrgent
381 3742 473 3823 igitur
496 3759 599 3803 versus
623 3743 677 3804 EF
700 3762 752 3824 per
775 3744 926 3812 XXXIV,
951 3743 1047 3804 minor
1069 3741 1160 3822 igitur
1183 3740 1241 3802 erit
1262 3739 1315 3800 EF
1339 3757 1429 3819 quam
1451 3735 1517 3802 BC.

164 3835 211 3897 At
233 3833 322 3894 simul
346 3840 376 3893 et
400 3831 527 3892 circulus
551 3832 615 3909 ejus
639 3833 744 3912 major.
783 3832 879 3912 Igitur
893 3831 946 3896 ΒΕ
971 3831 1082 3908 rectius
1101 3828 1172 3891 qu.
1196 3827 1308 3890 incidet
1332 3845 1419 3906 quam
1434 3826 1466 3886 in
1480 3829 1518 3890 B.

165 3921 265 3984 Minor
288 3921 390 4001 itaque
415 3917 555 3982 retractio
580 3920 609 3980 in
632 3919 659 3982 Ε
684 3940 771 4001 quam
795 3921 824 3982 in
847 3923 884 3984 Β.
931 3921 1030 3981 Μίιιοι
1054 3919 1145 3997 igitur
1173 3916 1299 3995 angulus
1322 3913 1407 3977 ΒΕΗ
1431 3931 1519 3994 quarn

162 4007 260 4075 EBG.
307 4010 375 4072 Non
407 4017 477 4070 sunt
509 4008 599 4086 igitur
629 4008 707 4070 iuter
731 4030 764 4071 ss
793 4009 932 4090 paralleli
954 4007 1010 4072 ΠΕ
1035 4017 1066 4069 et
1087 4005 1163 4080 BG,
1191 4004 1245 4066 sed
1275 4003 1413 4084 producti
1443 4022 1518 4065 cou-

164 4106 327 4174 currerent,
353 4108 385 4160 et
408 4099 451 4160 sic
474 4096 541 4174 ΕΗ,
566 4097 621 4159 FH
644 4097 722 4160 inter
746 4118 778 4160 se
802 4105 985 4176 convergent
1008 4115 1113 4158 versus
1136 4094 1174 4156 H.

254 4187 305 4252 Sit
333 4187 398 4266 jam
422 4192 453 4249 A
475 4193 610 4248 centrum
636 4187 738 4248 circuli
765 4185 830 4254 BG,
855 4195 886 4248 et
909 4185 966 4248 CH
998 4184 1091 4264 tripla
1120 4182 1159 4244 ad
1185 4180 1252 4244 CA.
1299 4179 1341 4240 Ht
1370 4179 1412 4241 sit
1440 4179 1520 4241 intra

164 4278 193 4338 H
217 4277 420 4356 puuctumR.
469 4273 585 4346 Quodsi
615 4273 669 4336 BC
698 4276 764 4336 sola
793 4275 896 4347 fuerit,
926 4277 1108 4352 convergent
1136 4271 1191 4334 ΒΕ
1220 4277 1251 4331 ct
1284 4266 1367 4331 OF
1359 4287 1389 4329 ιιι
1412 4267 1443 4329 H
1465 4285 1519 4347 per

165 4365 318 4428 XXXIV.
366 4363 453 4428 Sit'
440 4384 506 4444 Javn
538 4365 633 4444 ipsius
660 4363 714 4424 EF
744 4364 846 4426 circuli
880 4371 1015 4425 centrum
1037 4361 1077 4422 R.
1123 4359 1166 4448 Ει
1188 4359 1280 4420 ducta
1302 4356 1360 4419 ΕΒ
1387 4375 1518 4438 perpen-

164 4455 300 4528 diculari,
323 4455 378 4518 ΒΕ
402 4455 439 4514 ab
463 4451 522 4514 ER
545 4451 726 4531 refringetur
748 4472 801 4533 per
824 4453 863 4515 ll.
889 4460 920 4513 et
949 4471 1039 4531 snpra
1062 4447 1092 4512 H
1115 4467 1181 4511 cnm
1206 4447 1263 4510 GH
1286 4453 1452 4522 concurret,
1476 4445 1519 4508 sit

164 4542 252 4606 inP
298 4544 380 4621 Ergo
404 4541 458 4604 ΕΡ
482 4550 513 4602 et
537 4541 586 4602 FP
611 4541 705 4620 magis
730 4550 915 4622 convergunt
942 4559 1031 4620 quam
1053 4537 1116 4613 ΒΕ,
1143 4535 1213 4600 ΟΕ;
1240 4545 1271 4598 et
1294 4534 1346 4600 ΟΡ
1370 4533 1519 4600 distantia

166 4651 328 4693 concursus
352 4632 377 4692 P
400 4629 496 4693 minor
519 4637 567 4691 est
590 4648 678 4709 quam
703 4629 768 4693 CH.

254 4719 422 4781 Rursum
414 4719 508 4800 ipsius
531 4717 584 4779 EF
616 4717 720 4780 circuli
752 4727 884 4784 centrum
909 4720 951 4782 sit
979 4715 1131 4798 suprafl,
1157 4722 1232 4795 puta
1255 4714 1347 4789 inP,
1373 4720 1404 4774 et
1426 4713 1519 4775 ducta

165 4807 405 4943 perpendiculari
435 4807 504 4881 ΕΡ,
537 4806 638 4870 radius
666 4807 720 4870 ΒΕ
752 4807 970 4892 refringatur'
963 4827 992 4870 m
1022 4805 1050 4868 Ε
1079 4827 1099 4868 a
1129 4801 1368 4898 perpendiculari
1398 4801 1516 4886 longiut

1244 4903 1304 4975 dt*
