3730 5528
751 285 834 336 Notae
851 283 965 337 silmas.
1473 286 1539 356 433
1559 309 1564 318 ·

180 463 381 528 saepissime
406 461 550 520 fallitur,
577 469 613 515 ut
630 465 662 516 in
679 463 818 530 reliquis
844 463 1003 514 lateribus
1022 467 1055 511 et
1078 461 1211 526 angulis
1230 478 1247 516 a
1263 465 1415 518 raritate
1432 468 1538 531 pluri-

179 548 260 586 mum
288 535 423 585 aberret.
460 533 544 584 Hinc
572 536 736 602 colligere
761 541 872 598 petes,
901 534 977 599 quid
1003 533 1098 598 globo
1126 533 1290 596 Tychonis
1318 538 1471 589 tribuam.
1511 539 1542 590 Si

182 607 249 658 enim
267 603 359 657 interi
379 603 465 655 stellas
484 618 552 655 ame
571 612 776 658 commemoratas
790 611 859 655 certa
872 605 962 655 ordinis
975 606 1039 655 ratio
1052 619 1101 654 non
1114 605 1147 656 sit
1167 605 1304 664 observata,
1323 607 1383 656 locis
1404 611 1537 674 assignatis

181 677 330 742 reliquarum
349 676 452 726 fixarum
471 677 562 741 exigua
574 677 635 728 fides
648 686 686 728 est
703 677 827 742 habenda
853 675 902 726 Sed
914 677 940 724 in
956 676 1022 726 banc
1041 676 1153 725 certandi
1171 675 1323 740 palaestram
1340 678 1415 729 latius
1434 681 1534 746 evagari

180 747 241 798 mibi
257 763 308 798 non
327 753 366 798 est
384 749 492 806 marus,
513 761 569 797 cum
589 763 632 806 ea,
651 763 715 814 quae
734 751 802 800 circa
819 746 902 798 Solem
919 747 1026 810 probari,
1047 761 1064 796 a
1081 748 1148 796 robis
1171 748 1237 811 prius
1267 751 1401 800 examinari
1429 753 1535 815 cupiam.

182 817 297 884 intelligo
327 817 400 879 enim,
429 818 548 882 quosdam
567 821 605 870 ita
631 821 753 870 studiosos
780 833 834 868 esse
859 819 1004 882 placitorum
1022 817 1187 884 Lansbergii,
1215 825 1244 868 ut
1261 819 1308 868 illis
1334 821 1413 870 instar
1437 835 1538 873 normae

181 891 294 940 rerltads
321 890 480 940 tenacissime
509 890 670 942 adhaereant.
707 890 759 940 Illis
778 890 870 939 licebit.
907 887 963 938 Non
981 889 1058 952 pudet
1076 890 1136 938 istos
1154 890 1280 954 imperitos
1299 891 1447 949 lhrasones,
1467 899 1539 942 cata·

182 961 245 1026 logis
262 961 427 1011 nundinarum
445 959 529 1010 fucum
547 961 631 1012 facere
644 970 669 1014 et
680 963 784 1012 lectores
804 975 847 1023 spe
860 959 1058 1009 sanalactare:
1078 959 1123 1008 sed
1141 959 1251 1009 fortassis
1270 963 1328 1026 ipsis
1347 964 1461 1013 induciae
1480 969 1538 1012 sunt
1633 967 1635 974 ’

183 1032 290 1087 dandae,
307 1039 338 1084 ut
355 1037 452 1096 tempus
468 1035 563 1095 lustau
580 1032 692 1086 habeant
710 1033 743 1082 ad
762 1031 906 1082 discendnm
925 1032 945 1078 si
963 1045 1012 1080 non
1031 1031 1064 1082 ad
1082 1031 1263 1082 salutandum.u
1286 1058 1316 1068 -

270 1102 421 1168 Hucusque
441 1101 636 1153 cbrismannns.
673 1105 751 1154 Vides
769 1105 803 1151 mi
822 1101 917 1151 erudite
936 1101 1059 1164 Keplere,
1081 1115 1156 1164 quam
1181 1102 1334 1154 confidenter
1352 1109 1378 1153 et
1395 1109 1540 1155 constanter

182 1174 223 1224 bic
242 1172 429 1224 Christmannus
447 1188 494 1224 sua
511 1188 576 1227 nors
594 1176 748 1239 problemata
766 1179 873 1232 tueatur,
893 1186 967 1237 quam
987 1173 1077 1222 acriter
1093 1171 1225 1222 invehatur
1243 1174 1268 1222 in
1289 1181 1375 1224 eontra
1394 1177 1538 1226 sentientes.

183 1245 270 1310 Digne
288 1258 349 1298 sane
368 1258 407 1295 res
427 1250 472 1304 est,
491 1258 556 1309 quae
575 1260 592 1297 a
611 1251 638 1297 te
657 1253 683 1296 et
702 1247 756 1296 aliis
773 1245 858 1309 peritis
873 1244 899 1294 ln
916 1241 964 1294 hac
977 1248 1031 1292 arte
1050 1242 1181 1308 diligenter
1199 1244 1352 1296 discutiatur.
1378 1245 1432 1311 Ego
1439 1235 1538 1296 ‘chrisc-

183 1329 276 1365 manno
296 1317 411 1366 assentiri
428 1330 479 1366 nou
496 1330 603 1380 possum.
639 1317 813 1367 Retractiones
840 1316 952 1364 unanimi
980 1313 1128 1364 diversorum
1152 1315 1273 1364 artilicum
1302 1330 1424 1365 consensu
1450 1319 1537 1366 confir-

182 1393 290 1444 mantur,
309 1388 416 1436 maxime
435 1387 566 1451 eclipsibus
583 1387 640 1445 illis,
659 1402 723 1453 quae
743 1386 857 1449 (exclusa
873 1381 1034 1445 retractione)
1054 1385 1165 1436 excusari
1185 1386 1247 1435 allas
1265 1387 1365 1436 minime
1383 1395 1493 1450 possunt,
1514 1395 1540 1438 et

184 1473 231 1524 ego
250 1473 293 1522 pes
311 1471 369 1507 mea
386 1458 552 1508 iustrumenta
569 1459 743 1511 refractionem
761 1457 897 1514 observari,
917 1471 972 1506 cum
991 1455 1050 1505 mibi
1069 1455 1149 1505 adbuc
1166 1471 1215 1506 nec
1228 1457 1258 1508 de
1271 1457 1388 1518 Tyobone
1406 1458 1538 1523 quidquam

185 1535 320 1588 constaret,
339 1543 387 1579 neo
405 1531 501 1582 scirem.
521 1531 562 1595 qui
580 1530 663 1592 lieret,
685 1539 710 1582 et
730 1529 773 1580 diu
790 1529 875 1593 putari
892 1529 918 1576 in
936 1529 1099 1576 instrumento
1124 1527 1210 1578 sitium
1232 1528 1356 1578 occultum
1377 1528 1463 1586 latere,
1483 1545 1539 1579 cum

184 1607 270 1649 tamen
289 1602 372 1650 omnia
389 1601 501 1664 praecise
520 1599 638 1652 distinma
655 1607 747 1652 essent.

273 1670 414 1736 Intelligere
433 1686 483 1720 non
500 1687 612 1735 possum,
631 1672 751 1737 quomodo
769 1673 834 1720 inter
852 1684 880 1720 se
899 1669 1061 1726 conveniant,
1080 1668 1145 1734 qnod
1163 1671 1248 1720 scribit
1266 1670 1469 1728 chassmannim,
1489 1671 1539 1733 Ty-

186 1741 291 1792 cbouem
310 1742 443 1792 distantias
459 1757 530 1792 seras
548 1743 675 1794 stellarum
688 1751 713 1794 et
726 1741 890 1793 differentiam
904 1754 954 1790 aso.
967 1746 1060 1796 rectae,
1081 1740 1184 1805 angulos
1196 1757 1266 1792 seros
1278 1742 1377 1806 quidem
1389 1743 1540 1800 observasse,

184 1828 268 1863 serum
288 1813 481 1864 accommodatis
500 1815 553 1864 istis
573 1816 670 1880 angulis
690 1815 722 1864 ad
741 1815 840 1866 tertiam
857 1811 956 1862 stellam
973 1826 1023 1860 non
1042 1813 1180 1861 convenire.

276 1883 382 1934 Videtur
399 1885 440 1934 ille
460 1893 545 1950 aperte
574 1883 715 1951 catalogum
742 1885 868 1936 stellarum
886 1881 1009 1946 'lychonis
1036 1882 1152 1932 falsitatis
1175 1883 1333 1944 insimulare,
1361 1887 1427 1950 quod
1445 1893 1541 1952 quanta

185 1967 242 2004 oum
258 1957 358 2018 Jactnra
376 1957 480 2006 nominis
499 1957 653 2020 Tychoniani
672 1964 698 2006 et
715 1957 826 2007 labomm
853 1955 928 2018 ipsius
957 1954 1135 2004 deformatione
1162 1953 1270 2004 futurum
1289 1967 1372 2013 esset,
1401 1963 1429 2006 tu
1448 1961 1539 2022 optime

186 2028 310 2087 conjicies.
350 2027 433 2087 Quare
452 2029 472 2076 si
491 2029 549 2093 qnid
574 2028 605 2078 de
625 2028 799 2084 Christmanni,
816 2026 878 2076 libro
905 2025 949 2074 tibi
977 2026 1114 2092 constiterit
1132 2025 1157 2072 iu
1183 2025 1315 2092 allegatis,
1340 2043 1431 2092 quaeso
1449 2045 1489 2079 me
1509 2031 1539 2080 de

185 2099 290 2148 mritate
307 2098 344 2147 rei
362 2104 407 2148 ant
424 2098 533 2150 salsitate
560 2101 667 2164 penitius
695 2100 810 2151 edoceas.
847 2095 897 2148 Sed
923 2109 1015 2160 quaeso
1037 2096 1101 2146 haec
1120 2095 1164 2144 tibi
1182 2097 1228 2146 soli
1246 2113 1363 2148 reserves.
1401 2099 1464 2150 Nolo
1483 2101 1540 2152 lites

186 2181 266 2218 serere
284 2170 349 2218 inter
366 2168 539 2231 Trebonianos
557 2177 584 2220 et
601 2170 676 2220 illum.

277 2239 376 2300 Quaeso
389 2239 421 2290 ad
439 2243 530 2304 priores
548 2255 618 2291 meas
635 2241 720 2291 literas
733 2245 758 2290 et
771 2239 804 2290 ad
823 2243 967 2302 praesentes
986 2237 1142 2299 respondeas.
1168 2235 1209 2287 Sic
1221 2238 1295 2288 solita
1307 2246 1352 2290 tua
1364 2243 1538 2304 promtitudine

187 2326 229 2363 me
247 2311 327 2362 adhuc
354 2312 435 2376 magis
462 2313 590 2364 exulabis.
627 2311 729 2362 Nullam
747 2311 778 2360 ad
797 2325 838 2360 me
865 2309 987 2360 scribendi
1014 2309 1170 2358 occasionem
1198 2310 1345 2369 intermitte,
1369 2314 1395 2360 iu
1413 2329 1453 2363 me
1471 2315 1540 2366 nulla

187 2396 295 2448 unquam
312 2397 382 2432 mora
400 2389 445 2433 ant
463 2383 603 2436 difficultas.
640 2383 780 2434 Fabricium
798 2389 857 2431 tuae
876 2381 1019 2430 cruditionis
1038 2380 1122 2429 variae
1144 2381 1219 2432 radiis
1237 2382 1333 2432 illustra
1352 2389 1377 2432 et
1396 2385 1494 2444 cxcita;
1515 2392 1541 2436 et

186 2456 228 2520 qni
253 2453 375 2518 gloriatus
399 2455 531 2518 quondam,
557 2453 791 2518 se‘Tyehonianum
819 2467 888 2512 esse,
917 2453 943 2500 iu
969 2456 1092 2516 posterum
1120 2465 1216 2517 quoque
1243 2467 1270 2502 se
1288 2454 1467 2519 Keplerianum
1485 2471 1540 2508 esse

203 2525 289 2576 loriose
304 2525 419 2588 jactabit

185 2541 203 2592 g
273 2595 350 2646 Hisce
369 2596 505 2646 diutissime
524 2601 550 2646 te
568 2595 650 2647 valere
665 2597 749 2660 jubeo.
774 2594 860 2644 Datae
877 2593 975 2644 Esenae
994 2592 1019 2640 in
1038 2606 1092 2642 meo
1111 2606 1213 2642 musaeo
1233 2590 1274 2642 14.
1288 2593 1363 2644 Mart.
1380 2611 1402 2642 r.
1417 2603 1447 2645 st.
1465 2595 1539 2646 1003.

186 2667 256 2718 Tuae
274 2669 443 2732 praestantiae
462 2667 643 2720 addictissimus
661 2667 697 2717 D.
714 2666 851 2716 Fabricius.

275 2737 324 2788 Die
343 2734 367 2785 7.
381 2737 444 2801 Maii
460 2746 545 2788 monet
561 2740 689 2790 Fabricius
701 2737 837 2802 Keplerum
855 2735 904 2786 hac
923 2735 953 2785 de
972 2733 1128 2798 quaestione:
1153 2732 1260 2792 ,nodum
1278 2735 1344 2786 huno
1363 2736 1433 2784 nobis
1452 2737 1540 2810 enqda,

189 2817 216 2860 et
233 2809 375 2871 scrupulum
393 2811 583 2860 astronomicum
600 2811 667 2860 tolle.
705 2811 746 2858 An
764 2813 863 2872 praeter
881 2815 906 2857 te
925 2805 988 2856 alius
1006 2805 1031 2854 id
1049 2807 1133 2856 iacere
1151 2807 1236 2869 possit,
1256 2807 1327 2856 valde
1346 2806 1439 2856 dubito.

277 2880 333 2938 His,
344 2881 448 2930 assiduis
465 2881 571 2932 Fabricii
590 2883 690 2931 monitis
708 2887 789 2930 motus
801 2877 924 2943 Keplerus
942 2877 1045 2927 tandem
1064 2874 1099 2938 (d.
1114 2876 1139 2926 4.
1153 2877 1203 2927 Jul.
1220 2874 1299 2938 1003)
1318 2877 1382 2928 haee
1401 2881 1540 2942 respondit:

186 2953 300 3010 Literae
321 2961 387 3007 tuae
408 2949 447 3022 (d.
473 2956 516 3010 14.
537 2949 636 3024 Mart.)
666 2961 744 3011 totae
770 2960 836 3007 sunt
855 2955 889 3006 de
909 2951 1076 3022 Lansbergii
1097 2958 1126 3004 et
1146 2951 1284 3020 Tychonis
1306 2952 1414 3005 acmrrlo
1437 2953 1540 3008 Christ·
1628 2986 1633 2996 ι

185 3041 298 3098 manno,
328 3033 468 3104 quoniam,
501 3033 524 3088 si
545 3035 602 3089 ista
622 3037 657 3089 ad
678 3043 707 3090 te
732 3033 858 3104 scripsit,
889 3031 949 3100 ejus
971 3048 1025 3101 ego
1054 3031 1171 3086 hominis
1201 3037 1370 3100 κακοηθειαν
1395 3032 1542 3102 plurimum

186 3129 308 3168 aversor.
350 3114 446 3184 Neque
467 3115 533 3169 mihi
553 3131 663 3184 possem
685 3117 721 3170 ab
743 3113 897 3168 acerbitate
919 3119 1075 3182 temperare
1096 3113 1124 3166 in
1145 3111 1294 3165 manifesta
1314 3119 1474 3183 negantem,
1496 3131 1540 3168 res

185 3195 271 3248 bonas
293 3196 488 3250 destruentem.
529 3195 582 3249 Sed
603 3195 665 3265 jam
691 3196 720 3248 in
746 3195 878 3263 catalogo
907 3192 974 3258 vidi,
1003 3193 1048 3264 qui
1071 3211 1100 3246 se
1127 3190 1181 3261 ipsi
1208 3199 1369 3260 opponeret.
1410 3194 1448 3246 Et
1470 3195 1541 3263 quod

184 3273 363 3329 refractiores
385 3275 497 3340 attinet,
518 3291 668 3346 suppresso
688 3274 796 3329 nomine
817 3274 878 3341 ejus
899 3271 1023 3328 nonnihil
1043 3271 1160 3326 invehar
1180 3270 1208 3324 in
1229 3270 1334 3340 Opticis
1355 3271 1431 3327 meis.

274 3351 379 3416 Spectat
405 3352 453 3402 illis
481 3354 560 3404 verbis
578 3353 747 3404 Minatium
769 3341 908 3416 Keplerus,
938 3350 968 3400 de
994 3365 1041 3414 quo
1068 3362 1143 3413 supra
1170 3345 1267 3409 (annot.
1289 3345 1344 3410 34.)
1364 3349 1476 3400 diximus.
1512 3351 1543 3401 In

184 3424 303 3490 prioribus
321 3421 381 3472 locis
400 3421 470 3488 (pag.
489 3421 540 3474 206
553 3430 579 3474 et
592 3423 656 3486 209)
675 3425 787 3474 imitatus
806 3437 860 3474 esse
878 3421 975 3472 ridetur
986 3421 1109 3486 Keplerus
1127 3420 1228 3470 modum
1241 3417 1408 3470 Cbristmanni
1426 3422 1542 3486 loquendi

185 3497 211 3546 in
229 3495 278 3544 fine
297 3493 416 3558 epistolae
435 3508 509 3559 supra
527 3496 627 3546 allatae.
666 3495 793 3546 Fabricius
812 3499 919 3557 accepta
937 3493 1000 3542 douo
1020 3508 1037 3543 a
1048 3491 1156 3554 Keplero
1176 3489 1266 3555 Optica
1284 3493 1378 3555 madae
1398 3506 1476 3557 agens
1494 3492 1542 3544 bac

186 3566 217 3615 de
236 3565 381 3614 rescribit:
409 3565 536 3616 Retractio
555 3566 581 3616 in
601 3565 658 3617 Sole
685 3579 773 3616 resera
799 3566 845 3623 lit,
873 3569 930 3614 utut
948 3564 1136 3612 Christmannus
1153 3563 1179 3612 id
1206 3567 1343 3626 perneget,
1371 3578 1443 3627 quern
1469 3569 1497 3612 tn
1517 3569 1542 3612 et

185 3635 303 3688 Miserius
322 3639 421 3700 egregie
440 3638 579 3701 excepistis.
615 3635 649 3699 (E
668 3637 744 3686 literis
762 3636 868 3685 Fabricii
887 3635 909 3684 d
933 3631 1017 3696 lbltss.
1035 3634 1094 3684 Jan.
1117 3629 1193 3682 1005.
1212 3627 1298 3692 datis.)

276 3705 305 3756 In
323 3705 449 3757 Hanschio
469 3713 538 3758 extat
557 3705 592 3772 (p.
613 3707 676 3768 218)
697 3707 865 3758 Christmanui
884 3706 990 3770 epistola
1008 3703 1134 3767 (Heidelb.
1155 3703 1178 3754 d.
1200 3701 1241 3752 11.
1255 3703 1313 3767 Aps.
1336 3699 1435 3764 1004),
1454 3704 1480 3752 in
1493 3717 1542 3767 qua
1646 3750 1652 3763 ,

186 3793 203 3828 a
220 3777 330 3842 Keplero
348 3779 420 3841 petit,
438 3783 466 3827 ut
484 3780 531 3843 ipsi
550 3780 715 3830 communicet
732 3791 791 3829 suas
810 3778 1001 3834 observationes,
1022 3783 1065 3834 ,et
1078 3776 1109 3826 de
1121 3774 1202 3830 modo,
1227 3775 1402 3822 astronomiam
1420 3783 1542 3837 promtam

186 3863 217 3900 ac
235 3849 335 3899 iacilem
354 3857 494 3914 certamque
512 3851 645 3907 condendi,
665 3850 775 3899 conterre
793 3864 843 3899 nou
862 3847 1002 3914 gravetur.“
1031 3847 1169 3910 Responsio
1187 3844 1291 3908 Kepleri
1307 3845 1377 3893 nulla
1395 3845 1475 3901 adest,
1493 3860 1541 3896 nec

186 3919 285 3970 difficile
299 3920 494 3970 concludendum
510 3935 523 3970 e
535 3923 684 3986 praemissis,
697 3919 790 3971 nullam
801 3934 899 3984 prorsus
911 3920 1093 3982 responsionem
1106 3917 1203 3966 dedisse
1216 3915 1387 3964 Christmanno
1397 3915 1541 3978 Keplerum.

278 3988 326 4053 et)
344 4006 369 4054 p.
390 3988 449 4040 329.
487 3993 589 4058 Kepleri
608 3993 730 4044 calculum
748 3993 880 4056 probantes
898 3992 961 4041 baec
990 3988 1209 4052 deprehendimus:
1238 3982 1265 4046 1)
1288 3985 1317 4034 In
1335 3979 1407 4044 ΔΔ
1426 3985 1496 4035 1)οΒ
1516 3993 1542 4037 et

187 4061 259 4114 DHB
279 4063 312 4114 ad
330 4061 354 4112 D
373 4063 533 4129 rectsngults,
553 4070 662 4114 assumto
681 4063 750 4114 radio
768 4063 813 4112 AB
832 4079 860 4102 =
875 4059 903 4128 1.
923 4061 1014 4112 dantur
1031 4059 1079 4112 BD
1097 4075 1125 4098 =
1141 4060 1188 4106 sin.
1201 4051 1258 4114 45⁰,
1278 4055 1326 4106 Dc
1342 4073 1370 4094 =
1388 4057 1435 4106 AG
1446 4079 1482 4091 -·
1493 4057 1540 4106 AD

185 4173 375 4227 :tt-eos.
395 4173 453 4235 45⁰,
473 4173 959 4242 Dfl=an÷na=su÷an
977 4191 1004 4215 =
1022 4167 1238 4239 54†oos.tb⁰,
1257 4187 1315 4238 crgo
1333 4129 1520 4237 ις.(1τΒΙΞ

1471 4209 1541 4266 Du’

186 4349 212 4373 =
230 4287 438 4430 biti-20:3⁰4&
456 4353 482 4378 =
501 4333 630 4398 001320,
650 4352 726 4408 quare
744 4331 782 4406 Δ
799 4339 822 4387 0
839 4353 866 4377 =
885 4335 928 4384 lt‘
946 4333 1008 4404 „³⁷¹²
1055 4334 1101 4402 Tg.
1121 4327 1158 4398 Δ
1175 4333 1201 4383 H
1218 4349 1244 4374 =
1262 4287 1312 4428 g}
1347 4349 1373 4373 =
1403 4284 1542 4435 3702:-

185 4465 213 4492 τ·-
229 4448 373 4510 0012025,
392 4467 450 4518 crgo
469 4444 507 4518 ζ
523 4451 550 4502 Η
567 4467 594 4494 =
613 4450 657 4501 441
677 4451 729 4501 2011
749 4460 775 4504 et
792 4454 828 4504 sio
846 4453 869 4502 G
887 4479 920 4492 -
939 4451 965 4502 H
983 4467 1010 4492 =
1030 4451 1053 4499 11
1075 4448 1134 4500 1111.

274 4519 303 4585 2)
321 4521 351 4573 ln
369 4519 406 4583 Δ
424 4523 493 4573 BGD
513 4523 546 4573 ad
563 4522 588 4572 D
606 4523 770 4588 rectangnlo,
788 4524 879 4574 dantur
899 4522 941 4574 CB
958 4540 986 4564 =
1004 4521 1056 4581 ol,
1075 4522 1122 4574 DB
1141 4538 1167 4564 =
1185 4523 1231 4574 sin.
1251 4517 1308 4579 45⁰,
1328 4534 1385 4585 ergo
1404 4521 1450 4570 ein.
1469 4517 1538 4572 BGD

188 4594 278 4732 :gg
297 4653 324 4676 =
344 4592 477 4733 Ψ,
504 4653 531 4678 =
550 4591 667 4731 Ψ
692 4653 719 4677 =
746 4633 880 4694 0010004
908 4645 934 4688 et
961 4631 1036 4704 ΛΟ
1063 4653 1091 4678 =
1117 4635 1224 4688 451111.
1260 4629 1385 4702 [BGD
1413 4660 1445 4670 -
1470 4633 1539 4688 BGD

189 4763 217 4790 =
234 4748 276 4802 401
296 4747 347 4800 3711
368 4775 402 4790 -
421 4751 465 4804 451
485 4752 519 4802 111
537 4769 567 4796 -·-·
584 4749 649 4804 0011.

277 4817 323 4884 87)
340 4837 364 4887 p.
384 4820 445 4874 300.
484 4823 547 4875 Gmn
573 4825 607 4876 sit
634 4837 678 4888 per
704 4823 786 4888 priora
809 4823 832 4874 L
857 4829 976 4888 puuotmu
1003 4821 1087 4876 ssnith
1112 4823 1205 4875 lociB
1231 4824 1259 4873 in
1283 4823 1412 4886 superlitis
1439 4821 1539 4886 Terrae,

242 4907 329 4958 sorim
341 4910 419 4962 opere.
439 4911 467 4952 ιι.
1095 4939 1097 4942 -
1294 4907 1329 4962 28
