3718 5528
276 248 344 316 278
772 249 945 300 muouomiae
964 247 1025 300 Pare
1044 249 1144 316 Optica.

280 430 426 512 seqnitur.
464 430 546 508 Ergo
565 426 694 490 latitudo
710 445 763 488 seu
777 432 970 504 augmentum
985 425 1113 488 lucentis
1128 445 1219 488 cornu
1235 427 1296 488 iere
1311 426 1438 506 quidem,
1462 445 1521 489 non
1535 433 1638 490 tarum

281 520 451 582 omnimode
470 517 634 596 respondet
652 515 800 595 digressui
815 517 920 577 Lunae
936 515 1051 578 aSole.
1088 513 1275 577 Reinholdus
1292 515 1492 579 differentiam
1510 518 1540 578 iu
1560 534 1638 596 qua-

283 609 425 683 draturis,
441 607 490 669 ubi
511 605 641 667 maxima
655 614 712 679 est,
734 604 867 665 ostendit
886 623 954 666 esse
972 605 1117 684 graduum
1131 605 1221 666 trium
1241 604 1368 668 semisse
1383 607 1450 685 plus
1464 605 1513 666 vel
1528 606 1636 667 minus.

372 695 459 767 Quod
483 695 510 755 si
534 711 637 754 omues
670 693 857 754 subtilitates
890 694 966 755 libet
998 693 1184 768 consectari,
1218 692 1298 754 aliud
1331 693 1424 756 etiam
1456 695 1543 755 deest
1570 692 1639 754 huic

283 786 387 860 modo,
420 801 525 861 nempe
555 801 621 842 curn
644 779 701 842 FG
733 782 860 844 circulus
892 781 1120 844 illuminationis
1143 801 1203 844 uon
1235 800 1326 861 saepe
1350 782 1391 844 sit
1422 783 1558 863 aequalis
1581 782 1639 844 KL

284 875 394 936 circulo
409 871 543 944 visionis,
559 871 613 931 sed
633 869 805 950 plerumque
820 870 924 946 minor,
949 889 1020 948 ergo
1040 870 1117 931 hane
1141 889 1257 950 quoque
1278 870 1316 931 ob
1338 891 1461 934 causam
1484 871 1638 952 proportio

165 1005 170 1014 .
284 963 360 1023 iuter
385 967 574 1038 augmentum
593 957 689 1038 portis
713 958 840 1020 lucentis
856 969 888 1020 et
906 959 1072 1020 discessum
1087 959 1191 1020 Lunae
1207 979 1226 1020 a
1240 958 1311 1020 Sole
1335 961 1468 1022 nonnihil
1489 959 1638 1022 turbatur.

370 1049 438 1110 Etsi
462 1067 533 1108 vero
559 1047 630 1108 nihil
654 1048 826 1109 turbaretur
848 1048 1003 1127 proportio
1025 1066 1121 1126 neque
1142 1047 1180 1108 ab
1200 1048 1257 1108 hac
1280 1067 1375 1128 neque
1399 1051 1438 1112 ab
1459 1050 1513 1112 illa
1535 1067 1638 1122 causa,

283 1157 339 1199 non
364 1149 465 1198 tamen
490 1136 557 1197 ideo
581 1134 663 1196 visus
683 1136 761 1197 citra
784 1154 915 1198 errorem
935 1137 977 1197 sit
1000 1136 1127 1210 iuturus,
1151 1134 1177 1196 si
1198 1155 1236 1198 ex
1259 1137 1455 1202 dodrantibus
1479 1136 1639 1201 semunciis

282 1225 451 1288 latitudinis
475 1243 566 1287 cornu
591 1224 720 1286 lucentis
744 1224 808 1286 dies
834 1225 945 1286 aetatis
968 1226 1074 1286 Lunae
1098 1243 1151 1286 seu
1175 1225 1391 1304 digressionem
1415 1248 1434 1288 a
1456 1227 1529 1292 Sole
1553 1243 1639 1288 scru-

283 1317 388 1395 pulose
410 1314 484 1376 velit
506 1313 657 1393 colligere.
695 1313 793 1394 Digiti
813 1313 891 1374 enim
906 1314 964 1375 etsi
986 1315 1067 1376 intra
1089 1314 1241 1403 terminos·
1257 1314 1381 1376 visionis
1400 1335 1468 1378 sese
1492 1315 1641 1394 recipiant

282 1404 464 1484 aequaliter,
499 1421 555 1482 quo
583 1401 739 1481 propiores
771 1411 872 1464 tamen
897 1411 968 1464 suut
991 1402 1101 1464 circulo
1125 1401 1258 1477 visionis,
1283 1403 1339 1465 hoc
1363 1413 1513 1483 apparent
1540 1421 1638 1481 angu-

282 1493 403 1567 stiores,
428 1511 486 1572 quo
507 1491 604 1569 magis
628 1491 869 1571 appropinquant
883 1500 985 1553 centro
1006 1492 1082 1552 disci
1096 1492 1234 1565 Lunaris,
1256 1492 1312 1552 hoc
1332 1493 1456 1555 latiores
1480 1498 1638 1573 apparent.

285 1579 379 1660 Cujus
404 1581 446 1642 rei
471 1579 689 1641 demonstratio
713 1581 927 1659 propemodum
951 1581 1056 1641 eadem
1075 1588 1123 1641 est
1140 1599 1206 1642 cum
1231 1579 1294 1652 illa,
1320 1599 1396 1660 quae
1421 1583 1563 1654 ostendit,
1588 1599 1640 1640 cur

281 1670 445 1731 subtensae
476 1669 603 1730 arcubus
633 1667 735 1729 circuli
759 1687 818 1730 non
847 1669 921 1730 liant
947 1668 1202 1748 proportionales,
1232 1670 1287 1731 sed
1311 1687 1368 1749 quo
1398 1672 1529 1734 minores
1552 1687 1640 1732 arcus

283 1760 340 1819 hoc
363 1757 425 1819 sint
447 1757 509 1820 illis
542 1757 705 1818 subtensae
736 1757 943 1836 aequaliores:
978 1766 1099 1820 etcum
1122 1757 1151 1817 ln
1175 1757 1320 1837 principio
1353 1760 1528 1838 quadrantis
1552 1753 1640 1820 2909

282 1847 449 1926 particulae
474 1845 614 1907 diametri
637 1845 782 1907 minutum
805 1864 895 1907 uuum
918 1847 1043 1916 addant,
1068 1846 1097 1907 in
1121 1847 1178 1908 fine
1202 1847 1329 1914 totidem
1351 1850 1507 1926 particulis
1530 1845 1641 1925 integri

286 1934 345 1998 13⁰
367 1933 421 1998 51¹
445 1935 658 2014 respondeant.
705 1935 821 2014 Nempe
850 1941 947 1996 totum
970 1936 1075 1997 Lunae
1103 1935 1290 2014 aspectabile
1314 1936 1581 2016 hemisphaerium,
1605 1943 1639 1996 nt

284 2043 375 2104 supra
390 2043 427 2085 ex
441 2023 493 2085 lib.
511 2023 568 2084 IV.
588 2041 633 2102 pr.
655 2018 707 2085 111.
725 2022 899 2085 Vitellianis
915 2023 1095 2093 dixeramus,
1120 2031 1248 2103 apparet
1262 2024 1384 2103 planum
1394 2044 1403 2099 ;
1428 2027 1551 2106 proinde
1568 2023 1638 2105 qui-

284 2113 359 2174 libet
383 2110 448 2192 ejns
472 2111 677 2174 semicirculus
695 2130 750 2190 per
769 2112 870 2191 polum
894 2112 1105 2200 hemisphaerii
1127 2112 1255 2174 visibilis
1277 2113 1384 2175 ductus
1407 2123 1536 2194 apparet
1558 2114 1640 2176 linea

282 2208 376 2276 recta,
402 2200 480 2261 unde
503 2201 538 2260 fit
562 2207 594 2260 ut
617 2208 721 2278 partes
745 2200 847 2262 circuli
875 2201 1013 2279 partibus
1036 2211 1138 2263 rectae
1167 2202 1385 2281 respondeant,
1408 2213 1441 2264 et
1464 2203 1641 2283 aequalibus

283 2289 369 2351 unius
392 2296 495 2350 rectae
519 2287 693 2368 inaequales
718 2307 822 2358 arcus,
855 2289 980 2351 latiores
1004 2290 1053 2370 qui
1076 2290 1155 2351 visui
1178 2290 1293 2351 directe
1317 2291 1511 2370 objiciuntur,
1545 2292 1641 2353 exiles

284 2379 332 2460 qui
357 2379 385 2438 in
411 2376 540 2439 declivia
563 2376 645 2456 globi
669 2397 773 2440 versus
797 2377 922 2440 visionis
946 2380 1103 2440 terminum
1127 2397 1194 2440 sese
1218 2380 1397 2442 subducunt.

370 2466 457 2528 Haec
485 2468 561 2528 adeo
594 2485 687 2528 causa
717 2474 779 2540 est,
813 2486 866 2528 cur
897 2467 994 2546 prima
1026 2465 1179 2530 nascentis
1202 2467 1306 2530 Lunae
1339 2469 1524 2531 incrementa
1551 2468 1641 2530 valde

284 2556 371 2617 tarde
405 2562 574 2634 appareant
597 2564 629 2615 et
658 2556 765 2617 ultima
797 2556 1007 2617 evanescentis
1041 2557 1249 2631 decrementa,
1284 2565 1318 2618 at
1339 2556 1390 2619 nbi
1414 2557 1502 2619 Luna
1534 2557 1640 2619 dicho·

284 2653 392 2720 toruos,
418 2663 455 2706 ex
480 2643 615 2723 diligenti
642 2653 766 2724 aspectu
790 2644 933 2706 sectionis
955 2645 1044 2707 faciei
1069 2646 1174 2707 Lunae
1202 2645 1284 2708 intra
1306 2665 1420 2727 paucas
1445 2647 1534 2707 horas
1554 2645 1640 2724 judi-

284 2734 361 2796 cium
386 2735 422 2795 de
446 2752 519 2794 vera
543 2733 727 2810 quadratura
751 2734 828 2795 terre
852 2732 963 2813 possis.

372 2823 462 2885 Auno
488 2816 574 2885 16112
606 2822 653 2882 die
680 2821 730 2884 11.
762 2819 814 2885 21.
840 2821 1018 2884 Decembris
1041 2821 1168 2901 vesperi,
1194 2835 1260 2884 cum
1290 2841 1349 2884 uon
1378 2823 1578 2904 respexissem
1602 2822 1641 2882 ad

284 2913 388 2974 horam
413 2913 615 2991 quadraturae
639 2911 763 2986 Lunae,
794 2911 953 2973 videbatur
981 2912 1053 2973 mihi
1075 2911 1165 2972 Luna
1194 2912 1291 2973 adhuc
1315 2931 1391 2974 cava
1420 2913 1495 2974 hora
1518 2911 1643 2972 dimidia

284 3010 374 3062 sexta
396 3010 467 3080 post
490 2999 653 3062 meridiem.
691 3001 787 3081 Atqui
806 3000 872 3078 jam
895 3000 935 3062 ad
958 3001 1117 3063 terminum
1135 3021 1186 3076 της
1201 3006 1370 3083 deponamur
1393 3007 1529 3064 venerat.
1562 3000 1640 3062 Nam

283 3091 338 3151 Sol
361 3089 508 3150 haerebat
530 3087 558 3148 iu
584 3083 645 3151 29⁰
668 3087 723 3152 30¹
746 3096 784 3162 ,ἢ
810 3089 898 3150 Luna
925 3088 999 3150 iride
1029 3089 1143 3150 vestita
1170 3097 1315 3168 angusta,
1346 3099 1379 3152 nt
1401 3089 1479 3152 hanc
1507 3089 1643 3151 lateret

282 3178 449 3256 marginem
482 3178 585 3238 Lunae
619 3187 724 3256 posset
756 3177 905 3240 diameter
936 3179 1041 3240 Lunae
1074 3178 1238 3253 interesse,
1273 3179 1458 3240 transiverat
1490 3177 1641 3239 stellulam

285 3267 436 3346 quandam
460 3266 488 3326 in
523 3267 754 3328 constellatione
777 3265 884 3342 Piscis,
895 3262 929 3340 *)
964 3267 1008 3328 sic
1031 3275 1064 3328 ut
1094 3267 1167 3328 haec
1192 3267 1222 3328 iu
1254 3267 1330 3330 iride
1355 3269 1459 3329 Lunae
1490 3267 1640 3328 haereret.

373 3411 398 3476 *l
420 3411 494 3466 Dum
507 3410 622 3480 inquiro,
639 3425 774 3480 quaenam
790 3409 860 3463 hacc
875 3411 960 3464 stella
974 3409 1066 3474 firerit,
1085 3410 1190 3463 nullam
1205 3411 1331 3464 hocloco
1345 3410 1462 3480 reperio,
1478 3408 1643 3480 praesertim

283 3499 380 3548 tantae
394 3490 600 3562 magnitudinis,
616 3496 649 3545 ut
663 3489 751 3558 juxta
763 3489 870 3544 Lunam
890 3489 1026 3544 dividuam
1048 3489 1122 3544 cerni
1143 3490 1239 3558 possit.
1275 3491 1318 3544 De
1341 3489 1534 3544 observatione
1549 3497 1644 3542 tamen

283 3575 432 3628 etiamnum
454 3571 603 3626 certissime
626 3575 745 3624 constat.
788 3573 868 3624 Anne
889 3570 976 3642 igitur
997 3571 1049 3624 hoc
1070 3587 1170 3624 norum
1192 3569 1301 3642 aliquod
1322 3571 1556 3639 phaenomenoui

373 3660 447 3710 Hauc
473 3658 621 3722 hypothesin
649 3669 771 3708 excusans
805 3657 874 3706 addit
900 3655 1024 3720 Keplerns
1048 3657 1074 3705 in
1103 3657 1256 3720 appendice:
1275 3651 1357 3703 Hanc
1374 3650 1437 3703 nori
1459 3647 1644 3719 phaenomcni

284 3734 467 3805 suspicionem
489 3749 542 3786 non
565 3739 668 3786 temere
689 3737 740 3784 aut
761 3729 819 3783 sine
844 3731 979 3800 exemplis
1000 3747 1104 3784 moveo.
1147 3730 1264 3784 Videtur
1284 3728 1356 3783 enim
1377 3747 1430 3784 non
1452 3731 1522 3785 adeo
1542 3745 1643 3791 rarum,

283 3823 315 3871 ut
344 3820 466 3870 cometas
489 3813 528 3866 sic
557 3813 656 3866 stellas
687 3827 793 3882 quoque
825 3811 989 3883 peregrinas
1010 3811 1104 3868 videri.
1145 3810 1223 3864 Misit
1252 3809 1364 3864 David
1391 3809 1577 3864 Fabricius
1609 3810 1644 3861 ad

281 3895 421 3952 Braheum
443 3895 653 3949 observationes
675 3893 807 3962 quasdam
828 3891 856 3944 ln
877 3892 966 3945 Frisia
986 3891 1112 3954 habitas,
1139 3891 1276 3944 dimensus
1297 3889 1426 3945 Mercurii
1447 3889 1606 3944 distantiam
1626 3903 1646 3941 a

282 3979 359 4031 clara
381 3977 499 4046 quadam
521 3974 549 4028 in
565 3975 641 4038 Ceto,
664 3988 736 4044 quae
756 3990 808 4026 nec
830 3971 987 4026 al'abricio
1009 3972 1101 4040 potuit
1121 3971 1236 4024 inreniri
1258 3970 1375 4040 amplius
1397 3988 1448 4024 nec
1467 3985 1487 4023 a
1507 3983 1645 4039 quoquam

283 4058 349 4112 alio.
382 4055 428 4110 Sic
449 4055 515 4110 olim
534 4055 659 4108 Justus
681 4052 857 4123 Byrgius,
879 4052 1050 4123 Landgravii
1066 4056 1306 4120 automatopaeus,
1328 4067 1388 4106 cum
1402 4051 1517 4122 globum
1538 4048 1644 4102 coeles·

284 4145 340 4193 tcm
361 4137 501 4205 sculperet
530 4135 621 4189 stellis
649 4134 711 4188 fixis
737 4132 873 4202 insignem
899 4148 1015 4201 eumque
1037 4149 1097 4186 cum
1123 4131 1200 4184 coelo
1222 4131 1282 4200 ipso
1308 4131 1460 4194 conferret,
1482 4129 1510 4184 in
1530 4126 1646 4182 Antinoi

285 4219 374 4271 sidere
396 4217 518 4287 aliquam
538 4214 642 4284 reperit
663 4231 681 4268 a
701 4213 862 4267 Ptolemaeo
892 4213 1083 4280 praeteritam.
1124 4213 1167 4264 De
1189 4227 1224 4266 ea
1243 4228 1322 4275 vero,
1350 4227 1420 4282 quae
1446 4210 1527 4263 hodie
1553 4209 1647 4278 fulget

284 4299 312 4352 iu
332 4305 447 4366 pectore
467 4296 557 4366 Cygni
586 4301 746 4348 constanter
772 4292 906 4354 affirmat,
929 4310 984 4344 non
1005 4292 1091 4344 visam
1113 4311 1145 4345 eo
1174 4297 1296 4361 ternpore
1319 4308 1371 4362 quo
1392 4291 1452 4362 ipse
1474 4307 1533 4344 cum
1553 4287 1646 4342 Land-

284 4376 427 4450 grarianis
455 4375 634 4445 descriptioni
664 4374 746 4442 hujus
777 4371 874 4424 sideris
905 4371 1084 4426 incumberet.
1128 4373 1201 4425 Sane
1228 4371 1269 4424 uti
1295 4387 1357 4424 eam
1385 4388 1474 4440 neque
1496 4367 1645 4440 Tychonici

285 4463 420 4512 notarunt
441 4455 610 4523 (sexcenties
632 4455 736 4508 iterata
756 4452 893 4506 mentione
916 4451 1032 4521 simplici
1047 4451 1108 4520 ejus
1124 4467 1195 4521 quae
1212 4451 1238 4504 in
1258 4458 1371 4521 pectore
1386 4449 1476 4522 Cygni
1491 4449 1645 4519 antiquitus

286 4545 330 4592 nst
349 4538 426 4602 visa,
454 4536 532 4607 quasi
553 4541 630 4590 esset
655 4533 794 4595 solitaria,
817 4548 877 4584 cum
898 4531 969 4584 haec
990 4549 1062 4585 nova
1083 4531 1121 4586 sit
1140 4531 1181 4584 illi
1206 4532 1334 4600 proxima
1354 4537 1384 4584 et
1404 4531 1465 4584 loco
1486 4537 1516 4582 et
1536 4527 1645 4600 magni·

287 4615 411 4682 tudine),
442 4633 531 4688 neque
552 4617 729 4670 Ptolemaeus
750 4621 780 4667 et
802 4613 894 4665 Geber
922 4611 948 4664 in
977 4611 1161 4682 descriptione
1189 4611 1252 4665 riae
1278 4613 1389 4665 lacteae
1418 4608 1645 4670 mauratiseima;

288 4714 347 4750 cnm
368 4697 439 4750 haec
460 4705 553 4750 tamen
573 4714 646 4750 nora
667 4696 701 4748 ad
723 4693 784 4762 ejus
805 4692 958 4763 marginem
978 4694 1039 4746 loco
1061 4692 1213 4747 collocetur
1232 4691 1444 4746 evidentissimo.

377 4773 449 4825 Haec
467 4775 598 4836 Keplerus.
629 4773 708 4824 Stella
726 4771 832 4822 Fabricii
851 4779 889 4820 est
902 4785 941 4827 ea,
961 4785 1035 4836 qnam
1052 4771 1126 4820 hodie
1144 4777 1235 4822 vocant
1253 4771 1387 4820 munnam
1407 4770 1485 4829 „mira
1498 4768 1578 4818 cem.
1605 4766 1647 4818 De

288 4846 336 4898 hac
355 4853 431 4910 atque
450 4845 501 4897 alia
518 4847 543 4894 in
564 4847 649 4911 Cygno
669 4847 723 4895 uide
742 4842 830 4894 librum
848 4841 950 4906 Keplerl
970 4843 1000 4893 de
1019 4841 1098 4894 Stella
1115 4841 1193 4892 Nora.
