3718 5528
797 290 929 358 Gath·
1037 241 1042 248 Ι

764 577 883 676 Caput
913 577 962 652 X.

489 755 546 819 De
566 755 701 819 motibus
722 755 863 818 adeum
884 756 1099 839 monumnenta
1126 759 1239 839 optino.

277 914 352 980 Gom
377 915 439 979 siut
461 915 548 978 nobis
576 912 607 978 in
636 915 820 980 astronomia
850 917 997 996 propositi
1017 917 1064 978 ad
1098 919 1358 999 contemplandum
1393 827 1615 984 ooelorumri

187 1012 296 1078 motus,
320 1004 421 1066 omnia
443 1022 526 1080 vero,
550 1023 626 1086 quae
646 1004 796 1079 discimus,
822 1005 905 1085 prins
931 1006 1055 1068 veniant
1077 1007 1107 1068 in
1137 1027 1255 1084 seusus,
1280 1027 1389 1088 operae
1413 1010 1541 1090 pretium

189 1101 239 1160 eat
266 1093 467 1173 perpendere,
500 1113 538 1156 an
563 1093 713 1158 coelorum
735 1103 835 1156 motus
858 1093 1032 1158 immediate
1061 1095 1215 1158 incurrant
1237 1116 1358 1160 sensum
1382 1099 1542 1172 oculorum,

189 1191 222 1246 et
258 1200 406 1262 quasnam
441 1182 619 1262 confingant
657 1183 850 1262 deceptiones
886 1184 969 1249 visas
1006 1184 1037 1246 in
1076 1185 1209 1248 motibus
1246 1186 1436 1266 coelestibus.
1491 1186 1544 1250 Sin

189 1271 390 1336 exordiamur.

280 1357 377 1423 Omne
402 1359 481 1441 quod
503 1365 654 1436 movetur,
685 1361 715 1423 in
743 1361 809 1424 looo
841 1367 995 1434 moretur,
1029 1369 1128 1425 motus
1150 1361 1229 1424 enim
1253 1372 1302 1426 est
1324 1363 1383 1426 loni
1405 1365 1543 1427 mutatio.

190 1451 238 1518 Aa
259 1449 343 1512 loous
367 1447 507 1514 tribuitur
540 1449 720 1528 superficiei,
755 1469 831 1529 qnae
856 1449 989 1513 conones
1012 1449 1133 1513 mobile.
1180 1449 1445 1532 comprehendens
1473 1469 1545 1516 vero
1627 1520 1630 1529 .

190 1537 289 1617 majos
312 1545 361 1599 est
383 1537 609 1618 comprehenso,
633 1539 756 1601 etiosa
778 1538 888 1600 radens
912 1556 947 1600 eo
972 1539 1050 1618 quod
1073 1539 1141 1602 lena
1163 1552 1301 1620 oooupat.
1333 1543 1442 1604 Totam
1465 1543 1543 1604 enim

190 1635 277 1708 parte
300 1626 397 1707 maJus
421 1634 485 1700 est,
514 1626 545 1688 id
574 1644 656 1704 vero,
679 1628 757 1708 quod
790 1626 1017 1715 comprehendit
1040 1635 1072 1690 et
1094 1629 1185 1710 oapit,
1210 1649 1277 1694 oum
1301 1650 1335 1693 on
1360 1631 1438 1712 quad
1462 1631 1545 1711 capit
1630 1643 1633 1655 ¹

190 1725 288 1780 totum
311 1715 465 1796 quippiam
488 1725 545 1778 est.

280 1803 423 1885 Sequitur
446 1824 517 1885 ergo
542 1825 557 1866 e
581 1823 736 1878 converso,
760 1812 794 1866 nt
815 1805 894 1868 inter
918 1805 993 1868 does
1016 1823 1076 1880 res,
1101 1824 1177 1887 qnae
1201 1816 1283 1869 motu
1302 1813 1483 1889 separantur
1504 1806 1544 1869 ab

189 1892 409 1970 uninomia,
435 1896 512 1976 quod
541 1895 640 1974 majas
668 1913 735 1958 esee
763 1894 897 1969 videtur,
926 1894 985 1958 looi
1011 1894 1160 1959 rationem
1192 1896 1329 1960 obtineat
1356 1897 1387 1960 in
1418 1897 1542 1972 rhime,

190 1982 337 2063 reliquum
370 1983 471 2046 looati.
518 1984 598 2046 Nam
625 1990 660 2044 ut
691 1990 791 2048 motos
822 1984 853 2046 iu
885 1984 969 2057 leno,
1002 1983 1046 2048 sie
1069 1984 1198 2048 visibilis
1229 1994 1329 2050 motus
1353 1993 1402 2048 est
1424 1987 1454 2049 in
1477 1986 1544 2048 loeo

192 2071 313 2137 risibili.
348 2069 449 2142 Quare
474 2091 540 2136 num
564 2072 649 2152 quise
673 2071 740 2136 loeo
762 2079 928 2151 oompetat,
949 2091 1021 2153 ergo
1036 2074 1115 2153 quod
1129 2074 1228 2154 majus
1246 2074 1362 2151 visitur,
1386 2074 1418 2138 id
1440 2074 1543 2156 quies-

190 2161 371 2241 oers‚.qnod
394 2172 466 2224 vern
488 2161 597 2236 miuus,
620 2161 733 2224 moveri
756 2162 921 2241 putabitur.
944 2162 1065 2226 etiamsi
1087 2164 1272 2226 eontrarium
1293 2165 1324 2227 iu
1347 2164 1391 2226 rei
1414 2163 1544 2226 veritate

190 2249 318 2312 assidat.
364 2249 457 2314 Nulla
479 2251 627 2331 siquidem
650 2249 756 2314 existit
777 2250 1006 2332 comprehensio
1028 2259 1128 2316 motus
1156 2271 1210 2332 per
1236 2253 1349 2329 visum,
1377 2252 1436 2316 nisi
1459 2270 1544 2314 eom·
1592 2295 1600 2316 .

191 2339 350 2418 paratibus
375 2341 458 2404 faeta
481 2341 519 2402 ml
543 2341 644 2423 aliqua
667 2339 860 2419 quiescentia

281 2427 343 2492 Sed
367 2428 534 2492 evidentius
557 2430 644 2510 hujus
667 2428 712 2492 rei
734 2447 828 2492 eausa
849 2429 963 2508 petitur
994 2449 1032 2494 ex
1058 2429 1182 2494 visionis
1211 2432 1317 2495 lomna
1364 2430 1443 2494 Nam
1474 2447 1541 2492 num

191 2518 294 2582 oeulos
318 2517 492 2598 sphaericus
516 2518 557 2582 sit
579 2527 612 2582 et
634 2519 753 2598 insuper
777 2519 880 2582 multis
908 2519 1138 2582 refraotionibua
1164 2527 1284 2589 utatur,
1315 2522 1351 2583 lit
1373 2527 1407 2581 ut
1429 2538 1486 2580 nuo
1511 2527 1544 2580 et

192 2607 298 2672 eodem
320 2607 427 2670 obtutu
449 2609 517 2688 plns
542 2623 630 2688 quam
653 2607 864 2690 hemisphaerii
888 2607 1005 2688 spsoiee
1029 2607 1117 2670 simul
1144 2607 1175 2670 in
1207 2611 1325 2672 ooulnm
1356 2609 1480 2670 influat:
1509 2615 1542 2669 at

191 2703 293 2761 mmor
317 2715 355 2760 ex
378 2703 443 2760 toto
472 2697 527 2760 bon
561 2697 783 2778 hemisphaerio
816 2697 868 2758 vix
899 2697 1008 2775 exigua
1036 2697 1185 2776 particula
1214 2698 1328 2766 directe
1359 2696 1493 2760 comitur
1515 2703 1548 2757 et

186 2785 350 2860 distinete,
380 2805 417 2848 ea
440 2785 571 2858 scilieet,
604 2805 679 2866 quae
704 2786 735 2848 in
758 2785 857 2850 medio
879 2785 1090 2865 hemisphaerii
1115 2794 1176 2861 est,
1210 2787 1418 2868 circumjectae
1441 2791 1546 2864 partes

193 2893 297 2936 omnes
321 2875 418 2954 magis
443 2875 598 2955 magisque
622 2875 741 2956 oblique
764 2884 796 2938 et
818 2875 952 2938 noniuse.
985 2874 1066 2937 Vide
1091 2876 1128 2936 rle
1150 2875 1198 2937 his
1221 2884 1313 2956 eaput
1336 2876 1376 2938 V.
1410 2875 1490 2937 Hine
1512 2873 1548 2934 nt

191 2969 226 3026 ut
248 2961 289 3039 id,
315 2963 394 3044 qoorl
416 2964 515 3043 majus
538 2964 678 3040 tremitur,
703 2966 820 3028 oculum
842 2962 940 3044 magis
963 2970 1098 3041 oooupet‚
1123 2965 1202 3043 quod
1224 2983 1296 3027 vern
1315 2963 1422 3038 minus,
1445 2963 1544 3024 mino-

190 3070 254 3114 rem
277 3052 407 3118 ocularis
430 3053 598 3133 superliniei
616 3041 745 3135 partem.
784 3051 860 3118 Cum
883 3071 955 3133 ergo
978 3051 1132 3133 separatio
1155 3054 1198 3128 fit,
1222 3061 1265 3129 ut,
1290 3053 1420 3132 exempli
1442 3071 1545 3123 eausa,

191 3140 280 3204 nobis
303 3140 430 3220 alinqjus
454 3142 586 3206 astella
609 3143 826 3206 interlucente:
851 3151 922 3206 tuno
946 3160 994 3204 ros
1017 3141 1171 3204 minorari
1191 3141 1297 3217 risum,
1321 3160 1428 3222 nempe
1444 3141 1547 3210 stella,

190 3229 258 3309 ipso
290 3230 490 3310 separationis
523 3231 634 3294 ensem
669 3232 767 3312 magis
797 3231 974 3311 oonspiona,
1007 3230 1085 3294 oculi
1124 3232 1219 3294 aniam
1250 3231 1289 3294 ad
1321 3250 1355 3292 se
1387 3229 1545 3293 mnvertit.

191 3315 322 3384 Stellam
351 3317 458 3398 igitur,
492 3327 527 3382 ut
559 3339 636 3400 quae
665 3340 760 3400 parvo
791 3320 922 3384 oernitur
955 3320 1080 3398 angulo,
1115 3320 1229 3383 directe
1262 3321 1366 3382 oonlus
1397 3319 1546 3391 intantum

191 3407 309 3483 nubem,
333 3427 408 3488 qaae
431 3408 539 3488 majori
562 3409 682 3472 videtur
704 3411 815 3489 augule
839 3419 874 3472 et
896 3408 946 3488 qui
969 3415 1066 3470 totum
1084 3409 1147 3472 iere
1169 3417 1297 3488 oeonpat
1316 3409 1442 3480 oealum,
1468 3407 1546 3470 idern

191 3495 295 3560 oeulos
318 3498 450 3560 intuetur
472 3497 603 3578 oblique.
651 3497 861 3578 separationis
891 3498 982 3577 igitur
1010 3505 1111 3562 aetum
1140 3498 1266 3561 ascribit
1296 3497 1340 3559 illi
1370 3497 1428 3570 rei,
1458 3514 1546 3576 quam

191 3584 305 3650 dirsote
334 3584 480 3660 intuetur,
510 3603 615 3666 nempe
648 3587 767 3652 stellae.
814 3587 880 3650 Hoo
913 3597 1004 3665 paeto
1036 3586 1119 3650 visus
1154 3587 1235 3650 eirea
1266 3585 1374 3650 mobile
1413 3584 1545 3647 aberrat.
1574 3615 1577 3634 ι

190 3673 271 3738 Nam
294 3673 321 3736 si
343 3673 438 3738 nubes
460 3675 501 3736 ab
523 3683 591 3738 ortu
613 3677 721 3738 tandm
747 3676 778 3739 in
800 3694 940 3740 oceasum
964 3675 1054 3738 celeri
1087 3682 1185 3750 motu,
1215 3676 1322 3749 stella,
1356 3672 1492 3754 quamvis
1515 3679 1547 3732 et
1574 3671 1576 3709 ³

190 3763 268 3843 ipsa,
284 3763 400 3826 tardius
420 3771 531 3840 tamen,
551 3765 591 3826 ad
610 3783 749 3830 oceasum
767 3767 883 3839 tendat,
907 3763 937 3826 ia
952 3773 1049 3826 ortum
1064 3764 1136 3828 ferri
1152 3763 1301 3826 ridebitur
1324 3762 1394 3824 nubi
1417 3761 1545 3824 obviam.
1573 3786 1577 3826 r

281 3849 423 3918 Omnium
445 3870 517 3916 vere
540 3853 767 3918 evidentissima
789 3855 879 3934 hujus
902 3853 1103 3916 aberrationis
1126 3859 1298 3923 causaest
1320 3852 1350 3912 in
1379 3869 1433 3925 ee,
1467 3848 1546 3931 quod

190 3939 294 4004 oeulos
316 3939 478 4020 posteriori
500 3949 587 4020 parte
610 3942 704 4023 capiti
726 3943 834 4008 allisus
857 3941 930 4007 nibil
956 3941 1054 4006 oeruit
1076 3939 1182 4021 mqiori
1196 3941 1316 4020 angulo,
1341 3958 1429 4021 quam
1443 3945 1546 4018 partes

192 4028 279 4092 sarlei
303 4037 461 4096 extantes:
495 4030 565 4094 illae
590 4049 659 4096 vero
683 4033 774 4096 situm
797 4032 837 4096 ad
859 4030 977 4096 oculum
1001 4030 1139 4096 obtinent
1161 4030 1302 4103 eundem3
1330 4047 1423 4108 qnare
1446 4034 1548 4089 astera

191 4117 292 4182 omnia
314 4117 494 4182 videbuntur
516 4119 641 4198 moveri,
665 4119 691 4184 si
715 4121 781 4202 quis
805 4121 907 4202 aliqua
929 4120 1069 4184 maehina
1091 4119 1228 4201 ignaram
1250 4124 1423 4191 ooarertat,
1446 4115 1549 4178 ita-ut

191 4215 301 4282 motus,
328 4225 414 4288 quem
438 4207 504 4288 ipse
528 4209 613 4280 iacit,
636 4211 815 4274 aestimator
835 4228 895 4272 nou
919 4208 970 4272 ait
1008 4208 1051 4271 Et
1073 4207 1322 4288 quemammodum
1344 4204 1422 4269 nonii
1444 4201 1546 4284 capiti,
1602 4197 1605 4271 ἶ

195 4294 240 4358 sio
262 4312 317 4374 per
340 4303 432 4375 eaput
460 4298 594 4376 corpori,
628 4317 682 4379 per
704 4318 813 4379 corpus
835 4297 906 4366 nari
930 4305 983 4360 aut
1006 4297 1105 4360 domui
1127 4305 1181 4360 aut
1203 4296 1262 4359 toti
1285 4295 1401 4375 regioni
1423 4294 1547 4375 eJasque
1603 4290 1606 4317 ¹
1641 4331 1645 4336 -

191 4383 341 4447 horizonti
365 4384 547 4464 aspectabili
570 4396 641 4449 sunt
663 4388 765 4452 allisi:
799 4405 875 4468 quae
898 4403 964 4450 num
987 4386 1049 4448 sint
1071 4386 1238 4466 propinqua
1261 4392 1293 4447 et
1315 4401 1427 4462 magna
1449 4399 1547 4461 appa·
1600 4392 1606 4475 p

191 4479 281 4538 reaat
309 4491 477 4554 magnoque
505 4475 617 4554 angulo
645 4474 819 4549 rideantur,
851 4482 1033 4556 teneantque
1064 4475 1155 4538 sitnm
1187 4493 1253 4538 oum
1286 4472 1373 4536 onulo
1409 4471 1546 4543 eandem,
1600 4486 1604 4495 ’
1632 4493 1634 4500 ’
1667 4510 1676 4518 -

193 4579 317 4626 neeesse
339 4569 389 4624 est
412 4570 516 4628 uetera
534 4562 644 4638 omnia,
669 4582 792 4644 quornm
814 4563 891 4628 situs
914 4564 953 4626 ad
976 4565 1016 4635 id,
1041 4563 1121 4644 quod
1143 4562 1278 4626 eontinet
1300 4560 1453 4624 videntem
1478 4560 1547 4633 (seu
1599 4534 1603 4637 i

192 4647 279 4714 navia
302 4649 344 4718 sit
366 4651 545 4718 septenae
563 4651 733 4732 planities),
752 4660 894 4727 mutatur,
918 4653 1012 4718 uideri
1029 4652 1099 4732 ipsa
1116 4670 1170 4730 per
1188 4669 1256 4714 sese
1277 4647 1400 4714 moveri.
1424 4648 1549 4710 Habent
1595 4644 1601 4766 ξ

192 4737 272 4803 euim
293 4737 385 4802 looati
408 4738 572 4814 rationem,
604 4761 642 4805 ea
663 4759 750 4818 vero.
776 4761 852 4824 qaae
875 4741 1009 4821 proxime
1033 4741 1120 4804 ooulo
1143 4739 1339 4820 o‘uoumjesta
1362 4745 1447 4814 suut,
1480 4734 1547 4799 loon

194 4835 227 4888 st
247 4827 413 4894 oestineuti
434 4827 651 4894 assimilantur.
1561 4835 1594 4884 o
