3694 5528
337 265 412 333 544,
949 269 1077 335 DioptrIcs

336 417 462 525 partem
485 443 603 521 videat,
635 464 709 525 opus
733 451 781 508 est
808 447 999 526 elongatione
1022 464 1143 525 magna.
1190 443 1253 508 Sed
1276 445 1307 506 iu
1339 463 1448 525 genere
1480 431 1695 507 transitionem

337 552 498 597 concursus
521 532 671 595 radiorum
694 533 822 597 visibilis
845 535 921 597 certi
945 534 1031 615 sequi
1054 535 1121 597 dico
1145 533 1333 596 eversionem
1354 533 1435 596 illius
1458 531 1598 594 visibilis.

425 621 502 686 Esto
532 621 611 683 enirn
638 623 668 684 in
697 624 850 685 schemate
878 622 928 686 12.
957 623 1060 686 oculus
1083 643 1142 685 non
1171 624 1201 685 in
1225 621 1273 684 IG
1304 622 1386 685 intra
1407 621 1437 684 D
1459 623 1509 684 vel
1531 622 1558 683 F
1579 627 1697 700 puncta

324 707 509 786 concursus,
532 711 588 772 sed
610 710 640 772 in
655 709 719 787 ΟΡ,
745 719 831 774 extra
849 712 925 774 haec
947 719 1061 793 puncta
1083 719 1169 773 tanto
1193 711 1354 773 intervallo
1379 717 1522 786 remotus,
1547 717 1582 770 ut
1596 715 1696 771 totum
1814 785 1815 804 Χ

339 798 393 864 ΟΕ
417 799 535 864 visibile
559 798 653 861 videri
676 802 792 879 possit:
816 800 933 864 scilicet
955 793 1110 880 productis
1133 800 1207 875 AD,
1232 799 1331 861 dextri
1353 799 1457 879 puncti
1478 797 1506 860 Ε
1530 796 1693 872 sinistimo,

339 895 371 951 et
393 889 455 962 BF,
480 887 597 950 sinistri
620 888 723 966 puncti
747 886 772 952 Ο
797 889 930 952 dextimo
953 890 992 951 ad
1012 907 1187 951 concursum
1211 889 1276 968 (qni
1300 889 1342 949 sit
1364 889 1407 962 L)
1431 893 1463 950 et
1484 886 1612 950 ulterius
1619 905 1631 962 ;
1654 887 1697 948 sit

338 976 416 1040 oculi
439 976 555 1056 pupilla
578 973 633 1038 ΟΡ
655 977 737 1039 ultra
760 978 836 1039 hunc
860 997 1046 1040 concursum.

425 1063 508 1144 Ergo
539 1064 677 1127 dextrum
709 1074 852 1146 punctum
875 1067 912 1142 Ε,
943 1066 1028 1127 radio
1060 1064 1203 1127 EADLP
1230 1070 1263 1125 et
1290 1062 1399 1126 vicinis
1433 1061 1553 1144 (quiin
1582 1069 1697 1142 puncta

338 1154 396 1234 ipsi
418 1153 449 1215 A
472 1153 613 1216 sinistrae
637 1155 718 1233 parti
741 1154 832 1216 lentis
854 1155 954 1216 vicina
976 1173 1081 1216 versus
1104 1153 1134 1214 H
1156 1149 1325 1215 incidentes
1349 1159 1381 1214 et
1402 1151 1587 1214 refractione
1611 1151 1697 1212 facta

338 1243 368 1304 in
387 1243 417 1303 D
440 1248 662 1318 concurrentes,
686 1241 813 1322 indeque
833 1262 935 1306 rursus
959 1243 1151 1322 divergeutes
1174 1258 1278 1304 versus
1295 1239 1350 1303 ΡΟ
1374 1239 1568 1302 latitudinem
1589 1239 1694 1314 oculi),

340 1330 387 1392 his
410 1330 531 1410 inquam
554 1329 647 1392 radiis
671 1351 690 1392 a
713 1331 837 1393 sinistra
860 1331 950 1393 lentis
972 1331 1104 1412 parteA
1128 1329 1327 1403 venientibus,
1352 1329 1531 1391 Edextrum
1550 1335 1694 1408 punctum

331 1418 482 1481 drradiat·
499 1418 616 1480 oculum
641 1417 704 1482 ΟΡ.
752 1417 868 1483 Contra
900 1420 1054 1482 sinistrum
1083 1425 1225 1499 punctum
1256 1417 1282 1480 Ο
1311 1417 1413 1480 radiat
1438 1417 1469 1480 iu
1494 1415 1550 1480 ΟΡ
1577 1417 1696 1479 oculum

339 1505 424 1571 radio
449 1505 557 1568 CBFO
581 1516 613 1568 et
635 1507 741 1570 vicinis
764 1527 870 1570 versus
888 1509 928 1584 Κ,
953 1508 1002 1588 qui
1025 1515 1243 1587 convergentes
1266 1506 1296 1568 in
1318 1507 1345 1568 F
1366 1513 1438 1585 post
1459 1504 1568 1568 iterum
1592 1505 1695 1567 diver-

222 1595 226 1599 ’
338 1603 413 1675 gunt
442 1613 495 1674 per
518 1595 606 1658 XXI.
635 1613 741 1657 versus
771 1594 826 1658 ΟΡ
854 1598 988 1670 oculnm;
1021 1603 1053 1658 et
1079 1594 1173 1658 iteO
1202 1593 1358 1656 sinistrum
1389 1602 1532 1675 punctum
1563 1593 1694 1657 visibilis

338 1681 443 1747 radiat
472 1703 492 1744 a
517 1683 576 1745 ΒΚ
607 1684 715 1746 dextre
744 1692 830 1768 parte
862 1685 962 1760 lentis.
1009 1684 1084 1747 Gom
1115 1691 1215 1746 eutem
1248 1683 1351 1745 oculus
1380 1701 1437 1744 non
1469 1683 1592 1764 capiat,
1625 1681 1695 1762 quid

338 1771 433 1834 radiis
456 1771 485 1831 in
511 1771 591 1832 lente
615 1772 684 1852 ipsa
706 1773 834 1848 accidat,
859 1774 913 1836 sed
937 1773 1092 1850 aestimet,
1116 1772 1158 1834 ibi
1181 1772 1364 1840 sitamesse
1388 1771 1556 1852 quemlibet
1577 1779 1695 1850 partem
1816 1762 1817 1810 ³

338 1860 383 1922 rei
415 1858 559 1928 visibilis.
595 1861 673 1922 unde
706 1862 770 1941 ejus
799 1861 876 1924 redii
909 1863 1027 1925 oculum
1056 1861 1262 1942 ingrediuntur
1291 1879 1345 1941 per
1367 1859 1455 1933 XIX,
1488 1860 1616 1941 ideoque
1646 1879 1694 1922 res

338 1947 467 2010 visibilis
492 1946 545 2010 ΟΕ
568 1956 814 2028 repraesentatur
837 1969 944 2014 eversa
966 1951 1052 2014 oculo
1075 1950 1104 2012 in
1129 1947 1193 2012 ΟΡ.

431 2035 579 2098 LXXVI.
625 2037 857 2118 Propositio.
902 2041 1050 2102 Punctum
1074 2037 1258 2110 eversionis,
1291 2056 1345 2100 seu
1375 2037 1405 2112 in
1436 2054 1494 2118 quo
1528 2054 1562 2096 se
1587 2042 1694 2097 secant

338 2122 428 2184 binae
452 2125 549 2184 lineae
576 2146 595 2186 a
618 2125 696 2188 binis
719 2127 839 2206 punctis
862 2128 906 2190 rei
928 2128 1057 2191 visibilis
1080 2126 1110 2189 in
1143 2132 1277 2188 centrum
1310 2126 1387 2188 oculi
1418 2126 1625 2200 confluentes,
1662 2123 1693 2185 id

340 2211 460 2291 iuquam
485 2219 626 2290 punctum
652 2221 700 2276 est
722 2216 802 2278 inter
824 2216 945 2280 visibile
969 2224 1001 2279 et
1023 2216 1145 2279 lentem.

429 2299 611 2364 Probebitur
644 2301 722 2364 euim
752 2311 787 2366 ut
822 2305 903 2384 prius
927 2305 1130 2385 propositione
1154 2301 1287 2365 LXXV.
1320 2299 1411 2363 lentis
1440 2307 1546 2381 partes
1570 2299 1693 2362 dextras

339 2388 523 2467 respondero
546 2388 677 2452 sinistris
700 2391 744 2453 rei
768 2391 896 2455 visibilis
920 2402 953 2456 et
974 2393 1117 2456 vicissim.
1163 2391 1257 2455 Nulla
1280 2407 1352 2469 ergo
1375 2390 1409 2451 lit
1433 2389 1530 2451 sectio
1551 2406 1693 2450 cononum

339 2475 500 2539 vieivorum
523 2477 601 2540 inter
624 2478 740 2542 oculum
763 2487 795 2542 et
818 2483 939 2558 lentem,
963 2483 1018 2545 sed
1041 2482 1121 2544 inter
1143 2481 1256 2543 lentem
1279 2484 1311 2540 et
1332 2477 1463 2540 visibile.
1511 2476 1601 2547 Quod
1619 2495 1690 2537 vero

341 2565 378 2626 de
402 2565 485 2628 conis
510 2567 583 2628 totis
607 2587 710 2630 verum
734 2577 799 2644 est,
833 2570 913 2633 idem
945 2578 977 2633 et
1006 2571 1042 2632 de
1065 2569 1154 2632 lineis
1176 2568 1283 2631 mediis
1316 2585 1456 2630 cenorum
1487 2583 1593 2628 verum
1622 2583 1691 2626 esse

340 2672 464 2716 necesse
488 2662 545 2730 est,
570 2673 646 2736 quae
670 2657 699 2718 in
733 2665 867 2721 centrum
890 2659 1020 2740 pupillae
1044 2659 1195 2732 incidunt;
1228 2663 1319 2736 atque
1353 2656 1444 2718 etiam
1469 2654 1506 2716 de
1529 2653 1586 2746 iis,
1616 2671 1691 2734 qnae

231 2781 236 2791 ·
338 2743 369 2804 in
407 2743 616 2806 extremitates
646 2745 787 2824 pupillae.
836 2747 879 2810 Ut
910 2748 939 2810 in
977 2747 1131 2810 schemate
1158 2743 1207 2808 12.
1246 2746 1276 2806 iu
1313 2752 1423 2825 puncto
1463 2742 1487 2805 S
1524 2749 1631 2804 secent
1661 2761 1693 2804 se

338 2830 481 2894 EADLP
513 2839 545 2894 et
578 2829 731 2910 OBFLO,
765 2834 794 2897 in
827 2836 872 2910 P,
906 2834 933 2898 Ο
962 2843 1100 2898 extrema
1130 2834 1263 2915 pupillae
1295 2832 1385 2913 lapsi.
1439 2833 1467 2894 L
1493 2849 1565 2894 vero
1598 2830 1693 2892 sectio

341 2926 483 3001 estpars
506 2939 669 2985 concursus
692 2941 834 2987 concrum
858 2923 957 2998 ODP,
981 2922 1063 2987 OFP
1085 2923 1115 2984 in
1139 2921 1208 2998 ΟΡ,
1240 2921 1289 3003 qui
1312 2922 1361 2983 bio
1379 2922 1527 3002 jamnon
1550 2919 1691 2980 conside-

341 3015 444 3083 ratur,
469 3009 539 3090 quie
560 3010 609 3072 hic
632 3029 724 3090 supra
747 3013 845 3093 (prop.
869 3003 986 3088 LXX.)
1010 3011 1101 3075 situm
1124 3011 1168 3073 rei
1192 3029 1250 3073 non
1278 3010 1446 3073 evertebat.
1492 3007 1592 3070 Erant
1623 3015 1693 3070 tunc

340 3095 409 3157 coni
432 3094 569 3160 IAOHG
592 3105 624 3160 et
646 3099 789 3163 IKEBG.

428 3185 593 3248 LXXVII.
632 3188 858 3268 Propositio.
897 3187 1011 3252 Oculus
1035 3189 1204 3271 apertiores
1227 3186 1301 3250 nihil
1318 3204 1395 3267 pene
1411 3203 1583 3248 eversarum
1597 3203 1694 3247 rerum

341 3289 396 3353 per
418 3271 529 3334 lentem
553 3293 718 3338 convexam
742 3277 884 3341 distincte
907 3278 1002 3340 videt.

432 3357 507 3423 Cum
531 3362 609 3424 enirn
631 3367 798 3445 npeodosqc
821 3369 890 3447 (per
903 3365 1037 3441 LXIV.)
1062 3365 1179 3428 oculum
1202 3363 1401 3427 assuefecerit
1423 3362 1463 3424 ad
1493 3360 1695 3436 sedictionem

342 3449 537 3529 parallelam,
572 3451 676 3529 puncti
706 3453 824 3517 scilicet
854 3457 975 3518 remoti:
1014 3473 1106 3535 eoque
1129 3473 1188 3515 uon
1212 3455 1254 3516 sit
1283 3462 1392 3532 aptus,
1426 3457 1460 3513 ut
1487 3449 1582 3513 radiis
1606 3451 1695 3513 unius

340 3537 444 3618 puncti
477 3537 662 3601 sensibiliter
700 3541 925 3623 divergentibus
967 3544 1071 3607 videat
1112 3541 1269 3604 distincte:
1307 3541 1336 3602 in
1377 3538 1532 3601 eversione
1566 3537 1695 3601 visibilis

341 3626 442 3690 omnia
463 3625 592 3689 visibilis
616 3637 728 3705 puncta
750 3641 821 3710 post
842 3632 881 3706 D,
901 3634 928 3694 Ρ
950 3651 1124 3695 concursum
1148 3631 1249 3694 radios
1272 3630 1366 3692 hebet
1379 3630 1487 3692 iterum
1502 3627 1693 3707 divergentes

342 3735 446 3777 versus
469 3716 587 3778 oculum
611 3714 666 3778 ΟΡ
690 3719 758 3797 (per
776 3721 879 3795 XXI.)
903 3727 937 3784 ut
959 3720 1027 3796 DO,
1052 3721 1116 3794 DP,
1141 3721 1185 3780 sic
1208 3717 1273 3793 FO,
1296 3719 1358 3781 FP.
1403 3717 1472 3779 Non
1495 3716 1582 3777 videt
1603 3715 1696 3796 igitur

342 3804 446 3867 oculus
468 3804 631 3887 presbytes
655 3805 685 3868 in
710 3805 764 3869 ΟΡ
787 3809 941 3884 distincte,
966 3810 1024 3872 nisi
1047 3809 1074 3870 si
1089 3808 1143 3871 ΟΡ
1158 3807 1287 3870 latitudo
1311 3806 1443 3886 pupillae
1466 3805 1505 3866 ad
1519 3802 1579 3866 ΒΟ
1595 3803 1695 3883 longi-

342 3891 476 3954 tudinem
499 3911 558 3956 non
582 3893 694 3956 babeat
728 3897 855 3976 amplius
888 3899 1062 3962 sensibilem
1092 3904 1124 3960 et
1145 3895 1405 3978 proportionatam
1429 3893 1628 3966 distantiam,
1660 3898 1696 3953 ut

341 3981 387 4042 sic
412 3979 481 4056 ΒΟ,
505 3980 561 4042 DP
584 3983 647 4044 sint
670 3987 756 4064 qnasi
778 3986 927 4066 parelleli.

429 4069 610 4133 LXXVIII.
657 4072 884 4154 Propositio.
931 4073 1044 4138 Oculus
1068 4095 1190 4149 μυωπος
1219 4071 1384 4152 quamlibet
1406 4089 1468 4132 rem
1493 4087 1546 4130 sen
1569 4067 1694 4150 propin-

341 4177 430 4239 quam
453 4177 507 4219 seu
530 4167 686 4232 remotam,
710 4163 760 4224 ubi
783 4162 863 4225 lente
887 4183 1023 4226 convexa
1046 4163 1136 4224 fuerit
1159 4180 1275 4235 eversa,
1300 4161 1383 4220 videt
1402 4157 1546 4220 distincte
1568 4157 1696 4219 incerte

340 4245 505 4309 remotione
528 4247 605 4308 oculi
629 4269 648 4310 a
671 4269 815 4312 concursu
829 4251 978 4313 radiorum
1002 4252 1088 4313 unius
1111 4251 1214 4330 puncti
1238 4250 1273 4310 de
1294 4267 1325 4309 re
1344 4249 1397 4309 ille
1415 4245 1535 4308 visibili.

430 4335 564 4405 Mesenae
595 4346 666 4398 sunt
687 4339 866 4415 Aristoteli,
901 4341 951 4420 qui
983 4340 1151 4420 propinqua
1183 4337 1326 4401 distincte
1350 4336 1472 4408 vident,
1507 4334 1546 4396 ad
1580 4339 1696 4396 remota

340 4423 472 4486 lusciosi.
519 4423 562 4486 Ut
583 4442 668 4505 prop.
693 4427 809 4490 LXIV.

428 4512 540 4575 Eorum
562 4512 654 4591 igitur
677 4515 754 4576 oculi
779 4524 848 4578 suut
871 4514 1035 4577 assuefacti
1059 4515 1098 4576 ad
1122 4513 1224 4575 radios
1248 4511 1433 4576 sensibiliter
1456 4511 1494 4572 ab
1510 4528 1569 4571 uno
1583 4515 1694 4590 puncto

341 4600 543 4682 divergentes.
590 4603 636 4665 nt
659 4605 728 4682 (per
750 4605 900 4678 LXXV.)
924 4603 1040 4664 eversio
1064 4601 1211 4681 contingit
1235 4610 1322 4664 extra
1352 4607 1492 4682 punctum
1521 4617 1692 4661 concursus.

342 4689 400 4750 Per
413 4689 502 4753 XXI.
523 4707 594 4753 vero
620 4692 706 4754 unius
731 4693 857 4755 lucentis
871 4691 1016 4773 punctiO
1040 4692 1130 4765 redii,
1161 4690 1209 4772 qui
1234 4691 1432 4770 divergebant
1454 4706 1561 4750 versus
1585 4689 1694 4751 lentem

341 4775 397 4838 KB
418 4785 454 4840 'et
475 4777 608 4840 densita
637 4780 717 4842 lente
749 4781 972 4862 convergebant
1005 4798 1110 4843 versus
1138 4789 1281 4861 punctum
1310 4781 1540 4845 Fcoucursus,
1575 4795 1610 4840 eo
1629 4775 1692 4856 jem
