3566 5536
656 325 657 328 ¹
721 303 802 369 capae
821 301 885 354 XXI·
1413 301 1478 374 689

132 489 211 552 hanc
241 481 475 548 immensitatem
503 480 626 545 extulit:
660 481 794 562 ejusdem
815 481 921 545 etiam
954 482 1068 544 artibus
1098 488 1130 544 et
1156 482 1378 548 blandientibus
1400 501 1480 565 pop-

131 575 246 660 pysmis
268 579 436 637 revertatur
458 571 538 634 iutra
559 571 661 634 mundi
683 578 781 634 metas
805 579 895 654 atque
926 589 1063 634 carceres
1095 591 1175 634 suos.
1222 571 1313 636 Oerte
1342 574 1480 654 equidem
1579 594 1583 612 ·

130 663 254 747 vaganti
277 681 331 744 per
353 661 426 725 illud
448 660 593 723 infinitum
617 661 690 723 benc
714 679 771 722 non
795 669 853 724 ast.

218 753 278 834 Ajc
301 751 441 832 primum,
466 769 503 812 ex
526 750 709 813 astronomia
732 750 834 812 doceri
854 768 945 832 posse
969 748 1148 826 certissime,
1182 751 1306 814 lixarum
1328 751 1479 832 regionem

130 847 269 906 deorsum
293 839 424 904 evidenti
448 838 543 902 limite
566 839 772 902 terminatam:
805 859 899 921 neque
927 857 1030 900 verum
1053 857 1120 900 esse
1144 840 1222 922 quod
1246 850 1375 920 ponunt,
1408 841 1481 904 nihil

130 933 249 996 differre
273 937 397 1011 aspectu
420 929 560 992 mundum
583 929 660 991 hunc
683 929 854 991 inferiorem
877 947 931 990 suo
955 945 1021 990 cum
1036 926 1107 990 Sole
1131 949 1150 990 a
1173 929 1306 1010 qualibet
1325 931 1481 993 stellarum

129 1025 265 1090 lixarum,
289 1022 344 1082 hoc
368 1027 416 1082 est
437 1017 590 1098 regionem
612 1041 631 1081 a
652 1019 773 1098 regione
798 1018 861 1080 sive
885 1019 961 1080 loco.
1127 1009 1131 1020 '

218 1111 298 1174 Nam
325 1117 392 1172 esto
423 1107 501 1170 inter
523 1107 681 1188 principia,
714 1108 915 1170 extendantur
936 1107 1014 1168 fixae
1037 1104 1066 1168 in
1090 1107 1237 1170 infinitum
1260 1107 1356 1183 loras3
1379 1127 1481 1171 verunt

129 1211 231 1266 tamen
254 1207 317 1275 est,
349 1197 381 1260 iu
412 1199 468 1260 hoo
500 1196 604 1258 intimo
636 1197 702 1260 sinu
730 1196 895 1259 cavitatem
927 1215 994 1258 esse
1016 1197 1163 1277 insignem
1187 1197 1419 1278 distinctumque
1444 1199 1481 1259 ab

127 1289 310 1365 intervallis,
334 1305 410 1368 quae
432 1293 503 1348 sunt
525 1285 605 1348 inter
625 1285 702 1348 fixas
726 1286 831 1350 stellas
855 1285 974 1348 immani
997 1285 1198 1364 proportionis
1222 1286 1481 1350 dissimilitudine:

128 1381 175 1442 sic
198 1387 232 1442 at
255 1378 280 1440 si
304 1377 352 1440 oui
374 1376 451 1438 hanc
474 1375 571 1438 solam
599 1375 763 1438 cavitatem
793 1374 982 1455 contingeret
1012 1374 1173 1453 inspicere,
1206 1375 1357 1456 ignoranti
1390 1377 1482 1439 etiam

129 1471 168 1532 de
192 1475 261 1531 octo
284 1464 481 1546 corpusculis,
513 1465 594 1528 circa
621 1465 707 1546 hujus
731 1465 822 1545 spatii
852 1470 986 1526 centrum
1009 1463 1222 1544 angustissimo
1246 1466 1364 1548 quidem
1386 1466 1482 1528 inter-

129 1559 210 1622 vallu
243 1554 538 1627 circumvolantibus,
570 1573 661 1636 quse,
694 1554 795 1636 qualia
827 1560 937 1635 quotve
970 1552 1046 1615 siut:
1079 1560 1181 1616 tamen
1212 1555 1238 1616 is
1275 1575 1312 1616 ex
1335 1555 1402 1618 sola
1424 1556 1481 1618 hae

130 1647 284 1710 vacuitate
307 1651 482 1724 comparata
509 1663 574 1706 oum
606 1644 876 1707 circumambcunte
909 1641 1067 1722 sphaerica
1089 1643 1224 1722 regione,
1258 1644 1356 1706 stellis
1385 1647 1483 1710 reler-

130 1737 258 1812 tissima,
283 1734 401 1798 omniuo
424 1741 508 1796 essct
530 1733 731 1809 conclusurus,
755 1731 936 1814 peculiarem
959 1732 1087 1812 aliquem
1110 1733 1207 1796 locum
1231 1733 1279 1795 hic
1301 1753 1368 1796 esse
1388 1734 1483 1796 adeo-

132 1846 188 1908 que
211 1825 402 1907 praecipuum
425 1821 526 1884 muudi
549 1823 653 1885 sinum.
691 1823 812 1884 Etenim
827 1841 989 1894 sumamus,
1013 1821 1141 1902 exempli
1163 1841 1264 1898 carisa,
1289 1830 1352 1885 tres
1376 1825 1484 1886 stellas

132 1915 281 1979 secundae
305 1911 518 1993 magnitudinis
541 1911 571 1973 in
594 1912 712 1992 cingulo
736 1911 873 1986 Orionis,
905 1929 1028 1989 quarum
1052 1910 1203 1991 quaelibet
1226 1933 1245 1974 a
1267 1912 1366 1974 vicina
1389 1913 1485 1976 distat
1584 1927 1588 1932 ·

133 2025 187 2086 per
208 2003 273 2078 81¹,
307 2022 372 2066 eum
401 2001 469 2080 ipsa
496 2000 609 2064 habeat
642 2000 669 2062 in
703 2001 849 2064 diametro
881 2000 996 2064 minuta
1028 2001 1179 2063 minimum
1212 2001 1281 2063 duo.
1327 2002 1434 2084 Itaque
1458 2003 1484 2065 si

133 2101 281 2176 ponantur
303 2092 334 2154 in
357 2091 462 2154 cadem
485 2091 640 2170 superficie
664 2090 836 2170 sphaerica,
870 2089 953 2170 cujus
985 2109 1039 2151 nos
1069 2109 1171 2152 sumus
1195 2101 1346 2154 centrum:
1382 2092 1485 2154 oculus

133 2185 162 2246 in
188 2202 246 2244 una
269 2181 386 2243 illarum
410 2179 579 2264 collocatus¹
597 2180 713 2243 videbit
736 2181 863 2243 alteram
886 2179 942 2241 sub
969 2179 1138 2260 quantitate
1170 2180 1270 2256 anguli
1295 2173 1378 2265 2³(st
1409 2181 1485 2256 lere;

133 2279 275 2353 quantum
299 2270 385 2332 nobis
408 2269 437 2330 in
462 2269 556 2332 Terra
578 2283 634 2330 non
658 2269 871 2349 occupaverint
893 2267 1020 2349 quinque
1045 2266 1132 2330 Soles
1156 2269 1258 2331 ordine
1281 2269 1372 2349 positi
1395 2289 1486 2351 seque

132 2369 294 2443 tangentes
319 2359 455 2421 invicem.
501 2358 597 2439 Atqui
621 2360 753 2421 nondum
776 2367 847 2421 sunt
873 2357 931 2419 hae
964 2357 1093 2420 omnium
1124 2357 1327 2422 vicinissimae
1357 2359 1487 2422 invicem

130 2452 223 2527 fixae,
257 2448 488 2512 innumerabiles
516 2448 594 2510 enim
622 2447 825 2528 interspersae
854 2453 924 2508 suut
945 2446 1086 2509 minores.
1133 2449 1240 2528 Itaque
1264 2449 1291 2510 si
1315 2449 1380 2529 quis
1405 2456 1488 2512 esset

132 2540 162 2601 iu
186 2541 238 2602 illo
253 2538 375 2602 Orionis
399 2537 517 2616 cingulo
539 2537 732 2610 constitutus,
757 2536 871 2598 habens
891 2533 992 2597 Solem
1015 2543 1151 2597 nostrum
1175 2543 1206 2598 et
1229 2538 1329 2598 mundi
1353 2544 1487 2601 centrum

131 2647 224 2710 super
247 2646 331 2690 suum
356 2627 516 2688 verticem:
547 2625 665 2686 videret
693 2625 744 2688 ille
777 2623 873 2706 primo
905 2630 1081 2705 perpetuum
1113 2624 1262 2705 quoddam
1296 2626 1381 2707 quasi
1404 2645 1486 2688 mare

130 2717 298 2797 ingentium
323 2715 477 2776 stellarum
501 2731 569 2776 sese
593 2721 695 2776 mutuo
719 2711 954 2793 contingentium
977 2713 1015 2776 ad
1038 2714 1151 2776 visum:
1181 2711 1269 2791 inde,
1303 2735 1359 2796 quo
1390 2715 1488 2796 magis
1546 2745 1551 2760 ¹

128 2807 236 2868 oculos
260 2805 395 2866 elevaret
418 2821 549 2878 sursum,
573 2803 630 2864 hoo
653 2802 781 2864 rninorss
795 2803 913 2865 videret
936 2803 1042 2866 stellas
1065 2803 1180 2884 hocque
1202 2803 1300 2868 miuus
1322 2823 1391 2868 sese
1414 2824 1488 2868 con-

124 2895 302 2975 tingentes,
326 2893 380 2953 sed
399 2893 465 2972 jam
487 2891 632 2972 paulatim
656 2891 752 2972 magis
776 2899 866 2972 atque
888 2891 986 2971 magis
1009 2910 1149 2974 sparsam
1183 2892 1262 2956 circa
1291 2893 1388 2974 ipsum
1416 2913 1488 2956 vern

127 3003 218 3048 suum
240 2981 384 3046 uerticem
409 2981 531 3043 easdem
558 2980 711 3043 nobiseum
744 2980 873 3055 videret,
908 2981 961 3042 sed
992 2981 1082 3063 duplo
1114 2981 1245 3044 minores
1266 2988 1412 3064 tantoque
1430 2984 1488 3046 'iu-

130 3074 229 3136 vicem
253 3070 426 3153 propiores,
460 3089 550 3151 quam
572 3087 627 3132 nos
649 3070 720 3132 illas
743 3070 887 3132 videmus.
934 3069 1001 3133 Non
1026 3089 1063 3132 ea
1085 3089 1178 3150 penes
1205 3089 1260 3133 nos
1284 3073 1360 3135 coeli
1384 3073 1487 3150 facies,

133 3165 183 3244 qui
207 3163 313 3224 stellas
337 3161 466 3241 undique
490 3159 647 3234 cernimus,
671 3158 774 3222 variae
799 3160 915 3240 quidem
939 3159 1163 3239 magnitudinis,
1188 3169 1221 3222 at
1241 3169 1272 3224 et
1290 3162 1345 3224 hoc
1360 3163 1489 3244 undique

132 3251 303 3333 aequaliter
325 3248 554 3330 utplurimum:
579 3247 659 3311 circa
681 3247 825 3312 Orionem
848 3249 967 3330 quidem
990 3257 1022 3311 et
1045 3248 1190 3326 Geminos
1213 3251 1339 3326 multas,
1364 3271 1489 3332 magnas

132 3351 165 3402 et
188 3342 341 3405 confertas
364 3339 530 3403 intuemur:
565 3339 681 3401 oculum
704 3337 808 3414 Tauri,
834 3336 1001 3417 Capellam,
1025 3338 1127 3420 capita
1150 3337 1353 3411 Geminorum,
1378 3339 1488 3417 Oaues,

131 3431 283 3504 humeros,
308 3429 457 3510 cingulum
476 3436 508 3491 et
530 3427 638 3508 pedem
653 3425 785 3490 Orionis.
831 3430 877 3490 At
898 3428 928 3490 in
953 3429 1093 3508 opposita
1108 3429 1183 3490 coeli
1197 3435 1284 3510 parte
1303 3437 1374 3493 suut
1394 3449 1488 3512 aeque

132 3539 276 3600 maguae:
305 3519 400 3602 Lyra,
423 3518 550 3598 Aquila,
575 3535 626 3579 cor
649 3524 681 3579 et
703 3517 785 3580 heus
809 3515 939 3599 Scorpii,
964 3516 1154 3598 Ophiuchus,
1178 3518 1288 3581 Librae
1307 3519 1425 3594 lancem
1458 3525 1491 3580 et

134 3608 267 3670 anterius
285 3605 447 3683 Arcturus,
478 3607 562 3689 spica
585 3606 736 3686 Virginis;
760 3607 832 3670 item
856 3606 1006 3687 posterius
1029 3608 1136 3671 ultima
1159 3607 1284 3688 Aquarii
1308 3615 1341 3669 et
1363 3608 1487 3670 similes.

222 3699 288 3760 Hoc
312 3715 368 3776 ego
392 3697 494 3758 thema
516 3714 582 3759 cum
607 3697 677 3758 olim
701 3695 878 3777 quibusdam
900 3698 1138 3780 proposuissem,
1173 3697 1221 3778 qni
1253 3704 1288 3759 ut
1318 3715 1366 3760 me
1398 3715 1487 3759 exer-

103 3827 108 3842 ,
133 3795 246 3862 carent,
270 3785 427 3848 infinitatis
451 3803 581 3860 causam,
607 3804 645 3847 ex
665 3792 736 3848 aute
760 3785 850 3849 dictis
865 3786 1037 3850 auctoribus
1056 3794 1236 3866 susceptam,
1261 3787 1418 3848 adversum
1442 3804 1489 3847 me

132 3875 366 3958 propugnabant
387 3875 512 3938 acriter:
537 3873 557 3936 ii
580 3875 738 3955 putabant,
763 3875 820 3938 sihi
844 3877 933 3938 iacilc
956 3894 1040 3946 esse,
1072 3893 1218 3938 concessa
1249 3875 1396 3938 infinitate
1424 3883 1488 3938 tam

132 3968 222 4045 longe
246 3965 333 4028 binas
355 3965 431 4026 lixas
454 3964 492 4026 ab
516 3963 642 4025 invicem
667 3981 822 4044 separare,
861 3985 934 4045 quas
967 3984 1022 4027 nos
1045 3964 1074 4026 in
1098 3965 1194 4027 Terra
1215 3963 1368 4045 proximas
1392 3965 1487 4027 aesti-

130 4073 259 4130 mamus,
284 4073 373 4134 quam
396 4054 484 4134 longe
507 4071 561 4115 nos
585 4073 604 4114 a
632 4052 699 4114 lixis
731 4055 839 4116 abesse
871 4053 945 4115 certi
978 4073 1090 4116 sumus.
1138 4053 1184 4116 At
1213 4053 1271 4116 hoe
1303 4052 1488 4136 impossibile

128 4154 189 4208 est.
238 4143 316 4206 Esto
339 4143 418 4205 euim
441 4151 475 4204 ut
497 4142 585 4205 binas
608 4142 684 4203 lixas
707 4142 874 4222 aequaliter
897 4163 916 4204 a
938 4152 1042 4206 centro
1066 4141 1185 4206 mobilis
1214 4142 1315 4205 mundi
1339 4141 1488 4205 distantes

124 4255 179 4318 pro
210 4231 306 4296 lubitu
330 4233 429 4312 possis
453 4231 608 4295 attollere:
632 4231 685 4293 fiet
708 4250 791 4305 saue,
816 4231 893 4310 quod
917 4232 1033 4303 dieunt,
1064 4239 1098 4294 ut
1120 4231 1190 4294 illae
1214 4231 1400 4295 abinvicem
1425 4239 1487 4295 tarn

125 4327 221 4407 louge
246 4321 469 4402 digrediantur,
492 4339 580 4402 quam
603 4320 691 4400 louge
719 4321 780 4400 jam
813 4321 851 4382 ab
883 4328 1009 4402 utraque
1041 4322 1129 4384 abest
1159 4330 1293 4384 centrum
1324 4322 1486 4386 mobilium.

124 4417 167 4478 At
199 4410 399 4486 meminerint,
424 4411 450 4474 si
469 4411 545 4473 tiras
560 4411 713 4486 attollunt,
737 4409 841 4490 augeri
865 4430 923 4473 uua
946 4412 1002 4474 hcc
1017 4429 1151 4487 vacuum,
1176 4413 1254 4492 quod
1273 4411 1368 4474 estin
1387 4411 1485 4475 medio
1574 4423 1579 4432 '

124 4513 156 4566 et
186 4501 332 4567 circulari
361 4502 487 4563 fixarum
519 4500 683 4580 complexu.
737 4500 799 4580 Ipsi
832 4519 903 4561 vero
933 4501 1134 4583 incogitanter
1164 4500 1333 4582 ponebant,
1365 4521 1485 4564 manere

130 4594 219 4658 nobis
242 4592 300 4654 boc
323 4609 449 4654 vacuum
470 4589 539 4654 fixis
562 4589 803 4653 ascendentibus.
846 4588 926 4661 Quid
950 4591 976 4652 si
999 4610 1087 4663 vero,
1109 4591 1259 4671 inquiunt,
1284 4609 1321 4652 ex
1345 4590 1486 4654 assumtis

132 4683 211 4748 binis
235 4680 333 4744 s'tellis
357 4680 467 4761 cinguli
492 4679 629 4754 Orionis,
654 4680 750 4743 altera
774 4681 891 4760 quidem
917 4689 1053 4743 ruunente
1077 4682 1106 4743 in
1130 4701 1166 4742 ea
1189 4680 1330 4759 sphaera,
1356 4700 1415 4762 qua
1437 4681 1485 4743 in-

134 4773 272 4836 feriorem
297 4770 417 4834 stellam
440 4789 497 4832 non
523 4769 657 4834 admittit
680 4770 817 4832 doctrina
840 4771 1049 4851 parallaxeon,
1082 4771 1197 4852 reliqua
1225 4770 1341 4832 dicatur
1362 4771 1484 4834 induitis

134 4859 302 4924 intervallis
326 4861 435 4926 altior?
479 4858 631 4941 Numquid
654 4860 709 4922 hoc
730 4867 821 4942 pacto
841 4861 1011 4937 efficiemus,
1036 4867 1069 4923 ut
1083 4880 1176 4944 aeque
1189 4879 1302 4942 parvae
1321 4871 1487 4943 appareant

186 4965 275 5016 repleat
289 4966 366 5016 opens.
386 4968 414 5008 u.
1239 4963 1272 5016 44
