3674 5538
308 223 357 322 '86
733 259 832 310 Literna
851 257 952 322 Kepiari
971 259 1121 324 aliorumque
1139 264 1240 308 mutuae
1340 299 1344 306 .

314 434 391 496 bibit
413 434 573 515 oculosqnc
597 433 712 513 ingenti
735 432 884 494 claritatis
910 433 1068 496 latitudine
1098 441 1240 513 occupat,
1266 442 1378 494 utnon
1409 434 1570 495 attendant
1596 451 1669 512 par-

183 513 192 534 '
293 541 382 585 uum
402 531 527 604 aspectu
551 521 756 600 corpusculum
780 521 894 582 Lunae.
934 521 1069 583 Indidem
1085 531 1116 584 ct
1130 522 1334 602 tranquillitas
1355 520 1470 584 Oceani
1490 543 1545 584 seu
1567 524 1671 602 yulqrn

282 627 289 642 ·
316 631 386 675 esse
410 611 520 692 potnit.
567 611 645 673 Nam
669 609 749 670 circa
773 609 840 670 illos
864 609 928 670 dies
960 611 1031 672 nulli
1062 611 1151 690 plane
1182 611 1300 672 inerunt
1332 618 1474 691 aspectus
1508 617 1608 674 adrem
1640 621 1672 670 et

316 699 413 762 maria
436 699 627 778 instigantes.
675 698 757 758 Tnuc
782 699 911 759 oc‘eanus
935 707 1081 778 stagnans
1105 699 1206 760 radios
1223 699 1305 760 Solis
1329 697 1427 760 instar
1450 699 1564 778 speculi
1587 707 1672 760 recta

316 807 435 852 sursum
460 789 498 849 ad
523 789 638 848 Lunam
662 786 845 865 repercussit
868 786 1039 850 fortissime.
1078 789 1143 849 Fol.
1164 784 1227 850 257
1257 787 1370 849 omissa
1399 797 1447 849 est
1470 789 1544 849 haec
1567 805 1670 860 causa,

316 875 520 958 tranquillitas
545 873 659 937 Oceani
684 882 716 935 et
739 874 906 955 specularis
929 876 1143 957 aequabilitas,
1177 895 1230 956 pro
1255 893 1314 956 qua
1337 875 1398 936 alia
1421 876 1531 955 posita,
1565 893 1670 955 nempe

315 965 444 1027 altitudo
460 963 517 1025 loci
533 982 585 1024 seu
606 963 745 1043 speculae
761 983 850 1044 snpra
870 983 1004 1026 crassam
1019 965 1097 1026 aeris
1119 967 1242 1038 lancem,
1263 983 1338 1044 qnae
1362 964 1464 1025 nescio
1484 983 1521 1026 an
1542 964 1670 1036 ibidem;

314 1053 362 1115 hic
386 1051 492 1114 nullibi
517 1060 599 1112 certe
623 1049 739 1130 punitas
765 1052 852 1114 a'e'ris.
899 1051 941 1114 Et
963 1061 1051 1132 puto,
1086 1073 1121 1114 ex
1147 1054 1214 1132 ipsa
1246 1052 1377 1132 regionis
1410 1053 1555 1114 felicitate
1579 1059 1670 1132 atque

315 1141 469 1214 ubertate,
496 1149 529 1200 ut
553 1149 585 1201 et
603 1141 641 1202 de
657 1136 799 1213 Graecia,
825 1141 960 1202 concludi
982 1161 1072 1222 posse
1096 1143 1243 1220 puriorem
1268 1141 1328 1202 illic
1353 1159 1419 1202 esse
1444 1147 1558 1214 aerem,
1584 1159 1671 1220 quam

315 1229 362 1291 hic
387 1227 415 1290 in
442 1227 616 1291 Germania.

404 1315 529 1380 Memini
571 1335 617 1378 ma
660 1315 688 1377 in
721 1315 877 1395 Scaligeno
912 1317 1040 1396 legisse,
1074 1317 1260 1380 occidentale
1289 1317 1359 1378 litus
1392 1317 1516 1379 Africae
1553 1315 1672 1396 (quidni

316 1405 497 1485 Hispaniae)
531 1404 613 1466 nulla
645 1403 756 1466 tentari
789 1413 893 1484 parte,
924 1406 1001 1485 quod
1031 1425 1146 1468 rursum
1178 1413 1225 1468 est
1257 1405 1398 1485 puritatis
1431 1406 1559 1485 siguum.
1608 1404 1671 1466 Sed

317 1492 424 1573 inquis,
450 1493 507 1555 hae
531 1512 641 1555 causae
666 1511 783 1572 semper
806 1503 885 1568 suut,
911 1513 963 1555 cnr
987 1511 1058 1574 ergo
1077 1513 1134 1557 nou
1159 1495 1280 1574 saepius
1300 1493 1519 1556 videtannna
1543 1495 1571 1554 in
1596 1513 1672 1554 con·
1735 1541 1742 1544 .

310 1581 492 1661 junctione?
517 1579 596 1652 Quia
611 1600 678 1642 raro
698 1582 869 1660 cunjunctio
892 1582 998 1643 incidit
1013 1584 1040 1645 in
1062 1583 1224 1656 meridiem,
1244 1590 1277 1644 ut
1292 1603 1327 1643 ex
1350 1586 1412 1643 alto
1434 1583 1532 1662 possit
1554 1581 1671 1661 inspici.

316 1671 378 1734 lmo
402 1689 473 1732 vero
498 1689 552 1732 uec
576 1689 694 1750 semper
712 1677 801 1732 tauta
818 1678 866 1732 est
890 1671 1094 1752 tranquillitas
1114 1671 1204 1734 atris.
1242 1669 1340 1732 Multa
1357 1671 1458 1750 itaque
1482 1679 1672 1744 concurrunt,

316 1779 394 1842 quae
419 1779 478 1822 non
509 1759 630 1839 saepius
659 1759 702 1820 ita
726 1769 913 1821 concurrunt.
961 1762 1106 1823 Fortasse
1140 1770 1239 1821 tamen
1276 1760 1396 1842 saepius
1429 1768 1612 1831 cerneretur,
1647 1759 1672 1820 si

316 1847 427 1910 attenti
460 1856 566 1909 esseut
598 1847 743 1909 homines.
766 1881 769 1890 ·
794 1847 899 1928 Negas
928 1850 1025 1911 lumen
1057 1872 1076 1911 a
1100 1851 1194 1910 Terra
1224 1849 1445 1910 reverberatum
1480 1847 1609 1932 militare
1643 1848 1671 1909 in

316 1937 524 2016 phaenomeuo
538 1937 642 1997 Lunae
658 1936 750 2015 juxta
765 1935 877 2012 Solem,
903 1938 981 2017 quod
1000 1938 1129 2000 militare
1144 1937 1283 1999 concedis
1299 1936 1326 1998 in
1347 1937 1553 2016 phaenomeno
1568 1937 1672 1998 Lunae

320 2025 375 2086 sub
399 2024 489 2099 Sole,
522 2023 654 2104 tegentis
678 2021 790 2086 Solem.
838 2026 910 2086 Plns
940 2025 1059 2105 inquam
1089 2026 1148 2088 illic
1179 2025 1290 2087 militat
1318 2045 1406 2105 quam
1440 2024 1497 2087 hic.
1549 2022 1673 2096 Quare?

315 2111 395 2184 Quia
427 2131 494 2174 cnm
519 2113 608 2174 Luna
635 2111 737 2175 Solem
771 2113 858 2193 tegit,
893 2115 987 2176 Terra
1016 2125 1147 2177 nonest
1179 2122 1241 2175 tam
1266 2114 1363 2190 clara,
1389 2121 1493 2194 utpote
1523 2121 1672 2192 exparte

317 2219 372 2282 par
395 2201 511 2264 Lunam
536 2200 700 2280 eclipsata,
735 2203 790 2263 sed
814 2212 913 2264 tamen
938 2211 1041 2282 potest
1072 2205 1225 2266 illustrare
1252 2211 1370 2282 partem
1402 2202 1506 2264 Lunae
1530 2202 1672 2263 tenebro-

317 2309 392 2354 sam.
445 2291 543 2353 Multo
575 2290 672 2370 magis
706 2291 797 2370 igitur
830 2291 924 2352 Terra
953 2293 1045 2370 plena
1074 2293 1139 2355 luce
1173 2293 1273 2353 fruens
1304 2291 1417 2370 poterit
1448 2291 1551 2352 Lunae
1585 2297 1672 2350 teue-

316 2379 436 2440 brosum
454 2377 707 2459 hemisphaerium
725 2378 888 2441 illustrare.
927 2380 968 2440 Et
985 2390 1099 2443 certum
1119 2389 1176 2454 est,
1196 2380 1347 2440 illustrare
1368 2380 1475 2440 saltem
1497 2379 1672 2450 intantum,

316 2475 349 2529 nt
372 2467 449 2530 haec
473 2466 635 2530 illustratio
660 2475 731 2548 post
753 2466 834 2530 Solis
858 2487 997 2530 occasum
1022 2470 1288 2532 animadvertatur.
1334 2467 1554 2530 Tantummodo
1578 2485 1672 2547 qnae-

315 2555 399 2626 ritur,
425 2575 463 2618 an
487 2555 580 2618 etiam
604 2557 633 2617 in
666 2563 784 2618 tautum
807 2557 907 2636 possit
936 2557 1103 2633 illustrare,
1128 2569 1161 2621 ut
1190 2557 1351 2618 illustratio
1375 2558 1412 2617 de
1436 2557 1484 2618 die
1513 2556 1673 2618 cernatur?

406 2645 508 2724 Atque
532 2645 608 2706 haec
632 2646 669 2705 de
693 2645 749 2708 hac
774 2647 961 2727 quaestione.
1239 2639 1243 2646 ,

407 2734 501 2795 Porro
534 2739 566 2794 et
592 2734 636 2796 'ds
662 2731 820 2814 Cupernici
853 2735 1071 2816 hypothesibus
1103 2735 1220 2815 quaerit
1243 2735 1346 2814 Magn.
1372 2733 1437 2794 Tua
1466 2742 1497 2797 et
1530 2733 1673 2796 delectari

320 2821 452 2898 ridetur,
486 2841 533 2882 me
558 2821 585 2882 in
621 2823 774 2884 sententia
802 2842 931 2884 manere.
979 2822 1107 2895 Quaerit
1138 2825 1230 2904 igitur
1261 2822 1484 2903 perhumaniter
1507 2824 1543 2886 de
1577 2821 1677 2884 catrsis

317 2909 452 2991 physicis
477 2919 517 2970 et.
532 2911 766 2982 mathematicis,
792 2912 898 2992 quibus
923 2913 1069 2976 movear?
1105 2913 1171 2992 Ego
1197 2913 1314 2992 quidem
1344 2912 1422 2973 hand
1447 2911 1595 2989 granatim
1619 2911 1676 2971 de·
1738 2945 1744 2949 ·

319 3017 422 3079 promo
443 3018 512 3060 mea
535 3009 714 3078 argumenta
737 3001 784 3062 rel
810 3001 1076 3075 contrahentem
1108 3010 1225 3063 tantum
1254 3002 1340 3062 abest
1365 3008 1399 3061 ut
1423 3000 1576 3061 blanditiis
1600 3016 1676 3078 opns

319 3087 458 3161 habeam,
482 3105 577 3167 neque
603 3106 713 3167 sequor
735 3089 860 3151 multum
877 3089 945 3151 illos
960 3091 1066 3170 quibus
1086 3091 1114 3152 iu
1135 3108 1185 3152 ore
1203 3097 1269 3152 est:
1296 3089 1365 3164 „odi
1388 3090 1543 3167 profanum
1567 3088 1675 3167 vulgus

318 3183 346 3236 et
365 3175 485 3248 arceo“,
512 3175 582 3237 item
602 3175 675 3238 illud
700 3177 909 3240 chimicornm:
936 3178 1073 3252 „nonnisi
1098 3179 1166 3241 filiis
1190 3177 1457 3258 sapientiarum,
1482 3179 1550 3257 quin
1575 3177 1675 3256 potins

318 3263 473 3324 ultroneus
497 3273 529 3324 et
553 3262 739 3343 importunus
764 3265 1050 3347 intempestivusque
1074 3267 1171 3330 adsim
1195 3267 1352 3346 perpetim.

406 3351 451 3412 Τιι
475 3351 606 3414 fortasse
631 3353 767 3429 miraris,
803 3353 865 3416 lieri
896 3373 987 3434 posse
1011 3365 1045 3417 ut
1068 3355 1255 3436 Copemicns
1287 3355 1396 3417 homini
1428 3353 1620 3416 considerato
1645 3363 1677 3414 et

317 3438 435 3502 modice
460 3439 617 3520 ingenioso
640 3441 792 3521 probetur.
830 3442 896 3522 Ego
921 3463 992 3506 vero
1016 3444 1078 3524 ajo,
1099 3445 1191 3508 nihil
1215 3463 1296 3506 esse
1319 3463 1382 3524 per
1405 3461 1526 3503 ornnnes
1551 3443 1674 3505 scieu-

315 3527 410 3603 tias,
436 3531 534 3608 quod
558 3548 609 3590 me
635 3529 818 3610 impediat
840 3532 906 3594 hoc
938 3531 1180 3595 sentientem:
1214 3532 1318 3606 nihil,
1354 3531 1445 3614 quod
1470 3533 1532 3592 vel
1561 3531 1674 3594 levis-

316 3618 409 3680 sime
434 3635 485 3678 tue
509 3616 732 3681 absterreat
755 3620 883 3682 abhuc
904 3631 1034 3701 aperta
1058 3621 1273 3685 sententiae
1299 3641 1400 3683 meae
1423 3621 1689 3708 professione„

315 3717 472 3786 praeter·
509 3707 654 3770 unicam
693 3709 967 3772 auctoritatem
1006 3709 1219 3785 Sacrorum,
1257 3732 1275 3770 a
1316 3709 1533 3790 quibusdam
1579 3709 1674 3772 male

316 3797 513 3859 detortam.

405 3885 454 3945 Ab
478 3885 534 3946 hac
558 3885 650 3964 igitur
673 3883 823 3964 incipiam.
861 3887 939 3948 Puto
963 3886 1064 3966 igitur,
1089 3887 1197 3949 debere
1217 3905 1272 3948 nos
1296 3886 1445 3966 respicere
1464 3886 1501 3947 ad
1526 3884 1672 3948 intentum

315 3973 465 4036 lmnrinnm
491 3975 598 4054 spiritu
623 3973 679 4035 Dei
703 3973 936 4054 inspiratorum:
962 3975 1010 4056 qni
1036 3977 1171 4055 nuspiam
1192 3977 1247 4038 hoc
1271 3982 1405 4054 egerunt,
1429 3983 1462 4036 ut
1484 3973 1617 4035 homines
1641 3975 1671 4035 in

237 4079 242 4088 ·
314 4061 403 4125 rebus
442 4063 631 4124 naturalibus
666 4062 837 4138 erudirent,
871 4071 1082 4146 praeterquam
1114 4065 1143 4126 in
1177 4065 1271 4144 primo
1304 4064 1403 4143 capite
1429 4061 1600 4135 Geneseos,
1634 4063 1671 4122 de

315 4151 538 4230 supranaturali
564 4169 660 4212 rerum
686 4159 762 4212 ortu.
812 4149 963 4228 Ceterum,
988 4163 1021 4216 ut
1045 4154 1154 4232 linguis
1183 4153 1306 4216 cuilibet
1329 4152 1412 4232 genti
1435 4151 1512 4214 notis
1535 4157 1670 4224 utuntur,
1771 4180 1774 4186 ·

314 4257 371 4300 non
410 4237 578 4318 linguarum
615 4241 667 4301 sed
708 4241 897 4320 colloquendi
935 4244 1176 4322 sententiamque
1210 4241 1447 4303 communicandi
1483 4259 1593 4314 eausa,
1627 4239 1672 4301 ita

314 4333 438 4388 utuntur
461 4329 499 4390 ad
526 4329 604 4390 idem
629 4329 777 4390 intentum
797 4329 888 4390 etiam
913 4330 1108 4411 conceptibus
1133 4329 1281 4392 hominnm
1302 4329 1447 4391 derebus
1471 4328 1670 4391 naturalibus.

314 4411 532 4480 Stultissimum
558 4436 662 4497 nempe
687 4425 735 4478 est
757 4417 951 4498 postulatum,
978 4429 1011 4479 nt
1035 4421 1144 4481 doceat
1167 4438 1221 4481 nos
1241 4417 1323 4479 Deus
1347 4418 1375 4478 in
1394 4415 1507 4493 Sacris,
1532 4418 1672 4496 planetas

313 4519 370 4561 uon
395 4509 480 4565 stare
505 4514 557 4567 aut
580 4506 780 4578 retrocedere,
806 4505 918 4566 slvere
936 4525 994 4567 non
1019 4515 1104 4570 stant
1122 4515 1175 4569 aut
1197 4507 1400 4578 retrocedunt,
1426 4515 1478 4568 ant
1496 4513 1530 4567 ut
1553 4505 1673 4584 penitus

313 4587 387 4650 nihil
410 4589 577 4656 hominibus
602 4594 638 4656 dc
664 4593 719 4655 hoc
747 4593 953 4674 phaenomena
987 4595 1134 4676 loquatur.
1180 4597 1258 4658 Nam
1283 4595 1341 4657 etsi
1370 4596 1499 4656 futurum
1526 4603 1614 4676 puto,
1641 4603 1673 4656 ut

313 4677 441 4739 muudus
473 4684 634 4744 veritatem
667 4681 763 4761 magis
796 4681 950 4763 magisque
984 4691 1133 4762 agnoscat
1162 4687 1211 4756 (ut
1239 4683 1377 4763 exemplo
1407 4685 1444 4744 de
1478 4683 1672 4762 antipodibus

313 4761 486 4835 didicimusl
519 4771 699 4851 tandemque
730 4769 926 4834 communiter
958 4773 1105 4835 stationes
1138 4774 1326 4854 planetarum
1354 4771 1384 4833 in
1413 4771 1524 4833 Terrae
1558 4781 1671 4836 motum
