3700 5530
307 255 378 332 586.
731 265 832 320 Iiurse
849 265 952 348 Kppleri
970 265 1120 334 aliorumque
1137 275 1239 320 mamae

307 441 357 504 liic
378 441 410 504 in
433 438 534 504 Terris
558 442 779 520 animadvertit,
804 445 834 506 in
857 443 964 507 ultime
987 443 1118 525 sphaera
1140 445 1223 508 eidus
1246 444 1401 508 incendit?
1438 444 1592 516 Quidnam
1615 457 1667 512 est

307 531 375 606 hoc,
401 531 484 610 cujus
507 549 612 593 sensus
636 541 685 593 eet
707 535 736 594 in
760 535 863 608 Terra,
886 535 1024 614 potentia
1046 542 1109 594 tam
1133 535 1274 596 absoluta
1296 535 1326 595 iu
1351 553 1489 614 supremo
1514 538 1666 599 aethere?

395 621 616 684 Brenggorus,
644 621 709 670 lecto
726 621 829 686 Kepleri
847 622 907 671 libro
927 622 957 673 ds
975 635 1040 671 nora
1067 621 1156 681 smila,
1183 623 1247 673 haee
1271 623 1339 673 dedit
1356 622 1466 688 Keplesc
1485 625 1667 683 [Kauiburuae

309 689 363 740 Gal.
383 689 450 753 Sept.
471 685 568 750 teeti:
587 691 633 740 Vir
651 689 798 744 Clarissima
819 693 904 743 Amice
922 693 1075 744 honorande.

302 798 306 806 .
397 760 468 820 Quod
485 763 514 808 iis
534 761 646 812 accidere
665 764 742 822 solet,
770 767 811 830 qui
830 771 903 814 nocte
926 766 1057 829 ingruente
1085 765 1161 829 quieti
1179 777 1206 814 se
1225 765 1341 820 tradunt,
1360 771 1388 814 ut
1406 765 1503 828 quidem
1522 767 1612 831 torpidi
1631 781 1662 818 ac

307 833 399 881 inertes
419 834 519 881 mortuis
532 847 582 881 non
600 833 728 884 dissimiles
745 838 849 899 jaceant
868 849 897 885 ac
910 850 985 884 mane
1003 835 1167 885 illucescentis
1192 835 1240 885 dici
1259 835 1375 885 claritate
1394 838 1494 886 excitati
1515 840 1665 888 reviviscant

307 908 334 952 et
352 902 384 951 ad
402 905 488 952 munia
501 915 547 952 sua
560 906 717 969 exsequenda
734 908 840 956 redeant
858 906 1006 956 alacriores:
1025 907 1090 955 idem
1102 907 1162 955 mihi
1175 907 1226 956 lere
1245 907 1359 972 contigit,
1378 915 1507 972 postquam
1525 909 1588 959 liber
1603 917 1663 958 tuus

307 975 338 1022 dc
356 973 445 1023 Nora
463 973 569 1025 Stella
587 976 620 1025 ad
638 991 708 1026 meas
720 991 809 1028 manus
827 978 945 1042 pervenit.
971 977 1051 1039 Hujus
1064 979 1152 1042 quippe
1171 977 1280 1028 lumen
1299 979 1336 1027 ita
1354 977 1447 1027 allulsit
1463 993 1537 1029 meae
1552 980 1662 1029 mathesi

306 1059 410 1108 eumque
428 1045 537 1094 biennali
555 1061 639 1097 somno
658 1063 799 1112 oppressam
818 1052 912 1111 etjam
930 1050 981 1098 lere
1000 1056 1136 1098 emortuum
1155 1065 1198 1098 suo
1217 1049 1346 1112 splendore
1365 1051 1661 1111 moissiacensium

307 1115 399 1172 oculos,
418 1117 528 1180 quamvis
548 1117 629 1167 adhuc
647 1127 756 1184 torpeus,
777 1122 871 1184 aperire
890 1125 916 1169 et
935 1119 1064 1184 resigssam
1084 1122 1200 1185 coeperit,
1221 1135 1285 1185 quae
1304 1120 1367 1170 ahaa
1385 1122 1490 1172 lomense
1509 1121 1665 1172 dormivisset

306 1201 417 1236 somnum
436 1187 632 1251 Epimenideum.

393 1257 524 1308 Habebam
543 1260 568 1308 in
587 1261 677 1322 auimo,
697 1263 730 1310 mi
748 1261 865 1326 Keplere,
883 1263 936 1324 jam
955 1259 1047 1311 dudum
1065 1267 1121 1324 pest
1139 1267 1255 1324 acceptas
1274 1265 1334 1311 ante
1354 1262 1477 1312 biennium
1497 1274 1514 1311 a
1531 1267 1556 1312 te
1575 1263 1662 1312 literne

306 1331 392 1379 atatim
410 1330 455 1378 tibi
473 1330 616 1380 rescribebe.
641 1331 677 1382 Ut
695 1337 779 1383 autem
798 1333 898 1382 solidius
911 1333 944 1382 ed
956 1339 982 1383 te
995 1333 1118 1382 mitterem
1136 1345 1279 1396 responsum
1299 1330 1431 1397 (dqnidem
1443 1340 1515 1384 eraut
1532 1334 1661 1391 nonnulla,

304 1403 330 1450 in
350 1401 436 1465 qulbus
456 1415 471 1449 a
489 1408 514 1450 te
533 1401 723 1464 dissentieham,
752 1404 859 1453 necdum
876 1411 943 1453 totus
960 1405 986 1454 in
1010 1410 1080 1454 tuam
1098 1405 1133 1453 ire
1158 1403 1308 1454 annuntiem
1334 1403 1459 1468 possum),
1487 1419 1661 1468 proponerem

307 1473 376 1529 mihi,
395 1473 461 1536 prius
479 1471 670 1536 Paralipomene
687 1482 733 1525 tua
746 1474 836 1540 Optice
854 1477 934 1525 denuo
954 1477 1073 1526 attentius
1091 1474 1227 1540 perlegere.
1261 1473 1311 1524 Sed
1330 1474 1387 1525 dum
1407 1477 1483 1523 otium
1501 1477 1542 1524 isti
1559 1475 1661 1525 lectioni

306 1543 459 1593 commodum
479 1551 606 1606 exspecto,
627 1545 722 1595 lactum
741 1553 791 1606 est,
817 1553 845 1595 nt
863 1561 958 1610 semper
977 1546 1009 1596 ad
1028 1546 1079 1595 alie
1104 1546 1252 1595 distraheret
1277 1545 1384 1611 mihique
1412 1545 1515 1596 subinde
1533 1549 1661 1612 negotium

305 1629 381 1664 uuum
395 1627 425 1663 ea
443 1613 520 1664 altero
540 1622 688 1673 necaretur,
707 1618 794 1682 quibus
812 1618 934 1668 hactenus
952 1617 1083 1682 impeditus
1096 1617 1204 1666 studium
1221 1616 1432 1674 mathematicum,
1451 1629 1520 1666 meas
1532 1618 1658 1681 quondam

305 1686 416 1742 delicias,
434 1685 509 1749 plane
527 1685 639 1738 deserere
657 1695 758 1738 coactus
776 1689 819 1746 lui,
832 1703 880 1739 uec
891 1689 987 1747 librum,
1005 1689 1141 1752 quodmihi
1152 1701 1335 1752 proposueram,
1354 1687 1464 1738 residue
1482 1689 1560 1752 potui.
1585 1687 1660 1738 Haec

304 1757 381 1808 unica
400 1771 477 1807 causa
495 1762 540 1814 est,
560 1773 624 1823 quae
641 1773 682 1810 me
695 1759 811 1818 cohibuit,
830 1775 878 1826 quo
889 1761 970 1810 mium
987 1759 1032 1810 tihi
1049 1759 1215 1824 responderim
1228 1761 1294 1810 sicut
1311 1761 1486 1810 comessuram
1503 1765 1530 1810 et
1548 1760 1662 1810 amicitia

305 1835 391 1877 nostre
426 1828 584 1878 ostulaverat.

393 1844 485 1949 destas
501 1901 577 1966 igitur
595 1907 623 1950 nt
640 1907 666 1950 te
686 1915 795 1958 exorem,
814 1917 846 1952 ne
864 1917 957 1952 moram
976 1903 1051 1951 istam
1069 1907 1095 1950 et
1112 1901 1237 1951 edendum
1255 1901 1352 1950 sinistre
1371 1901 1550 1964 interpreteris,
1570 1899 1614 1950 sed
1633 1907 1662 1950 ut

306 1969 417 2020 tarditati
436 1984 516 2026 meae,
535 1971 583 2020 imo
602 1973 700 2035 torpori,
719 1974 817 2022 reniam
836 1973 886 2023 dea.
916 1971 945 2022 ld
958 1974 978 2022 ai
994 1973 1163 2038 impetravero,
1183 1972 1295 2029 studebo,
1313 1977 1342 2021 nt
1357 1973 1383 2020 in
1401 1979 1525 2035 posterum
1543 1971 1661 2022 delictam

305 2041 371 2092 istud
389 2042 522 2092 sedulitate
540 2049 566 2091 et
583 2043 723 2107 frequentia
740 2043 865 2094 literarum
884 2046 1013 2109 corrigam.

395 2113 528 2178 Postquam
548 2128 613 2164 anno
631 2117 738 2178 proximo
757 2129 787 2164 ea
800 2115 978 2167 autumnalium
996 2115 1162 2166 nundinarum
1180 2113 1295 2179 eatdcgc
1314 2114 1425 2178 cognovi
1444 2113 1532 2164 libmm
1550 2127 1567 2164 a
1583 2121 1610 2163 te
1629 2114 1661 2166 de

306 2182 379 2234 Nova
397 2183 476 2234 Stella
495 2185 588 2234 editum
606 2199 670 2244 esse,
698 2186 799 2238 mirifice
826 2187 935 2236 laetatus
953 2201 1025 2245 sum3
1053 2187 1162 2238 sciebam
1189 2186 1266 2241 enim.
1287 2191 1346 2236 ate
1365 2185 1462 2234 nonnisi
1484 2185 1661 2250 praeclareat

306 2255 449 2320 singularia,
468 2255 594 2320 uulgarem
612 2256 788 2320 philosophiam
807 2258 943 2307 nonnullibi
961 2258 1112 2322 superantia,
1131 2257 1252 2320 proticisci
1270 2255 1356 2305 solere.
1386 2257 1422 2303 At
1440 2259 1522 2305 nescio
1541 2271 1589 2321 quo
1607 2256 1659 2305 fato

305 2327 365 2375 mihi
383 2341 432 2374 uon
451 2327 562 2392 contigit,
581 2327 668 2376 librum
688 2335 746 2378 ante
764 2329 872 2378 medium
890 2331 982 2378 mensis
1002 2327 1064 2392 Mali
1081 2341 1160 2391 nuper
1177 2328 1255 2391 elapsi
1280 2327 1376 2385 sidere,
1396 2329 1466 2390 enjus
1484 2327 1591 2376 lectione
1608 2341 1659 2377 non

305 2388 404 2447 titutum
423 2409 577 2461 summopere
596 2399 755 2457 delectatum,
774 2399 818 2450 sed
836 2400 902 2450 haud
920 2414 1008 2464 parum
1025 2400 1158 2463 proiecisse
1174 2414 1215 2448 me
1233 2399 1321 2448 lubens
1337 2399 1428 2448 ieteoa

394 2467 468 2527 Nam,
489 2476 517 2517 ut
535 2476 620 2520 cetera
638 2470 734 2528 sileam,
759 2473 964 2537 trigonorum
989 2479 1105 2521 naturam
1118 2467 1184 2534 (cap.
1199 2470 1233 2522 Π.
1247 2469 1292 2520 111.
1306 2467 1462 2528 Vl—v111.)
1475 2476 1501 2518 et
1512 2475 1662 2531 aspectuum

305 2541 426 2589 rationem
446 2537 514 2604 (cap.
526 2537 583 2602 IX.)
602 2548 655 2592 tam
674 2542 809 2606 eleganter,
829 2549 881 2592 tam
900 2543 973 2592 docte
986 2556 1015 2591 ac
1034 2542 1192 2606 probabiliter
1210 2541 1327 2604 explicas,
1346 2542 1448 2590 resectis
1467 2545 1542 2605 etque
1560 2543 1659 2604 rejectis

305 2609 407 2660 infinitis
425 2613 476 2660 lere
495 2611 671 2676 astrologorum
689 2615 787 2677 ineptiis
807 2620 832 2662 et
850 2613 1070 2677 superstitionibus,
1090 2620 1180 2661 utnon
1199 2614 1288 2675 possim
1307 2627 1355 2662 uon
1375 2613 1480 2660 memma
1498 2611 1542 2660 tibi
1561 2611 1660 2675 quidem

304 2684 398 2748 gratim
418 2695 491 2746 agere
510 2697 553 2746 pro
571 2685 733 2745 institutione,
753 2684 812 2734 mihi
830 2700 886 2734 vero
904 2683 1032 2749 gratulari,
1052 2683 1117 2747 quod
1135 2685 1184 2733 ista
1202 2699 1234 2734 ex
1251 2689 1276 2734 te
1296 2681 1429 2732 didicerim.
1458 2681 1556 2732 Videris
1573 2687 1660 2732 tamen

303 2753 364 2802 mihi
391 2756 484 2818 passim
502 2756 527 2802 in
546 2755 593 2804 hoc
619 2755 696 2812 libro,
724 2757 868 2819 praesertim
894 2771 951 2805 roro
971 2755 1031 2818 Cap.
1050 2754 1120 2804 Vlll.
1141 2763 1168 2803 et
1184 2754 1215 2804 x.
1242 2767 1322 2804 nevae
1349 2754 1477 2817 cujusdam
1506 2761 1532 2804 et
1558 2755 1662 2816 purioris

305 2825 455 2890 astrologiae
473 2825 638 2876 fundamenta
655 2834 800 2885 mensuare,
820 2830 921 2890 ejusque
939 2827 1086 2892 dignitatem
1105 2825 1223 2876 attidem
1242 2827 1273 2875 ab
1291 2827 1385 2888 injuriis
1404 2830 1431 2874 et
1448 2825 1660 2875 criminationibus

305 2896 500 2946 adversariorum
517 2899 554 2946 ite
572 2899 706 2959 vindicare,
724 2906 753 2947 ut
770 2914 809 2948 me
826 2898 910 2961 judice
936 2898 1072 2962 asuologos
1091 2911 1141 2947 non
1160 2896 1304 2956 offenderis,
1325 2896 1369 2944 sed
1387 2895 1490 2944 multum
1508 2897 1553 2944 tibi
1573 2895 1660 2944 derin-

303 2968 375 3018 xeris.
424 2965 504 3016 Valde
530 2967 590 3018 mihi
619 2969 711 3018 mullet
737 2975 782 3019 tua
809 2970 934 3018 sententia
961 2970 992 3017 de
1026 2969 1140 3018 effioada
1172 2969 1439 3030 conjunctionum
1473 2980 1660 3032 magnarum

303 3033 378 3101 (Cap.
391 3035 484 3099 vnit,
503 3039 568 3102 quod
586 3053 670 3089 earam
690 3041 823 3089 escendam
842 3055 891 3090 non
910 3041 934 3088 in
954 3040 1098 3090 collectione
1116 3039 1243 3096 luminum,
1263 3039 1307 3088 sed
1319 3039 1344 3087 iu
1362 3039 1415 3101 ipso
1433 3037 1482 3086 situ
1501 3037 1603 3086 duorum
1621 3037 1661 3086 ral

303 3110 408 3172 plurium
434 3109 592 3172 planetamm
618 3113 733 3174 reponis,
761 3117 787 3161 et
811 3113 877 3160 hunc
903 3111 977 3160 situm
1001 3125 1045 3161 seu
1073 3109 1264 3174 applicationem
1282 3123 1299 3159 a
1317 3109 1395 3159 Tema
1419 3109 1512 3172 percipi
1529 3109 1660 3158 atuatici

304 3181 389 3230 scribis
403 3179 436 3230 ad
449 3195 506 3229 eum
517 3181 625 3237 modum.
638 3197 685 3247 que
703 3197 790 3232 sensus
808 3184 913 3246 percipit
930 3197 1001 3232 mum
1020 3183 1152 3244 objectum.
1176 3181 1230 3232 Hoc
1243 3181 1348 3230 fortasse
1366 3180 1511 3244 quibusdam
1529 3179 1659 3230 obscurum

303 3251 407 3307 ridetur.
426 3251 485 3300 mihi
505 3266 554 3300 non
572 3253 640 3310 item,
660 3255 701 3316 qui
721 3254 858 3319 exemplum
877 3255 1000 3316 magnetis
1013 3253 1072 3302 mihi
1090 3267 1205 3317 propono.
1232 3251 1268 3301 Ut
1286 3253 1352 3300 enim
1369 3265 1473 3315 magnes
1492 3267 1541 3300 non
1560 3257 1659 3300 tantum

303 3323 381 3371 sendt
398 3324 565 3384 praesentiam
583 3325 707 3388 magnetis
726 3325 827 3375 alterius
840 3331 866 3376 et
878 3325 911 3374 ad
923 3324 992 3374 illam
1004 3323 1080 3374 veluti
1093 3323 1208 3380 emultat,
1228 3323 1272 3372 sed
1285 3324 1337 3384 ejus
1350 3324 1422 3370 situm
1441 3335 1535 3386 quoque
1554 3321 1659 3386 percipit

304 3399 330 3441 et
348 3407 391 3456 pro
410 3392 506 3442 divona
530 3396 583 3455 ejus
610 3395 776 3458 applicatione
803 3397 939 3446 secundum
961 3395 1029 3458 polos
1047 3395 1086 3444 rel
1104 3400 1263 3458 aequaturum
1281 3393 1319 3443 rol
1339 3392 1469 3456 parallelos
1497 3392 1658 3442 diversimode

302 3463 418 3521 elicitur,
431 3465 468 3514 ita
479 3464 538 3513 mihi
556 3465 700 3528 persuadeo.
719 3467 791 3516 simili
803 3469 841 3517 rel
854 3468 943 3518 saltem
961 3466 1071 3530 analoga
1088 3465 1209 3515 facultate
1222 3465 1323 3514 Terram
1341 3465 1432 3514 sentire
1450 3466 1545 3528 positus
1559 3473 1586 3513 et
1598 3477 1657 3512 cen·

300 3535 441 3598 junctiones
458 3536 565 3585 siderum
584 3543 610 3585 et
623 3536 654 3585 ab
667 3537 696 3585 iis
714 3537 875 3588 diversimode
894 3539 968 3588 effici.
994 3536 1081 3601 Neque
1095 3536 1208 3599 displicet
1226 3541 1370 3600 aspectuum
1389 3549 1505 3584 numerus
1518 3535 1658 3584 octonarius

302 3613 362 3656 ate
379 3620 466 3656 recens
483 3607 611 3665 iuventus,
636 3621 707 3671 quem
727 3609 861 3672 antiquitus
885 3609 1002 3674 astrologi
1027 3609 1138 3673 quinario
1162 3605 1407 3670 comprehenderant.
1446 3605 1512 3656 Nam
1530 3604 1658 3670 praeclare

301 3684 328 3728 st
345 3691 403 3728 sere
421 3678 514 3736 scribis,
533 3681 685 3743 geometriae
703 3681 846 3745 sesdgiain
857 3681 949 3730 mundo
962 3695 1017 3730 esse
1031 3691 1154 3743 expresse,
1174 3692 1205 3727 ac
1216 3678 1272 3728 ideo
1291 3683 1407 3727 naturam
1423 3678 1451 3726 in
1462 3675 1658 3740 proportionibus

299 3749 345 3799 sibi
358 3749 526 3809 familiaribus,
547 3751 705 3814 agnoscendo
723 3765 794 3801 suum
806 3752 975 3816 archetypum,
995 3751 1124 3800 delectari.
1151 3748 1237 3798 Voluit
1253 3749 1320 3800 idem
1336 3750 1440 3798 lomaam
1457 3749 1583 3798 insinuare
1595 3747 1659 3797 liber

300 3819 455 3892 deplentiae.
475 3835 530 3884 cap.
548 3821 592 3871 XI.
613 3821 713 3881 docens,
733 3822 815 3872 Deum
834 3825 918 3874 omnia
934 3835 1065 3882 memora,
1084 3835 1186 3870 numero
1205 3827 1231 3869 et
1248 3819 1357 3884 pondere
1375 3819 1531 3883 disposuisse.
1568 3817 1658 3882 ltaque

299 3892 415 3942 credibile
434 3899 484 3954 est,
510 3899 626 3942 naturam
649 3907 699 3942 non
725 3901 824 3944 tautum
851 3909 937 3944 vocum
956 3899 982 3943 et
999 3907 1127 3947 sonorum,
1155 3891 1199 3942 sed
1217 3897 1245 3942 et
1269 3891 1374 3942 aliarum
1399 3903 1480 3940 rernm
1498 3899 1525 3942 et
1546 3890 1657 3952 inprimis

300 3971 447 4026 aspectuum
465 3965 608 4014 coelestium
626 3972 761 4015 concentus
780 3965 899 4015 similibus
917 3965 1111 4029 proportionibus
1130 3962 1260 4026 complecti
1280 3969 1306 4012 et
1317 3961 1439 4012 involvere
1458 3961 1571 4019 soluisse,
1591 3973 1656 4025 quae

300 4047 355 4082 cum
373 4035 399 4083 iu
417 4035 517 4085 vocibus
536 4034 750 4099 deprehendantur
768 4036 916 4100 octuplicea,
937 4051 980 4086 eas
998 4037 1024 4084 in
1043 4034 1184 4098 aspectibus
1203 4047 1282 4098 aeque
1307 4033 1454 4096 multiplices
1478 4039 1562 4084 mum
1580 4031 1656 4082 aesti-

297 4107 379 4162 nraho,
399 4107 478 4155 donec
505 4105 572 4156 aliud
600 4109 753 4170 experientia
771 4113 796 4156 at
818 4111 915 4158 radone
940 4107 1042 4158 edoctus
1064 4107 1143 4156 luero.
1181 4103 1297 4168 Suspicor
1316 4119 1371 4170 ego,
1390 4118 1422 4154 ea
1438 4104 1486 4153 hoc
1503 4104 1572 4154 tonte
1590 4117 1656 4165 sym·

297 4176 398 4240 pathias
417 4184 443 4226 es
461 4177 614 4240 antipathian
631 4193 713 4228 rerum
730 4179 881 4229 naturalium
899 4192 1055 4243 premanere.
1086 4177 1179 4228 Verum
1197 4191 1230 4226 ne
1242 4176 1300 4241 quid
1319 4175 1469 4226 dissimulem
1487 4175 1520 4224 mi
1538 4173 1656 4238 Keplera

296 4247 323 4298 ld
342 4254 442 4311 praeter
458 4248 581 4298 rationem
594 4263 610 4299 a
622 4256 648 4298 te
666 4251 760 4300 lectum
772 4257 841 4313 puto,
861 4250 926 4315 quod
944 4251 970 4300 iu
982 4249 1146 4313 explicatione
1165 4248 1383 4296 consonantiarum
1395 4261 1444 4294 non
1459 4245 1530 4310 bigas
1548 4251 1656 4300 uotum,

297 4318 342 4370 ssd
359 4321 438 4384 trigas
456 4335 543 4369 vocum
560 4321 674 4385 proponis
694 4321 895 4380 considerandas,
915 4337 971 4372 cum
988 4328 1073 4370 maren
1091 4333 1170 4370 sermo
1189 4319 1222 4367 sit
1235 4317 1265 4367 de
1284 4317 1468 4380 simplicissimis
1488 4317 1658 4371 concentibus,

299 4391 384 4454 quiin
405 4391 509 4440 duarum
527 4405 613 4440 vocum
633 4391 764 4442 collatione
784 4396 927 4443 conectunt
965 4391 1011 4441 Vis
1030 4391 1168 4448 ostendere,
1187 4389 1252 4454 quod
1270 4389 1295 4437 in
1314 4403 1363 4438 uno
1383 4388 1503 4451 diapason
1521 4391 1658 4449 systemata

296 4463 453 4524 reperiantur
471 4467 527 4512 octo
545 4476 640 4527 genera
658 4469 831 4521 concentuum,
850 4479 900 4513 non
918 4463 990 4527 plura
1007 4477 1054 4512 uec
1077 4463 1212 4526 pauciora,
1239 4465 1265 4509 et
1283 4459 1373 4509 deinde
1390 4463 1490 4523 praeter
1516 4459 1658 4508 institutum

296 4531 345 4581 illis
373 4533 516 4596 superaddis
544 4547 588 4583 sea
606 4534 669 4594 alls,
697 4547 762 4598 quse
779 4537 805 4584 iu
823 4535 951 4599 praedicto
974 4539 1109 4595 systemate
1127 4547 1178 4582 non
1197 4531 1362 4586 contlnentur,
1382 4529 1426 4580 sed
1445 4529 1505 4580 illud
1524 4529 1657 4585 uceduut,

297 4617 344 4653 uec
372 4607 504 4670 quicquam
529 4605 562 4654 ad
586 4606 765 4668 propositarum
793 4613 848 4656 octo
875 4605 1020 4668 simplicium
1046 4603 1264 4654 consonantiarum
1290 4601 1490 4652 constitutionem
1518 4600 1657 4656 conterunt,

297 4687 320 4722 s.
340 4689 363 4724 c.
383 4675 460 4726 ditoni
478 4677 650 4736 consonantia,
669 4690 744 4741 quam
763 4679 863 4728 tertiam
882 4676 969 4726 duram
985 4680 1086 4731 vocant,
1105 4674 1218 4725 consistit
1229 4673 1256 4722 in
1274 4673 1370 4722 duabus
1388 4672 1487 4720 vocibus
1500 4671 1546 4720 sub
1560 4671 1657 4721 ratione

297 4743 469 4810 sesquiquarta
487 4747 620 4810 dispositis.
659 4747 733 4797 Haec
752 4749 785 4798 sd
803 4749 841 4798 sui
859 4748 1029 4813 iutegritatem
1054 4745 1123 4796 nulle
1141 4746 1192 4795 alia
1209 4759 1269 4794 soce
1288 4743 1400 4808 indiget3
1426 4742 1484 4807 quid
1502 4742 1578 4806 igitur
1595 4755 1658 4805 epus

296 4815 344 4865 tuit
362 4818 386 4866 ei
404 4818 570 4882 superaddere
589 4819 700 4869 ditonum
725 4833 797 4884 super
827 4815 1006 4883 disdiapason?
1036 4815 1102 4883 Ergo
1126 4818 1180 4881 eius
1207 4814 1372 4866 conutercuo
1397 4825 1585 4878 supervacanea
1609 4817 1657 4870 est,
