3694 5528
342 285 409 358 nnn
943 290 1094 344 nnssssuo

342 475 491 542 stratum,
524 475 558 532 ut
581 470 621 532 sit
643 468 757 530 humori
781 467 957 550 crystallino
981 469 1058 530 oculi
1087 467 1194 532 similis
1208 486 1217 544 ;
1249 469 1330 531 linea
1361 467 1470 549 quippe
1501 465 1698 550 hyperbolica

342 566 463 620 tornata
494 558 664 638 descripta,
700 576 788 637 quam
822 557 851 618 iu
876 558 1030 619 schemate
1055 553 1097 620 69
1131 558 1266 636 quaesivi
1294 565 1418 638 propter
1450 557 1697 620 machinamenta

342 648 451 726 optiea,
476 653 510 708 ut
533 653 580 706 est
602 665 632 725 p.
652 641 715 709 188
728 653 760 706 et
778 641 854 720 196,
879 665 921 707 sc.
946 655 980 708 ut
1003 665 1060 708 non
1084 645 1216 708 distorta
1239 647 1291 708 liat
1314 645 1401 714 visio,
1427 647 1481 708 sed
1495 646 1628 726 partium
1651 646 1695 708 rei

340 736 424 796 visae
448 735 592 814 imagines
617 742 785 813 augeantur
807 735 1083 814 proportionaliter,
1108 744 1142 796 ut
1164 736 1305 816 proposui
1328 755 1358 816 p.
1385 730 1458 798 193.

428 823 522 898 Haec,
548 823 677 903 inquam,
702 823 730 884 in
747 823 957 886 constituenda
971 824 1052 885 lente
1070 841 1205 886 convexa
1220 825 1396 898 observabo,
1422 830 1455 884 ιι
1468 821 1586 903 majora
1603 839 1698 901 prae-

341 919 418 974 stem
443 911 589 973 visibilia:
628 913 893 992 oculumque·non
925 913 1012 992 longe
1043 913 1082 974 ab
1115 913 1171 974 hoc
1203 921 1314 993 puncto
1344 911 1518 986 collocabo,
1552 911 1582 972 in
1616 913 1695 992 quod

339 1001 467 1062 omnium
501 1001 543 1060 rei
576 1000 658 1062 visae
697 1009 875 1079 punctorum
912 1001 989 1062 radii
1026 1003 1118 1081 (quae
1151 1003 1320 1082 proprietas
1353 1008 1402 1062 est
1434 999 1522 1079 hujus
1556 999 1695 1062 umbonis

338 1088 540 1170 hyperbolici)
564 1088 649 1151 unice
678 1091 830 1151 confluunt
839 1109 848 1163 ;
879 1089 1045 1172 hyperbole
1068 1109 1198 1170 eousque
1223 1091 1398 1153 continuata
1421 1089 1492 1162 erit,
1526 1079 1561 1150 ιιι
1591 1088 1696 1151 radius

337 1186 506 1256 expuncto
530 1197 582 1238 seu
612 1188 715 1239 centro
738 1179 794 1239 buc
817 1177 846 1238 in
871 1179 1094 1258 contingentem
1119 1189 1283 1241 extremum
1307 1178 1488 1259 hyperboles
1509 1176 1604 1239 iaciat
1635 1197 1693 1238 an·

336 1268 436 1345 gulam
456 1264 517 1328 27⁰
530 1265 657 1345 ideoque
683 1267 893 1329 refractionem
908 1263 1027 1329 circiter
1042 1263 1071 1341 9,
1096 1275 1131 1330 ut
1150 1269 1188 1330 ad
1208 1261 1315 1350 30¹1,⁰
1337 1266 1466 1328 habeam
1485 1265 1515 1326 in
1540 1263 1694 1345 utriusque

336 1355 441 1416 lateris
465 1355 645 1417 refractione
670 1357 792 1428 extima,
817 1355 846 1416 in
870 1356 1057 1419 intermediis
1080 1357 1347 1438 proportionaliter
1369 1355 1478 1418 minus.

423 1441 503 1516 Quia
526 1463 597 1505 vero
621 1445 708 1506 unius
732 1446 835 1523 puncti
858 1445 894 1505 de
919 1463 950 1506 re
975 1447 1091 1507 lucente
1117 1453 1180 1508 tam
1204 1453 1321 1508 remota
1343 1443 1530 1506 radiationes
1552 1439 1689 1520 proxime

332 1533 497 1610 parallelae
530 1533 714 1596 descendunt
737 1535 775 1594 sd
805 1535 976 1610 umbonem,
1009 1541 1080 1613 post
1113 1554 1199 1616 quem
1231 1539 1450 1614 convergentas
1474 1531 1505 1593 in
1533 1529 1689 1592 humorem

333 1621 409 1681 oculi
433 1621 639 1703 crystallinum
662 1621 805 1695 incidunt,
830 1623 905 1684 adeo
925 1629 957 1684 ut
981 1631 1052 1702 post
1074 1625 1282 1706 crystallinum
1301 1625 1385 1684 sacta
1407 1617 1588 1682 refractione
1612 1637 1687 1680 con-

332 1718 453 1770 currant
475 1711 504 1770 in
528 1717 639 1789 puncto
663 1711 798 1789 proxime
814 1711 1030 1792 crystallinum,
1055 1719 1086 1772 et
1110 1715 1148 1775 ab
1173 1733 1208 1774 eo
1233 1733 1265 1774 se
1288 1729 1404 1774 rursum
1427 1709 1568 1782 dilatent,
1594 1707 1690 1768 donec

332 1798 362 1862 in
387 1797 571 1859 retiiormem
594 1798 719 1860 veniant
743 1800 807 1878 jam
841 1801 961 1862 dilatati
990 1801 1085 1862 instar
1117 1801 1263 1881 penicilli‚
1297 1809 1389 1880 atque
1416 1799 1462 1860 ita
1490 1815 1544 1876 pro
1567 1795 1690 1876 punctis

332 1887 420 1948 lunae
439 1885 567 1966 singulis
583 1886 718 1966 singulae
738 1888 898 1950 retiibrmis
917 1889 1108 1952 illustrantur
1128 1889 1310 1970 superficies,
1330 1887 1405 1950 adeo
1421 1894 1456 1950 ut
1474 1883 1687 1946 confusissime

331 1975 385 2035 dat
407 1973 503 2036 visio:
538 1976 604 2038 ideo
629 1977 669 2037 ed
696 1976 811 2059 oculum
840 1977 1001 2056 cujuslibet
1033 1979 1200 2058 spectantis
1227 1978 1409 2058 peculiarem
1431 1994 1487 2055 pro
1511 1973 1688 2036 diversitate

332 2063 483 2125 oculorum
508 2063 656 2126 adhibebo
688 2066 798 2127 lentem
822 2085 943 2140 cavam,
972 2075 1006 2129 ut
1033 2075 1251 2148 convergentes
1274 2067 1361 2128 unius
1384 2065 1486 2144 puncti
1511 2061 1588 2124 radii
1611 2081 1686 2124 con-

331 2151 425 2212 traria
448 2151 627 2214 refractione
651 2154 680 2214 in
704 2171 778 2216 cavo
803 2153 885 2217 sacta
908 2155 1126 2236 prohibeantur
1152 2175 1348 2235 convergere,
1379 2153 1434 2214 sed
1457 2151 1558 2234 potius
1582 2152 1685 2214 diver·

331 2247 438 2317 gentes
462 2247 494 2299 st
517 2239 561 2300 sic
584 2241 668 2303 velut
695 2242 734 2304 ab
766 2241 865 2322 aliquo
897 2244 1062 2324 propinquo
1095 2253 1206 2327 puncto
1239 2245 1395 2306 venientes
1419 2243 1449 2304 in
1478 2241 1686 2323 crystallinum

329 2326 464 2388 incidant
490 2345 601 2408 perque
630 2348 695 2391 eum
728 2331 851 2393 refracti
875 2332 905 2392 ιι
929 2332 1073 2396 retiformi
1097 2337 1165 2414 ipsa
1195 2333 1360 2396 sortiantur
1388 2351 1443 2392 sua
1476 2329 1686 2392 collectionum

329 2421 441 2494 puncta
442 2501 469 2566 O
485 2436 561 2496 quae
576 2417 708 2482 delinitio
728 2427 777 2480 est
790 2419 914 2482 visionis
929 2422 1102 2486 distinctae.
1137 2421 1222 2494 Quae
1238 2421 1337 2484 omnia
1355 2419 1559 2482 demonstravi
1574 2438 1606 2499 p.
1622 2414 1686 2482 256

331 2521 417 2566 meae
470 2506 578 2584 ptices.

417 2592 521 2673 Atque
545 2594 620 2657 haec
639 2596 675 2656 de
699 2595 898 2660 instrumento
913 2598 989 2679 ipso.
1026 2599 1096 2662 Jam
1116 2600 1194 2679 quod
1212 2617 1297 2660 usum
1316 2598 1380 2678 ejus
1400 2595 1520 2672 attinet,
1545 2603 1685 2675 argutum

327 2699 401 2744 sane
434 2689 483 2744 est
514 2682 668 2746 inventum
704 2693 805 2761 tuum,
845 2689 992 2767 quomodo
1016 2695 1232 2768 cognoscatur,
1266 2694 1381 2768 quanta
1412 2686 1466 2748 fiat
1501 2703 1601 2748 rerum
1632 2703 1686 2764 per

327 2770 557 2834 instrumentum
587 2774 742 2853 ampliatio
767 2783 797 2836 et
822 2777 968 2854 quomodo
997 2779 1117 2857 singula
1139 2777 1170 2840 in
1194 2778 1279 2839 coelo
1302 2776 1416 2838 minuta
1444 2775 1683 2854 minutorumque

324 2867 430 2938 partes
455 2861 593 2940 dignosci
615 2857 779 2941 possint‘)
813 2863 882 2934 Qua
904 2866 935 2928 iu
958 2885 990 2928 re
1015 2886 1080 2928 cnm
1105 2867 1133 2928 in
1157 2873 1309 2928 certamen
1333 2865 1437 2926 veniat
1459 2862 1609 2926 industria
1632 2871 1686 2924 tua

327 2967 393 3010 cum
417 2947 567 3029 Tychonis
589 2951 701 3013 Brnhei
726 2952 754 3013 in
785 2953 974 3017 observando
1003 2955 1181 3018 certitudine
1210 2953 1455 3030 accuratissima,
1484 2972 1543 3014 nou
1571 2952 1627 3014 abs
1651 2971 1684 3014 re

327 3035 417 3097 fuerit
448 3037 559 3116 aliquid
593 3038 761 3120 interloqui.
808 3041 932 3104 Memini
956 3063 1022 3106 eum
1049 3044 1217 3125 polyhistor
1244 3044 1298 3105 ille
1328 3041 1520 3106 scientiarum
1553 3041 1683 3103 omnium

324 3122 374 3184 Jo.
397 3123 546 3186 Pistorius
562 3122 587 3199 ⁸)
613 3147 650 3188 err
673 3147 720 3190 ιιι
744 3140 902 3209 quaereret
925 3152 982 3195 non
1007 3153 1065 3195 una
1082 3133 1158 3207 vice,
1182 3151 1252 3194 num
1276 3133 1351 3196 adeo
1370 3133 1493 3194 limatae
1518 3131 1579 3194 sint
1600 3129 1681 3192 Bra·

326 3211 441 3272 heanae
465 3213 707 3292 observationes,
732 3226 767 3279 ut
787 3220 877 3298 plane
906 3221 979 3284 nilril
1003 3222 1031 3282 in
1056 3221 1093 3282 iis
1117 3221 1283 3284 desiderari
1310 3241 1401 3302 posse
1429 3219 1558 3303 putem?
1592 3220 1682 3282 valde

326 3317 373 3360 me
389 3302 589 3374 contendisse,
614 3311 734 3366 ventum
751 3326 817 3368 esse
834 3309 872 3370 ad
887 3329 1032 3373 summum
1047 3329 1102 3374 nec
1121 3311 1256 3374 relictum
1272 3331 1340 3374 esse
1355 3311 1512 3392 quicquam
1534 3309 1683 3371 humanae

325 3387 510 3488 industriae,
545 3409 610 3451 cnm
644 3411 699 3454 nec
729 3396 807 3457 oculi
843 3399 987 3477 majorem
1011 3400 1111 3462 ferant
1141 3399 1356 3477 subtilitatem,
1389 3419 1444 3463 uec
1468 3401 1682 3464 refractionum

326 3484 481 3555 negotium
514 3477 643 3541 siderum
668 3481 734 3542 loca
756 3494 896 3564 respectu
928 3487 1092 3550 horizontis
1122 3495 1205 3552 statu
1238 3507 1378 3564 movens;
1411 3497 1501 3570 atque
1525 3489 1573 3552 hic
1595 3490 1683 3552 illum

324 3573 430 3626 contra
463 3567 707 3631 constantissime
745 3557 928 3647 aifirmasse,
960 3585 1117 3640 venturum
1150 3577 1235 3652 olim,
1271 3579 1320 3657 qui
1352 3578 1592 3658 perspicillorum
1624 3595 1682 3656 ope

324 3654 510 3715 subtiliorem
532 3656 649 3735 aperiat
667 3660 858 3737 methodum;
882 3666 929 3726 cui
950 3685 1005 3745 ego
1027 3666 1224 3730 retractiones
1247 3667 1486 3746 perspicillorum
1507 3677 1541 3731 ιι
1559 3669 1681 3749 ineptas

323 3743 362 3804 ad
385 3743 642 3807 observationum·
656 3750 865 3813 certitudinem
893 3755 1026 3834 opposui.
1073 3755 1118 3818 At
1145 3774 1221 3817 nunc
1250 3756 1368 3819 demum
1391 3757 1494 3830 video,
1523 3777 1626 3822 verum
1650 3759 1681 3822 in

322 3839 409 3911 parte
441 3841 543 3895 vatem
574 3835 666 3896 fuisse
692 3839 861 3902 Pistorium.
908 3845 997 3922 Ipsae
1027 3844 1146 3923 quidem
1168 3843 1281 3906 Brahei
1309 3845 1537 3910 observationes
1568 3867 1680 3928 perse

323 3927 408 3982 stant
431 3921 601 4002 habentque
625 3945 709 3988 suam
733 3929 861 3991 laudern.
899 3932 979 3993 Nam
1003 3932 1074 4012 quid
1097 3933 1139 3994 sit
1160 3933 1189 3994 iu
1214 3933 1298 3995 coelo
1322 3953 1408 3996 arcus
1429 3930 1497 4012 60⁰,
1524 3938 1594 4018 quid
1613 3932 1678 4014 34‘,

323 4009 378 4071 hoc
411 4009 485 4072 solis
519 4011 630 4076 Brahei
664 4016 870 4081 instrumentis
903 4019 1064 4082 innotescit
1079 4016 1116 4094 ⁸).
1172 4021 1216 4083 At
1248 4022 1298 4084 ubi
1330 4023 1466 4086 Braheus
1499 4025 1556 4088 hoc
1588 4035 1680 4106 pacto

322 4099 433 4176 gradus
458 4101 607 4164 coelestes
632 4105 695 4175 (vel
719 4107 810 4169 etiam
835 4126 891 4188 ego
919 4127 985 4171 meo
1014 4107 1140 4170 artificio
1171 4110 1271 4190 optino
1295 4109 1399 4174 Lunae
1427 4114 1623 4189 diametrum)
1647 4117 1680 4177 in

322 4186 405 4248 coelo
436 4188 580 4250 fuerimus
614 4192 754 4266 dimensi,
784 4197 849 4275 jam
882 4197 1096 4278 superveniens
1126 4205 1208 4260 tuum
1239 4198 1378 4262 Galilaea
1409 4203 1613 4282 perspicillum
1648 4213 1681 4266 et

323 4277 523 4354 quantitatem
552 4277 635 4341 illam
660 4303 679 4342 s
705 4284 826 4346 Braheo
860 4293 892 4346 et
923 4307 941 4346 a
970 4305 1017 4348 me
1047 4285 1195 4367 proditam
1228 4289 1447 4369 complectens,
1481 4291 1679 4356 subtilissime

321 4363 403 4425 illam
427 4365 456 4425 in
483 4365 596 4429 minuta
620 4377 651 4430 et
678 4372 858 4434 minutorum
886 4367 1203 4459 partes'snbdividitl,
1236 4395 1363 4458 seseque
1391 4379 1502 4442 Brahei
1536 4382 1677 4478 metquo

321 4450 501 4515 observandi
524 4456 751 4536 elegantissimo
775 4463 911 4542 conjugio
936 4464 1079 4539 associat,
1105 4471 1138 4526 ut
1162 4473 1193 4526 et
1216 4466 1353 4528 Brabeus
1377 4467 1442 4546 ipse
1466 4469 1592 4546 haheat,
1618 4489 1676 4552 quo

321 4548 375 4601 tua
408 4541 628 4608 observationis
649 4551 802 4632 ⁴methodo
833 4553 966 4630 gaudeat
998 4561 1030 4614 et
1063 4561 1095 4614 tu
1125 4560 1208 4616 tuam
1239 4573 1276 4616 ex
1306 4555 1469 4618 Braheana
1504 4558 1676 4622 necessario

320 4627 463 4730 instruas.
501 4631 559 4694 Vis
579 4635 676 4698 dicam
696 4640 773 4718 qnod
794 4641 914 4702 sentio?
938 4639 1020 4720 Opto
1035 4633 1209 4722 mibiltuum
1227 4641 1457 4707 instrumentum
1476 4647 1507 4708 in
1526 4649 1676 4728 eclipseos

320 4715 451 4778 Lunarrs
480 4725 753 4803 contemplatione:
783 4747 936 4808 sperarem
960 4749 997 4790 ex
1022 4723 1352 4813 eonraestantissima
1379 4735 1533 4812 praesidia
1556 4738 1596 4800 ad
1617 4755 1676 4800 ex-

319 4802 506 4881 poliendum,
536 4819 584 4908 est
608 4811 659 4874 uhi
681 4820 713 4875 ιι
740 4817 960 4880 reformandum
988 4825 1085 4882 totum
1107 4818 1312 4900 Hipparchum
1335 4839 1446 4900 menm,
1470 4842 1524 4886 seu
1547 4827 1675 4892 demon·
