3464 5524
684 333 846 388 Praemium.
1425 337 1445 406 5

872 416 887 450 fl

28 551 32 558 ·
106 517 148 578 bes
167 522 249 595 typos
272 513 474 578 schematum
497 513 611 594 ligneos
635 510 775 586 tradidit,
800 530 896 592 usque
919 529 991 574 vcro
1014 513 1052 576 ah
1067 513 1182 594 bispro
1206 513 1358 586 laboribus
1378 516 1443 580 suia

107 605 170 664 aliud
189 603 317 682 accepit,
355 623 451 684 quam
473 603 587 684 aliquot
609 600 793 680 exemplaria
815 600 883 663 libri
912 600 1060 680 impressi.
1107 603 1285 684 Rudolphus
1308 621 1363 682 pro
1387 605 1471 666 de·¹
1542 605 1546 615 '

104 692 232 754 ditatione
255 692 386 755 donavit
409 693 469 774 ipsi
496 689 557 756 100
579 689 750 771 imperiales
757 707 765 762 ;
788 690 940 752 Bavariae
954 689 1088 766 Elector,
1114 692 1160 754 cui
1183 693 1358 762 Herwartus
1382 692 1443 756 lib·

103 801 152 843 mm
171 780 284 842 nomine
320 790 356 842 et
382 783 474 862 jussu
496 780 619 858 Kepleri
648 777 830 851 tradiderat,
868 777 908 841 12
932 779 1076 854 florenos,
1110 799 1184 860 qnos
1208 781 1383 844 Herwartus
1407 783 1446 844 ad

102 889 227 934 mursam
243 864 265 932 6
280 869 465 932 ducatorum
481 869 582 944 auxlt3
606 873 731 930 senatus
751 885 822 926 vero
837 866 1048 946 Tubicgensis,
1072 869 1118 930 cui
1133 868 1314 931 Maestlinus
1338 868 1446 932 librum

102 959 208 1032 obtulit,
230 957 310 1020 bene
336 957 515 1038 compositis
537 957 638 1019 verbis
662 954 778 1034 gratias
802 955 877 1034 agit,
901 963 1040 1034 paratum
1063 975 1097 1018 sc
1112 957 1276 1036 praebens,
1301 957 1328 1019 si
1352 977 1445 1020 cooa-

102 1048 137 1110 sio
157 1068 186 1109 se
208 1047 347 1115 dederit,
371 1049 490 1127 gratias
512 1046 648 1108 reddere.
686 1043 845 1106 Dedicatio
870 1044 970 1123 operis
995 1044 1159 1109 Caesarem
1180 1048 1255 1108 forte
1279 1046 1394 1108 monuit
1407 1047 1445 1108 ds

101 1137 195 1198 salario
217 1135 346 1215 Kepleri
370 1137 505 1209 modico,
535 1137 571 1196 de
605 1153 662 1214 quo
686 1152 714 1194 v.
738 1151 764 1196 c.
785 1151 867 1212 ,anno
895 1129 986 1198 1603.
1035 1133 1207 1214 Septembri
1238 1147 1341 1197 mense
1371 1135 1445 1198 nihil

102 1234 244 1304 acceperat
266 1233 464 1287 astronomus
495 1221 684 1295 Caesareus,
718 1222 796 1302 quod
826 1222 906 1282 haud
930 1224 1056 1284 obscure
1089 1229 1210 1302 spectat
1237 1223 1336 1285 verbis
1364 1224 1446 1288 circa

100 1315 173 1374 inem
197 1311 417 1376 dedicationis:
451 1330 637 1393 nequaquam
668 1310 859 1372 metuendum
893 1311 965 1385 erit,
998 1329 1035 1372 ne
1059 1331 1079 1372 a
1101 1331 1169 1376 meo
1201 1329 1322 1374 munere
1346 1312 1443 1377 indi-

99 1403 217 1480 gentia
239 1417 289 1464 me
315 1403 396 1464 lame
416 1409 620 1481 expugnatum
643 1399 766 1478 dejiciat
789 1400 843 1460 liro.

171 1525 280 1575 Prinrum
301 1501 395 1575 adiisse
411 1524 547 1586 Keplsrum
566 1523 674 1587 opticam
700 1537 766 1572 anno
786 1519 855 1571 1000
873 1523 1078 1587 supradiximus.
1117 1521 1297 1572 observaturus
1317 1519 1444 1573 Sclls'ds·

99 1595 182 1657 llqcinm
202 1594 243 1644 ro.
256 1597 309 1646 lul.
329 1593 396 1644 1000
414 1596 522 1646 confecit
545 1596 751 1649 instrumentum,
779 1594 845 1656 quod
871 1595 1000 1659 descripsit
1023 1595 1050 1643 in
1077 1593 1169 1658 Optica
1186 1592 1261 1656 (Gap.
1274 1589 1345 1652 XL),
1374 1596 1444 1656 cujm

98 1666 246 1718 mancones
266 1667 397 1717 edculans
424 1665 530 1730 illudque
556 1666 588 1714 ed
606 1665 769 1714 dimetiendas
789 1663 852 1714 Solis
872 1673 898 1716 et
917 1665 1003 1716 Lunae
1030 1665 1162 1714 diametros
1181 1670 1271 1728 aptans
1290 1664 1323 1714 ad
1342 1662 1444 1728 Optices

100 1738 246 1788 fundamenta
264 1739 390 1790 adductus
409 1745 454 1788 est.
491 1737 526 1788 Ut
543 1741 641 1800 gratum
660 1751 687 1785 se
705 1731 835 1799 praeheret
860 1738 963 1801 principi
981 1735 1151 1791 Fordiuando,
1179 1734 1311 1784 Archiduci
1330 1736 1445 1784 Ausones

98 1813 140 1857 tum
155 1809 243 1859 Gratiis
262 1809 388 1868 versanti,
418 1809 496 1858 literis
514 1807 581 1856 illum
600 1807 663 1856 adiit
680 1805 819 1869 Keplerus,
842 1809 868 1857 in
887 1807 973 1872 quihus
991 1807 1074 1867 reiert,
1094 1822 1158 1870 qnae
1174 1803 1262 1868 ll'ycho
1281 1807 1306 1854 iu
1326 1812 1442 1854 astrono-

98 1879 155 1928 nieir
170 1883 339 1944 praestiterit,
368 1893 432 1944 quas
450 1881 503 1943 lpse
520 1881 547 1927 in
564 1878 611 1926 illis
630 1877 787 1926 reformande
806 1885 921 1936 censeat,
945 1891 1058 1943 quaeque
1075 1879 1101 1927 in
1119 1878 1227 1942 proxime
1246 1881 1379 1940 exmctsto
1398 1877 1441 1927 ds·

98 1949 158 2012 liscio
174 1951 237 2002 Solle
255 1951 412 2002 obsemanda
429 1953 486 2000 rint.
523 1946 695 1999 Desum'simus
713 1947 759 1998 has
777 1949 862 2000 literas
881 1963 896 1999 e
913 1948 974 2000 Mna.
994 1949 1093 2014 Petrop.
1112 1948 1169 2000 Vol.
1179 1947 1234 2000 XV.
1254 1949 1398 2012 inscriptas:

99 2108 296 2174 &nummo
319 2111 474 2192 Pidaoipi
496 2119 524 2174 et
546 2108 699 2172 Domino.
745 2107 793 2172 D.
818 2109 1047 2185 Fordinmcdo,
1080 2109 1257 2191 Arcdiduoi
1279 2107 1443 2180 sacam,

99 2213 385 2298 buciBmgundiae,
411 2217 548 2300 Styriae,
574 2214 767 2290 Corinthiae,
793 2214 955 2280 Oarniolae
979 2223 1011 2278 et
1033 2214 1304 2294 Wirteurbergiae,
1330 2212 1442 2279 Comiti

553 2304 673 2386 Tyr-olis
697 2311 728 2364 et
752 2303 890 2369 Goritiae
914 2307 969 2368 hc.

515 2413 645 2475 Domino
668 2433 735 2475 meo
760 2415 1007 2478 clementissimo.

172 2553 351 2634 liudolphus
381 2555 421 2618 ΙΙ.
456 2555 662 2619 Romauomm
693 2555 862 2636 Imperator
893 2556 1139 2638 potentissimus,
1178 2550 1332 2616 Patruslis
1371 2557 1441 2614 tuus

101 2637 284 2707 serenissime
318 2645 478 2727 Princeps,
517 2643 680 2708 immortali
712 2645 855 2708 beneficio
888 2647 1100 2726 posteritatem
1135 2662 1254 2708 omnem
1282 2639 1440 2710 demeruit,

101 2733 232 2796 aoeemilc
254 2735 284 2796 in
310 2733 506 2798 Germaniam
530 2734 672 2815 Tychcrm
695 2734 812 2810 Brahe,
845 2735 946 2798 Nobili
970 2737 1073 2810 Dauo,
1108 2734 1159 2815 qui
1188 2733 1218 2793 iu
1246 2729 1347 2792 insula
1370 2727 1440 2792 freti

101 2817 191 2884 [larici
206 2823 351 2897 liusena,
377 2825 549 2886 lectissimis
565 2843 636 2886 usus
660 2823 874 2898 instrumentis,
900 2825 1051 2904 regiisque
1075 2823 1223 2886 sumtibus
1237 2817 1384 2880 Friderici
1399 2817 1438 2878 ll.

101 2907 237 2973 Dauomm
259 2912 356 2993 Regis
379 2932 409 2992 p.
434 2933 473 2977 m.
498 2914 631 2993 adjutus,
656 2919 788 2974 motuum
816 2913 991 2975 coelestium
1013 2911 1185 2986 historiam,
1210 2927 1299 2988 quam
1323 2904 1469 2991 Obser-=

100 2999 223 3061 rationes
250 3003 422 3081 appellant,
456 3022 511 3081 per
542 3021 638 3063 anuos
665 3001 771 3081 viginti
804 3003 986 3082 praeteritos
1018 3003 1153 3078 utitem,
1167 3002 1368 3066 voluminibus
1391 3003 1458 3066 est

101 3090 256 3168 complexus
279 3089 449 3153 incredibili
473 3091 631 3169 diligentia
653 3098 685 3152 et
708 3091 887 3165 subtilitate,
911 3100 1049 3156 naturam
1067 3111 1165 3172 paene
1180 3093 1278 3173 ipsam
1293 3109 1440 3172 superans

101 3183 127 3236 et
145 3197 229 3259 super
249 3179 297 3242 his
311 3199 377 3241 ⁴ceu
400 3179 595 3242 fundamento
619 3179 797 3255 firmissimo,
824 3179 967 3244 Caesaris
991 3181 1149 3262 auspiciis,
1174 3203 1193 3244 a
1216 3201 1273 3262 quo
1297 3181 1358 3244 tria
1379 3183 1439 3246 llo·

101 3283 222 3330 renerum
254 3268 349 3330 millia
382 3268 494 3348 accipit
524 3268 691 3342 annuatim,
729 3270 943 3334 astronomiam
967 3272 1004 3333 de
1027 3289 1105 3333 noro
1128 3269 1267 3334 exstruit.
1313 3271 1439 3334 Iduum

101 3371 148 3432 ego
172 3355 402 3431 intellexissem,
433 3357 505 3419 nihil
528 3356 612 3437 prius
636 3356 742 3431 habui,
778 3379 865 3438 quam
889 3368 924 3420 ut
950 3360 1007 3423 hoc
1030 3359 1232 3422 laudatissimi
1254 3359 1439 3422 Monarohae

101 3440 226 3507 benaicio
248 3445 365 3526 hacque
389 3447 447 3508 loci
472 3446 696 3525 opportunitate
720 3447 798 3510 inter
819 3449 932 3528 primos
956 3451 1080 3524 fruerer,
1105 3456 1137 3510 et
1158 3447 1267 3512 itinere
1290 3448 1320 3509 in
1333 3441 1437 3512 Bobe-

102 3529 178 3593 miam
207 3541 364 3614 suscepto,
397 3535 614 3604 Astronomise
647 3554 734 3616 quem
768 3556 836 3599 amo
867 3546 899 3599 et
922 3539 988 3602 colo
1017 3544 1183 3600 renovatae
1206 3538 1334 3600 lemnam
1357 3537 1438 3618 apud

102 3617 255 3699 'Pythonem
277 3641 501 3703 cognoscerem.
534 3623 646 3687 Itinere
669 3644 724 3704 per
737 3625 796 3688 Dei
819 3627 947 3705 gratiam
971 3627 1101 3690 feliciter
1123 3628 1262 3690 coniecto
1285 3645 1352 3690 cum
1365 3644 1438 3688 cura

101 3725 140 3769 roe
160 3711 345 3786 incessisset,
371 3731 500 3792 quonam
523 3713 713 3792 potissimum
738 3716 939 3778 astronomico
963 3735 1085 3780 munere
1108 3715 1240 3778 reditum
1262 3733 1360 3780 meum
1376 3713 1436 3778 Se·

102 3795 259 3862 renissimae
274 3799 455 3865 celsitudini
479 3809 550 3864 tuae
565 3803 821 3866 commendarem:
846 3811 966 3885 tempus
990 3805 1087 3884 ipsum
1110 3825 1158 3867 me
1173 3804 1295 3886 deliquii
1309 3801 1435 3874 Solaria,

101 3887 167 3964 quod
187 3889 357 3952 boemense
381 3892 513 3954 fcturum
537 3899 594 3966 est,
620 3891 781 3954 admonuit.
828 3894 924 3973 Igitur
947 3895 1006 3956 etsi
1029 3894 1162 3958 Lunarie
1185 3893 1335 3976 habenis
1358 3911 1436 3954 ncu-

101 3975 158 4044 dum
179 3978 278 4041 videre
301 3979 401 4060 potui,
426 3997 560 4060 quaeque
583 3980 655 4042 mihi
678 3987 752 4043 nota
774 3989 845 4044 sunt
868 3983 906 4044 ad
931 3983 1059 4062 eclipses
1082 3983 1300 4062 computandas
1324 3981 1435 4042 funda·

101 4071 202 4141 menta,
237 4085 274 4129 ea
297 4075 439 4130 oretenus
463 4076 580 4132 tantum
604 4069 721 4148 accepi,
753 4076 853 4132 tamen
872 4072 916 4136 ad
940 4073 1087 4134 calculum
1111 4072 1241 4146 accessi,
1275 4088 1342 4132 cum
1365 4069 1436 4149 quia
1487 4139 1488 4144 ἵ

102 4150 234 4218 luculenta
252 4165 303 4219 est
317 4157 472 4236 eclipsiurn
489 4157 618 4220 materia
636 4158 785 4238 dignaque
800 4159 940 4240 maxime
955 4179 1043 4242 quam
1058 4179 1160 4223 omnes
1174 4159 1318 4233 homiues,
1342 4175 1434 4239 prae-2

98 4239 168 4320 cipue
188 4243 288 4326 Reges
312 4254 346 4307 et
368 4245 526 4327 Principes
550 4245 710 4325 diligenter
741 4247 926 4321 intueantur,
961 4257 1025 4312 tum
1053 4251 1146 4314 etiam
1177 4248 1247 4328 quia
1269 4265 1375 4327 spero,
1408 4246 1436 4310 si

97 4327 165 4392 Dens
186 4353 320 4398 serenum
344 4334 503 4414 indulgeat
517 4334 604 4398 nohis
628 4341 744 4406 adrem,
769 4356 806 4397 ex
830 4338 994 4402 artificiosa
1012 4339 1150 4401 deiectus
1173 4337 1262 4417 huJus
1286 4336 1434 4399 observa·

98 4417 179 4493 tione,
200 4443 287 4504 quam
311 4423 457 4498 meditor,
482 4423 632 4504 'l‘ychonis
651 4425 677 4485 si
701 4433 862 4504 quaesunt
880 4427 1075 4506 imperfectae
1100 4426 1197 4488 adhuc
1220 4426 1433 4489 circaLuuem

97 4503 274 4588 hypotheses,
305 4532 366 4574 uon
397 4512 587 4574 mediocriter
611 4514 710 4594 julum
738 4513 788 4589 iri,
819 4533 895 4594 quae
926 4533 997 4578 vero
1029 4516 1057 4578 is
1076 4516 1142 4596 jam
1165 4521 1200 4577 ut
1223 4521 1308 4578 certa
1330 4533 1432 4578 secum

96 4601 246 4678 mustituit,
271 4601 438 4664 manifesto
461 4601 665 4681 experimento
688 4601 809 4682 probari
832 4623 934 4684 posse.
1403 4635 1423 4662 ,-

166 4689 232 4753 Elei
255 4689 337 4752 euim
369 4691 513 4770 maj0rom
545 4691 575 4752 in
608 4691 797 4754 observando
831 4692 1018 4772 diligentiam
1040 4691 1255 4774 utplurimum
1277 4685 1344 4773 ipso
1367 4692 1429 4771 Ty·

95 4771 172 4839 chone
193 4795 279 4842 nemo
303 4797 435 4860 unquam
458 4779 505 4841 vel
534 4778 671 4842 adhibuit
704 4780 752 4842 vel
781 4781 923 4843 adhibere
953 4786 1071 4860 potest,
1096 4781 1184 4844 Luna
1206 4787 1308 4844 tamen
1331 4787 1431 4842 motus

95 4862 245 4944 electam,
271 4867 355 4932 falsa
378 4867 457 4934 situs
479 4868 597 4949 specie,
622 4869 791 4948 splendoris
806 4870 915 4932 diffirsa
932 4868 1046 4932 luxurie
1061 4876 1094 4932 et
1116 4869 1205 4933 faciei
1228 4868 1431 4934 inconstantia
