3476 5532
389 271 454 338 770
909 272 1025 326 Nauaris
1043 273 1212 326 &uouendas
1241 313 1246 324 .

389 459 472 516 esset
495 453 672 533 sculpturas,
697 451 727 513 id
750 451 875 516 subinde
895 473 961 517 curn
979 453 1062 517 coelo
1086 453 1289 528 conferretur3
1314 454 1392 534 qnod
1418 453 1662 537 diligenterallpp]

388 543 577 624 praestitum.
625 539 741 603 Globus
764 543 815 605 ille
838 544 1004 624 perlectus,
1028 544 1142 622 regium
1166 563 1238 604 sane
1261 563 1381 619 munus,
1408 564 1428 604 a
1451 543 1619 624 Landgrario
1635 546 1670 608 Gn·

389 634 488 696 lichno
518 629 714 694 transmissus
743 641 791 694 est
819 633 857 694 ad
881 631 1043 696 Caesarem
1067 632 1257 712 Rudolphum
1279 641 1442 714 exstatque
1466 634 1557 696 adhue
1582 634 1670 696 hodisir

390 721 565 802 Majestatis
597 739 669 781 suaa
701 718 862 784 thesauris.
911 723 986 802 Ejus
1020 721 1126 784 similis
1159 722 1237 783 alter
1269 729 1339 784 tunc
1367 723 1483 804 Byrgio
1513 723 1562 784 sub
1589 724 1670 784 nauita

390 811 565 873 versabatur
604 810 793 890 ⁴donatusque
834 811 892 873 luit
926 811 1015 891 paulo
1052 819 1123 890 post
1153 810 1358 873 Maximiliano
1396 812 1556 874 Archidnci
1581 811 1670 873 casei

390 898 560 963 transeunti
584 919 602 960 a
624 897 819 977 Landgravio
841 899 996 962 Mauricio.
1019 932 1060 942 -
1102 899 1198 978 Igitur
1219 900 1364 982 Byrgins,
1389 902 1442 983 qui
1466 900 1576 962 stellam
1594 902 1670 962 banci:

393 988 484 1053 Olore
507 1007 562 1072 pro
585 989 674 1051 Nova
697 990 880 1052 celebratam
903 989 932 1050 in
956 989 1099 1052 mernorla
1122 1009 1176 1050 sua
1199 1007 1256 1050 non
1281 989 1466 1064 inveniebat,
1491 990 1527 1050 ad
1548 991 1610 1052 huno
1627 1013 1670 1051 sunt

392 1079 512 1160 globum
534 1077 721 1157 provocabat
744 1078 950 1141 securissime:
980 1099 1038 1140 non
1062 1097 1131 1139 vero
1160 1078 1311 1140 inventam
1336 1080 1365 1141 in
1389 1080 1544 1158 sculptura
1564 1080 1642 1151 reteri,
1658 1081 1670 1138 d

352 1217 356 1227 .
392 1169 474 1249 cujus
497 1167 657 1246 diligentia
680 1175 743 1229 tarn
775 1176 874 1232 certus
903 1176 982 1242 erat,
1015 1175 1182 1229 atramento
1215 1167 1332 1229 notavit
1354 1188 1409 1231 suo
1435 1169 1511 1230 loco.
1554 1167 1670 1248 Factunql

391 1259 587 1338 paulopost,
612 1257 901 1338 utaLnndgravio
933 1257 1092 1319 vacatione
1127 1257 1300 1337 impetrata,
1333 1258 1483 1320 transiret
1505 1257 1541 1318 ad
1562 1256 1670 1319 Caesurn

393 1355 483 1427 atque
515 1346 564 1409 hic
596 1348 754 1409 multorum
788 1347 1026 1410 admirandorum
1059 1364 1181 1426 operum
1204 1354 1236 1408 et
1264 1347 1293 1408 in
1323 1347 1371 1409 bis
1395 1348 1492 1409 etiarn
1523 1346 1612 1426 prioris
1633 1347 1670 1406 llo

392 1436 474 1518 globi
498 1455 517 1497 a
540 1454 572 1496 se
596 1436 669 1498 iacti
692 1436 873 1516 reparationi
897 1455 999 1500 curam
1021 1435 1222 1514 impenderet:
1247 1435 1358 1498 nnllam
1381 1436 1479 1516 igitur
1493 1455 1544 1497 nec
1558 1435 1599 1496 hic
1616 1435 1670 1513 gleb

391 1534 516 1606 praeter
538 1523 753 1588 Ptolemaicam
777 1526 930 1606 antiquam
954 1525 1147 1604 spectandam
1172 1525 1255 1586 dedit
1277 1525 1306 1588 in
1330 1533 1455 1605 pectore
1480 1523 1581 1588 Oloris.
1617 1526 1670 1604 lup-2

396 1614 527 1697 Byrgius
551 1614 588 1675 de
612 1613 720 1676 stellae
743 1614 832 1694 hujus
856 1615 990 1676 novitate
1014 1613 1264 1676 confidentissime
1286 1615 1478 1695 pronunciat.

485 1703 644 1766 Addamus
668 1711 700 1764 et
721 1704 842 1766 tertium
866 1713 975 1766 testem
993 1702 1168 1766 loannem
1190 1703 1392 1785 Bayert‘rml
1416 1704 1454 1766 ld
1468 1704 1592 1784 proiecto
1606 1701 1670 1762 lanian

398 1792 478 1857 Nam
503 1793 581 1874 quod
605 1811 695 1873 supra
717 1793 794 1855 hunc
818 1794 897 1855 inter
920 1812 971 1854 eos
994 1791 1096 1862 retuli,
1129 1791 1177 1873 qui
1205 1789 1338 1874 inexact,
1368 1813 1495 1855 causam
1518 1793 1575 1872 ipse
1595 1789 1670 1869 praet:

395 1883 425 1944 in
457 1901 512 1944 sua
533 1881 756 1946 Uranometria.
802 1883 946 1962 Apertior
974 1882 1067 1943 multo
1098 1882 1154 1944 suit
1184 1880 1213 1943 in
1245 1881 1339 1944 literis
1370 1882 1410 1944 ad
1444 1899 1576 1961 magnum
1600 1879 1669 1957 aliqu:

395 1971 490 2034 virum
513 1971 645 2052 scriptis,
670 1989 792 2054 quarum
816 1972 903 2053 copia
926 1971 997 2034 mibi
1012 1972 1094 2034 lacta
1113 1979 1160 2033 est
1174 1971 1255 2032 nulla
1268 1990 1335 2032 curn
1349 1971 1541 2033 conditione:
1563 1989 1608 2050 quo
1622 1969 1668 2028 nio

396 2079 502 2122 vereor
525 2079 562 2122 ns
585 2060 657 2122 rnilri
680 2061 828 2122 irascatur
852 2070 965 2124 auctor.
1010 2061 1094 2124 Nihil
1122 2059 1199 2122 eninr
1228 2061 1328 2122 arcani
1358 2061 1534 2136 continent,
1563 2057 1668 2135 nihilqu:

398 2149 652 2212 existimationem
676 2149 772 2230 ipsius
792 2150 910 2225 laedat,
943 2150 1016 2212 nihil
1039 2150 1117 2231 quod
1139 2167 1197 2210 non
1221 2149 1336 2228 publice
1370 2149 1494 2212 intersit
1516 2149 1587 2210 sciri.
1621 2147 1663 2206 la

395 2239 475 2318 quod
490 2237 560 2301 mihi
575 2238 643 2302 illas
663 2239 881 2319 quodammodo
899 2239 1050 2302 vindicare
1065 2257 1203 2318 possum,
1227 2248 1259 2299 ut
1272 2238 1378 2320 quibus
1397 2237 1581 2300 occasionem
1595 2235 1660 2316 prad:

394 2327 533 2390 Venerat
564 2328 603 2388 ad
632 2328 775 2412 Byrgium
805 2326 960 2391 cassellas
996 2327 1081 2390 initio
1118 2327 1187 2389 anni
1220 2323 1313 2392 1602.
1351 2327 1462 2390 nobilis
1491 2328 1529 2390 D.
1559 2325 1664 2389 Francia

399 2415 543 2479 Gansneb
576 2416 674 2479 dictus
697 2417 880 2497 Tengnagel,
906 2417 1055 2500 'l’ychonis
1077 2416 1176 2479 Brahe
1200 2435 1307 2494 gener,
1340 2417 1428 2480 modo
1454 2415 1542 2480 Caes.
1565 2415 1664 2494 Majeeu

395 2505 641 2586 Appellationnrn
665 2503 880 2582 Consiliarius‚
911 2507 1041 2568 adducto
1064 2506 1180 2568 Joanns
1203 2505 1350 2580 Eriksen,
1374 2506 1425 2587 qui
1450 2506 1565 2568 Braheo
1585 2503 1663 2584 quon:

396 2596 435 2659 ab
460 2595 669 2659 astronomicis
692 2595 865 2658 ministeriis
889 2603 969 2670 erat3
993 2596 1014 2658 ii
1037 2595 1135 2658 edocti
1159 2615 1178 2656 a
1199 2594 1311 2678 Byrgio
1334 2596 1370 2657 de
1394 2597 1497 2669 stella,
1521 2614 1579 2657 curn
1598 2595 1618 2654 in
1634 2589 1665 2650 tls

398 2685 513 2748 frisiam
536 2685 623 2761 irent,
648 2703 709 2748 reru
734 2686 771 2746 ad
795 2685 943 2772 Davidem
966 2685 1134 2748 Fabricium
1163 2683 1313 2758 deferunt,
1336 2684 1495 2748 Fabricius
1518 2685 1563 2745 via
1581 2681 1660 2744 Haulr

395 2774 482 2854 gensi
490 2775 667 2855 perscripsit
677 2775 782 2838 eadem
792 2775 831 2836 ad
841 2774 1020 2836 Joestelium
1029 2774 1224 2854 Witebergae
1240 2774 1458 2836 matbematum
1472 2764 1656 2856 professoren;¹

394 2863 560 2928 Joestelius
583 2865 621 2925 ad
645 2883 691 2925 me
714 2865 855 2944 Pragam,
879 2883 934 2944 ego
958 2863 986 2926 in
1002 2864 1180 2937 Bavariam3
1204 2863 1247 2925 sic
1270 2883 1384 2926 rumore
1407 2862 1598 2930 Monacbinm.
1615 2859 1657 2919 dein

394 2952 565 3032 Augustam
588 2953 820 3029 communicato,
853 2961 978 3033 rogatur
1001 2963 1031 3014 et
1053 2953 1189 3033 Bayerus
1218 2953 1413 3026 sententiam,
1438 2961 1473 3016 ut
1496 2971 1576 3034 quern
1594 2949 1660 3011 scielr

394 3041 654 3117 Uranometriam,
688 3043 923 3105 oculatissimam
952 3061 1024 3104 sana
1056 3042 1138 3104 illam
1161 3042 1191 3103 in
1214 3043 1310 3104 stellis
1337 3043 1544 3116 recensendis,
1575 3049 1660 3101 unca

398 3129 535 3193 manibus
558 3131 689 3194 babere:
714 3151 789 3213 quae
813 3141 844 3194 et
868 3151 944 3194 anno
968 3132 1073 3194 statim
1101 3139 1244 3214 sequente
1271 3127 1363 3194 160³.
1386 3133 1417 3194 in
1443 3132 1584 3213 publicum
1605 3125 1660 3207 prul.

396 3217 568 3296 Respondit
591 3219 681 3300 igitur
704 3221 733 3283 in
758 3222 834 3284 hunc
858 3222 993 3283 modurn:
1025 3232 1069 3286 De
1104 3249 1174 3285 novo
1208 3232 1338 3288 Gallinae
1372 3249 1423 3287 seu
1458 3231 1546 3304 cygni
1575 3221 1656 3284 asucl

398 3323 506 3373 mature
527 3320 765 3384 commonefactus,
787 3329 844 3376 tarn
859 3323 893 3376 ob
913 3321 1042 3376 novitatis
1063 3321 1190 3376 invidiam
1211 3338 1292 3392 quarn
1311 3339 1458 3377 mearum
1481 3313 1574 3384 (uota)
1586 3322 1658 3376 deson

397 3399 528 3453 tionum
556 3400 726 3466 absentiam,
747 3419 807 3454 rem
825 3402 997 3456 cunctantius
1025 3417 1224 3472 aggressurus,
1250 3403 1333 3458 Plinii
1359 3421 1467 3474 quoque
1494 3399 1660 3458 resonans

286 3523 292 3542 ,
397 3478 534 3534 hominem
554 3478 583 3532 in
603 3479 700 3534 studiis
730 3491 886 3536 versantem
914 3483 1001 3537 minus
1032 3483 1163 3537 audacem
1187 3484 1276 3554 magis
1304 3485 1425 3538 timidum
1456 3483 1571 3554 requirit.
1603 3477 1659 3543 sep-,n

396 3566 472 3622 Junii
493 3573 523 3622 et
544 3567 652 3639 aliquot
679 3569 773 3624 diebus
799 3588 875 3642 seqq.
898 3571 1122 3644 σχεδιογραφιαν
1141 3571 1223 3642 hujus
1255 3562 1405 3634 (nimirum
1438 3571 1569 3643 paratam
1597 3557 1661 3618 haldi

394 3648 458 3730 jam
473 3647 597 3727 pridem,
609 3656 654 3710 *et
678 3657 711 3709 ut
726 3648 753 3709 in
771 3648 1000 3730 Uranograpbia
1023 3651 1075 3724 ait,
1098 3659 1201 3715 diutino
1221 3658 1332 3732 labore)
1358 3663 1569 3734 contemplatus,
1590 3659 1615 3711 ab
1630 3647 1660 3704 232¹

397 3739 492 3794 statim
519 3740 698 3812 peregrinam
722 3742 856 3811 quandam
882 3741 1001 3812 mihique
1029 3748 1185 3811 suspectam
1211 3743 1305 3797 notari
1333 3743 1487 3809 stellulam,
1513 3743 1576 3797 circs
1592 3741 1661 3808 quelli

398 3819 546 3874 solstitium
567 3822 701 3875 aestivum
723 3837 809 3892 usque
829 3821 926 3878 dubius
947 3821 1129 3876 haesitabam.
1174 3823 1262 3878 Oloris
1283 3823 1369 3896 igitur
1390 3841 1439 3879 seu
1453 3823 1520 3878 Aris
1538 3822 1603 3875 situm
1617 3809 1660 3867 ,aab

395 3927 507 3982 rumque
528 3910 602 3965 illius
628 3911 748 3981 positum
774 3914 919 3966 secundum
948 3912 1075 3967 classicos
1096 3913 1279 3968 astronomiae
1300 3916 1440 3978 doctores,
1468 3929 1528 3968 mea
1546 3910 1609 3964 etiarn
1623 3895 1659 3968 (pne

397 3991 534 4070 antiqua)
553 4001 733 4070 superaddita
754 4001 961 4066 observatione,
983 4007 1088 4074 quanta
1113 4003 1191 4072 potui
1219 4003 1373 4057 attentione
1386 3979 1430 4058 ’ad
1451 4019 1562 4076 unguen
1583 3984 1658 4080 delirat

396 4089 490 4144 inveni
515 4081 618 4157 (puta,
644 4079 726 4141 lacta
749 4080 909 4141 collatione
933 4081 1097 4142 coelicum
1121 4081 1176 4143 hac
1200 4082 1415 4155 delineatione)
1438 4093 1573 4147 secundun
1594 4083 1658 4148 ulti*

345 4155 351 4172 ⁸
400 4169 436 4223 17
456 4169 555 4222 atellae
582 4185 641 4222 cum
671 4170 776 4224 duabus
806 4171 980 4235 informibus,
1010 4177 1122 4241 praeter
1148 4171 1199 4226 luas
1229 4173 1304 4228 alind
1324 4173 1352 4228 in
1377 4173 1430 4226 dne
1462 4173 1522 4228 colli
1548 4162 1657 4248 principer

397 4248 524 4319 pectoris,
547 4248 612 4303 mihi
630 4249 690 4318 jnm
715 4251 831 4322 amplius
853 4269 907 4306 non
928 4259 1097 4322 suspectum,
1126 4255 1174 4306 sed
1193 4270 1224 4307 re
1244 4269 1312 4308 vera
1335 4271 1475 4325 nunquam
1499 4254 1606 4307 hactenus
1619 4247 1656 4318 sti!

398 4343 502 4392 astrum
523 4339 689 4408 deprehendi
709 4341 904 4412 magnitudinis
926 4343 1004 4413 quasi
1024 4341 1125 4396 tertiae
1147 4341 1192 4400 dcc.
1244 4333 1399 4396 Hactenus
1432 4319 1603 4415 epistula‘b
1616 4408 1620 4420 ¹
1635 4310 1656 4434 ⁰4

398 4435 469 4477 vero
493 4417 688 4492 credendum,
721 4419 779 4481 nisi
809 4421 915 4482 artifici
940 4421 975 4482 de
999 4439 1055 4482 sua
1077 4429 1142 4484 arte
1166 4429 1197 4484 et
1220 4422 1354 4485 studioso
1377 4423 1414 4486 de
1438 4441 1493 4485 sua
1517 4419 1654 4506 occupat!tol

397 4503 503 4567 Fuisse
527 4505 605 4567 enim
627 4505 703 4568 hanc
726 4516 796 4570 tunc
818 4509 898 4572 illios
921 4509 977 4572 viri
1006 4512 1232 4590 occupationem
1260 4531 1384 4592 eamque
1407 4531 1467 4575 non
1490 4491 1654 4573 uniusaurei

399 4592 627 4657 schematismos
658 4596 805 4660 coelestes
829 4597 858 4660 in
882 4597 1003 4662 chartas
1036 4602 1214 4664 transferret
1245 4620 1339 4683 neque
1372 4603 1499 4666 omissas
1520 4621 1537 4661 a
1555 4589 1653 4658 Ptolsnst

398 4684 577 4759 praeteriret
607 4685 708 4766 sicque
730 4686 979 4751 Piccolhominasi
1012 4689 1132 4752 chartas
1163 4692 1350 4766 emendaret,
1385 4711 1433 4754 res
1458 4693 1520 4772 ipsa
1547 4675 1652 4763 loquitut

401 4769 510 4832 multus
533 4771 583 4833 ille
606 4773 833 4836 Uranometrias
857 4786 1019 4858 apparatus
1042 4787 1074 4839 et
1096 4781 1159 4862 typi
1182 4781 1266 4842 aenei
1290 4782 1445 4843 sumtuosi.
1610 4852 1613 4864 Ι

489 4857 550 4921 Gur
573 4868 671 4924 autern
695 4864 723 4924 in
742 4863 958 4928 'Uranometria
989 4867 1104 4931 cautior
1136 4870 1233 4931 factus
1262 4869 1300 4932 ad
1329 4870 1453 4932 taciturn
1484 4866 1567 4950 potius
1589 4851 1651 4916 nillil
