3694 5528
767 1061 1266 1198 lltllltltlt

990 1221 1040 1271 sire

337 1331 593 1403 narolslllrlo
622 1332 752 1410 EORUM.
784 1329 872 1411 Qllllll
899 1328 984 1397 llSlll
1005 1329 1049 1398 ΕΤ
1072 1330 1257 1401 llSlBILllillS
1287 1332 1438 1402 PROPTER
1471 1332 1699 1414 rorulenta,

961 1449 1009 1500 hcc
1027 1455 1066 1500 ert

582 1557 690 1608 VI'l'RA
709 1553 773 1608 SEU
793 1551 1012 1608 cnrsrsttos
1030 1555 1244 1610 Pntnncrnos
1264 1555 1445 1609 ACGIDUNT.
1572 1583 1575 1588 ·

424 1685 449 1746 1.
497 1681 689 1746 Definitio.
736 1679 896 1744 Inclinatio
926 1699 1016 1761 snper
1046 1681 1232 1763 superficiem
1265 1681 1391 1746 sumitur
1414 1684 1451 1745 de
1481 1685 1593 1764 angulo
1618 1685 1697 1748 inter

334 1772 612 1854 perpendicularem
631 1767 797 1849 superficiei
816 1777 847 1830 et
862 1788 1065 1851 quemcunque
1086 1771 1177 1833 alium
1196 1771 1323 1848 radium,
1348 1773 1397 1853 qui
1416 1773 1695 1852 perpendicularem

335 1872 422 1925 secat
445 1863 474 1922 in
498 1867 609 1940 puncto
633 1857 814 1940 superficiei.
1131 1907 1135 1916 .

422 1952 462 2013 ll.
517 1948 671 2011 Axioma
700 1943 878 2027 Opticum.
935 1944 1026 2008 Radii
1062 1946 1093 2008 in
1130 1947 1260 2011 medium
1297 1947 1419 2012 densius
1458 1945 1597 2029 ingressi
1627 1969 1693 2013 cunr

334 2039 526 2102 inclinatione
559 2037 763 2116 refringuntur
787 2043 817 2096 et
839 2034 961 2096 refracti
990 2035 1070 2098 intra
1103 2054 1211 2116 corpus
1244 2035 1393 2100 accedunt
1424 2056 1530 2100 versus
1560 2057 1691 2118 perpen-

334 2128 496 2189 dicularem
520 2133 652 2188 erectam
676 2142 766 2203 super
790 2123 875 2186 densi
899 2123 1086 2203 superficiem
1105 2123 1134 2185 in
1150 2133 1262 2204 puncto
1287 2125 1446 2188 incidentis
1470 2127 1558 2190 radii.
1593 2127 1688 2190 Iidem

333 2215 448 2296 egressi
472 2234 511 2276 ex
534 2214 632 2275 medio
656 2211 787 2274 densiori
810 2211 1022 2293 refringuntur,
1041 2221 1072 2274 st
1094 2213 1216 2276 refracti
1232 2222 1320 2278 extra
1338 2233 1447 2294 corpus
1473 2215 1600 2278 densum
1624 2216 1690 2278 dis-

334 2305 445 2366 cedunt
468 2304 506 2364 ab
530 2301 587 2364 hac
609 2300 860 2381 perpendiculari.

422 2393 477 2457 Ill.
524 2389 679 2452 Axioma
712 2387 893 2469 Opticum.
943 2389 1060 2452 Eadem
1088 2397 1139 2452 est
1171 2389 1312 2452 retractio
1346 2391 1515 2466 radiorum,
1550 2391 1615 2455 sive
1646 2391 1690 2454 illi

333 2488 442 2544 natura
465 2499 520 2542 sua
544 2476 750 2559 ingrediantur
772 2477 836 2539 sive
861 2477 1062 2557 egrediantur,
1087 2479 1193 2540 velut
1216 2480 1295 2541 tales
1319 2479 1557 2542 considerentur.

422 2569 478 2632 IV.
525 2567 728 2631 Problema.
771 2565 918 2630 Pellucidi
942 2566 1074 2647 corporis
1093 2565 1157 2630 duri
1180 2567 1381 2631 retractiones
1405 2568 1567 2631 artificiose
1591 2568 1688 2632 metiri

332 2659 360 2722 in
386 2659 466 2722 omui
489 2657 640 2720 radiomm
663 2654 868 2718 inclinatione.
992 2663 994 2667 “

420 2747 469 2810 Sit
493 2765 599 2828 corpus
624 2746 728 2808 durum
751 2743 932 2824 pellucidum
947 2743 1015 2806 ΑΕ.
1062 2743 1095 2806 Id
1120 2745 1297 2808 terminetur
1321 2764 1380 2806 una
1404 2743 1555 2826 exquisita
1579 2765 1687 2825 super-

1109 2833 1174 2895 ficie
1202 2835 1294 2914 plana
1317 2833 1392 2910 DE,
1424 2834 1463 2895 ad
1491 2853 1579 2916 quam
1609 2833 1685 2895 duae

1109 2921 1187 2984 alias
1211 2922 1365 3002 erigantur
1383 2921 1492 3002 planae
1513 2923 1686 3002 superficies

1107 3011 1185 3073 inter
1213 3031 1245 3073 so
1274 3010 1439 3092 parallelae
1469 3019 1500 3071 et
1527 3010 1618 3090 priori
1646 3011 1687 3073 ad

1107 3099 1234 3178 angulos
1257 3106 1368 3176 rectos,
1393 3118 1469 3180 quae
1494 3099 1555 3160 sint
1570 3099 1629 3161 BA
1653 3108 1686 3162 et

1105 3185 1169 3270 EF.
1216 3187 1293 3251 Huic
1316 3206 1459 3268 compara
1483 3189 1622 3269 capulum
1644 3209 1684 3250 ex

1106 3294 1280 3357 quacunque
1292 3277 1428 3351 materia,
1442 3277 1535 3340 veluti
1546 3297 1583 3339 ex
1592 3275 1684 3357 ligno,

1105 3365 1191 3444 cujus
1215 3365 1403 3446 superficies,
1429 3366 1611 3448 praesertim
1634 3365 1683 3428 in-

1105 3453 1242 3532 teriores,
1268 3453 1330 3516 sint
1358 3455 1435 3517 bene
1459 3455 1683 3535 complanatae,

1106 3541 1177 3604 bina
1209 3542 1308 3604 latera
1336 3563 1373 3606 ex
1403 3544 1494 3606 fundo
1518 3545 1547 3604 H
1576 3563 1682 3607 assur-

1106 3630 1210 3710 gentia
1243 3632 1334 3695 rectis
1376 3632 1509 3714 angulis,
1549 3641 1583 3696 ut
1622 3633 1685 3695 sint

1105 3718 1191 3781 BEH
1210 3727 1242 3782 et
1264 3720 1371 3802 reliqui
1395 3721 1479 3795 recti,
1505 3729 1536 3784 et
1554 3721 1683 3802 pelluci-

1105 3809 1174 3870 dum
1204 3810 1314 3889 angulo
1348 3817 1488 3873 exstante
1518 3810 1547 3871 in
1582 3809 1679 3889 capuli

1105 3897 1246 3976 angulum
1278 3917 1384 3961 cavum
1417 3899 1533 3968 sedeat,
1561 3900 1681 3980 penitus

327 4006 393 4048 eum
426 3987 562 4067 explens.
615 3987 790 4051 Promineat
821 3998 921 4053 autem
952 3991 1033 4052 latus
1066 3987 1165 4069 capuli
1191 3983 1248 4049 ΒΟ
1277 3988 1358 4050 ultra
1388 3989 1547 4050 terminum
1577 3989 1681 4050 lateris

663 2886 717 2950 Fig.
737 2882 762 2934 2.

209 4072 216 4092 “
326 4075 467 4156 pellucidi
486 4077 542 4137 DB
567 4076 753 4158 aliquantulo
777 4079 876 4160 spatio
893 4077 957 4154 BC,
983 4079 1142 4141 altitudine
1165 4093 1236 4137 vero
1255 4075 1310 4138 BE
1333 4077 1396 4139 sint
1419 4077 1506 4140 ambo
1532 4077 1680 4158 aequalia,

326 4173 359 4226 et
381 4182 474 4244 supra
497 4165 538 4226 sit
561 4165 733 4246 superficies
758 4168 843 4247 quasi
867 4187 926 4229 una
948 4167 1090 4247 pellucidi
1114 4172 1146 4226 et
1169 4165 1265 4244 opaci.

416 4251 483 4325 Quo
517 4253 598 4316 facto
631 4262 663 4315 et
695 4255 868 4335 corporibus
900 4257 1086 4335 conjunctis,
1121 4255 1201 4316 latus
1231 4252 1307 4330 DC,
1342 4253 1419 4336 quod
1452 4255 1601 4333 particula
1623 4253 1679 4316 DB

326 4341 441 4422 utrique
475 4341 591 4422 corpori
624 4350 672 4404 est
704 4361 875 4418 commune,
907 4344 1067 4423 objiciatur
1098 4342 1387 4424 perpendiculariter
1414 4341 1496 4405 Solis
1528 4343 1622 4406 radiis
1649 4345 1679 4406 in

326 4449 500 4511 quacunque
525 4430 717 4493 inclinatione
739 4432 822 4512 plani
845 4432 903 4495 BA
927 4433 965 4494 ad
990 4433 1111 4494 eosdem
1134 4430 1247 4494 radios.

414 4519 483 4582 Sint
506 4518 583 4580 radii
607 4519 689 4582 Solis
713 4519 778 4595 LD,
804 4521 874 4597 ΜΒ,
899 4520 965 4583 NC.
1003 4519 1051 4582 Ex
1075 4523 1180 4603 quibus
1204 4519 1253 4601 qui
1277 4527 1347 4582 suut
1369 4519 1447 4582 iuter
1471 4519 1531 4593 ΜΒ
1556 4527 1588 4582 et
1610 4517 1678 4594 NG,
1808 4559 1809 4562 =

326 4606 395 4687 quia
423 4607 534 4670 nullum
567 4609 696 4672 occurrit
723 4609 797 4688 ipsis
826 4629 934 4690 corpus
965 4609 1144 4689 pellucidum
1171 4617 1293 4691 praeter
1325 4615 1439 4682 atram,
1466 4609 1485 4669 ii
1514 4618 1600 4672 trans
1620 4607 1678 4686 ΒΟ

325 4694 451 4758 tendent
483 4697 511 4757 in
545 4695 691 4760 directum
724 4697 833 4774 MBH,
866 4696 965 4762 NOK.
1011 4699 1125 4780 ltaque·
1152 4697 1204 4762 CB
1238 4697 1376 4779 projiciet
1407 4699 1541 4760 umbram
1565 4695 1626 4760 HK
1647 4701 1677 4761 in

326 4780 446 4842 fundum
471 4783 570 4865 capuli
593 4793 624 4846 et
647 4786 807 4868 aliquando
831 4787 859 4849 in
885 4787 949 4868 ejus
974 4787 1055 4850 latus
1078 4787 1258 4868 oppositum.
