3694 5528
310 277 376 346 520
627 233 630 239 '
679 287 681 295 ⁴
754 345 759 360 Ι
890 283 920 333 In
938 277 1083 344 Dioporicen

312 475 360 532 se,
387 457 559 520 sedetiam
592 457 673 519 aeris
701 466 732 520 et
760 458 910 520 aetheris:
945 457 1072 537 dumque
1101 455 1257 525 materiam
1281 455 1413 518 aetheris
1444 458 1570 518 eandem
1594 457 1672 518 tacit

312 563 378 608 cum
402 545 530 609 materia
552 545 640 624 hujus
660 565 746 627 quem
770 547 918 626 spiramus
943 547 1032 629 aleris,
1058 547 1146 608 docet
1165 546 1230 624 ipso
1255 544 1347 606 etiam
1370 544 1457 625 lapsu
1472 564 1536 620 suo,
1562 545 1669 625 quanti

199 627 208 640 ’
311 633 434 696 intersit
462 634 643 696 ambulantis
673 635 703 696 in
732 636 940 716 philosophiae
971 635 1106 715 palatio,
1141 633 1257 713 optices
1293 635 1394 695 oculos
1429 623 1505 697 hene
1545 641 1670 715 apertos

312 721 436 784 habere.
481 721 597 784 Eodem
622 724 700 784 enim
725 735 915 802 argumento,
940 743 997 805 quo
1022 724 1182 785 discrimen
1206 722 1324 784 tollitur
1346 721 1460 784 orbium
1483 723 1569 784 inter·
1586 741 1665 796 sese,

313 809 445 872 vicissim
478 811 638 872 discrimen
671 812 826 874 stabilitur
859 815 938 875 aeris
971 813 1058 893 hujus
1083 819 1115 873 et
1141 811 1191 892 qui
1220 811 1248 872 ei
1275 812 1365 890 paulo
1400 831 1491 893 supra
1523 812 1669 873 montium

313 899 442 960 eulmina
466 899 601 960 succedit
623 899 767 963 aetheris.
1633 929 1639 936 ·

399 987 468 1048 Etsi
492 987 570 1048 enim
603 989 830 1052 observationes
864 988 1085 1052 astronomicae
1109 1006 1166 1048 non
1191 986 1352 1049 turbantur
1381 988 1538 1068 multiplici
1567 987 1669 1067 aliqua

311 1075 427 1137 ratione
452 1075 664 1138 retractionum
689 1078 767 1141 inter
791 1098 859 1140 sese
878 1078 961 1140 varie
985 1077 1189 1158 implexarum,
1216 1076 1335 1154 qualern
1355 1075 1469 1138 orbium
1494 1076 1669 1139 discrimina

314 1172 345 1224 et
368 1163 509 1224 soliditas
532 1167 729 1244 requirerent,
755 1167 780 1227 si
796 1174 919 1242 essent;
943 1166 1103 1228 turbantur
1120 1171 1221 1225 tamen
1239 1163 1379 1224 uniformi
1399 1167 1528 1245 quadam
1552 1164 1666 1227 ratione

313 1252 537 1326 retractionem,
554 1255 672 1332 qnando
688 1255 787 1330 sidera
803 1256 950 1318 horizonti
966 1255 1224 1334 appropinquant:
1246 1271 1321 1333 quae
1336 1253 1532 1315 retractiones
1547 1253 1666 1314 aliunde
1702 1285 1710 1291 -

312 1359 380 1402 esse
404 1348 565 1420 nequeunt,
591 1360 678 1420 quam
699 1363 737 1404 ex
755 1345 911 1423 superficie
931 1345 1011 1405 aeris
1030 1343 1116 1422 hujus
1136 1361 1222 1422 quern
1246 1341 1411 1420 spiramus:
1437 1344 1512 1404 adeo
1537 1341 1664 1421 quidem,

313 1427 398 1490 utin
423 1429 639 1492 Astronomiae
670 1442 758 1511 parte
783 1429 895 1512 Optica
923 1433 990 1494 hinc
1018 1432 1110 1493 etiarn
1134 1430 1325 1492 altitudinem
1347 1429 1428 1492 illius
1458 1429 1625 1509 superficiei
1647 1449 1667 1490 a
1765 1450 1770 1456 ·

310 1517 466 1596 superficie
494 1517 606 1581 Terrae
640 1522 787 1600 potuerim
820 1521 1014 1600 investigare.
1069 1521 1219 1580 Provocat
1251 1519 1335 1579 Pena
1367 1519 1405 1579 ad
1439 1519 1664 1601 experientiam,

310 1605 431 1667 inducto
466 1612 546 1668 teste
579 1609 699 1669 oculato
735 1608 865 1672 Gemma
895 1611 994 1672 Frisio
1027 1627 1092 1670 cum
1129 1607 1235 1669 baculo
1270 1626 1323 1668 suo
1361 1608 1582 1680 astronomica,
1619 1607 1666 1686 qui

199 1715 203 1723 ’
310 1695 435 1774 negavit
458 1714 477 1754 a
500 1714 532 1756 se
556 1695 635 1757 ullas
660 1698 858 1760 retractiones
887 1717 954 1760 esse
983 1697 1196 1778 deprehensas.
1213 1693 1254 1768 ²⁰)
1300 1695 1449 1758 Nimirum
1471 1696 1573 1757 Peneo
1598 1703 1667 1780 tnup

311 1783 442 1844 nondum
467 1789 534 1844 erat
557 1785 680 1864 cognita
704 1786 890 1849 admirabilis
918 1785 1068 1849 industria
1100 1784 1208 1846 summi
1237 1784 1360 1846 artificis
1383 1784 1534 1868 Tyohonis
1558 1783 1667 1854 Brahe,

312 1872 361 1951 qui
388 1870 501 1951 partim
532 1881 697 1952 operarum·
725 1875 931 1949 multitudine,
962 1875 1072 1956 partim
1103 1873 1368 1936 instrumentorum
1399 1873 1605 1953 magnitudine
1637 1881 1669 1932 et

311 1959 483 2022 subtilitate
506 1961 657 2023 modicum
678 1963 751 2025 illud
773 1972 931 2026 assecutus
947 1972 1003 2038 est,
1029 1961 1108 2043 quod
1122 1980 1256 2025 crassum
1273 1960 1416 2024 Gammae
1440 1963 1669 2023 instrumentum

311 2047 499 2128 hominisque
529 2049 616 2111 unius
650 2059 682 2112 et
716 2053 845 2114 solitarii
881 2054 1079 2114 attentionem
1118 2051 1275 2130 effugerat.
1329 2049 1372 2112 Et
1404 2050 1515 2112 adduxi
1552 2067 1608 2128 ego
1643 2051 1669 2108 in

311 2136 526 2199 Astronomiae
557 2146 646 2217 parte
670 2137 783 2219 Optica
812 2160 866 2220 pro
900 2139 1131 2204 retractionibus
1159 2146 1256 2200 testes
1279 2139 1399 2200 Braheo
1430 2137 1670 2220 succenturiatos

314 2243 351 2286 ax
378 2224 569 2303 antiquitate,
595 2245 689 2306 eoque
713 2229 849 2309 integros
873 2235 905 2290 et
927 2227 1128 2309 incorruptbs.

401 2311 501 2374 Audio
524 2313 563 2374 D.
579 2314 617 2375 Ι).
639 2315 814 2378 Helisaeum
828 2318 987 2380 Rosrrnum
1010 2317 1166 2397 problema
1184 2314 1254 2377 mihi
1279 2315 1472 2394 proposuisse
1495 2315 1670 2377 solvendum

313 2401 348 2462 de
364 2397 445 2462 vSole
473 2395 513 2464 tt
544 2401 659 2466 diemm
691 2405 791 2485 spatio
822 2406 911 2468 citius
940 2409 1026 2487 Justo
1056 2426 1075 2466 a
1102 2405 1230 2466 Batavis
1257 2402 1287 2464 in
1320 2404 1549 2483 septentrionali
1578 2403 1692 2464 'terra'

311 2489 388 2552 viso.
422 2488 547 2551 Librum
571 2492 636 2571 ejus
656 2512 715 2555 non
734 2495 795 2556 vidi
813 2495 941 2575 perhos
960 2494 1117 2557 tumultus.
1151 2492 1308 2554 Admoneo
1328 2499 1438 2567 tamen,
1464 2493 1670 2572 quaestionem

312 2578 390 2640 hano
410 2599 438 2730 aq
447 2597 494 2640 me
509 2597 564 2659 per
586 2581 784 2646 retractiones
809 2585 889 2647 aeris
914 2583 1087 2664 expeditam
1105 2581 1136 2643 iu
1151 2581 1276 2643 Astron.
1292 2587 1380 2659 parte
1396 2579 1509 2661 Optica
1527 2600 1594 2661 cap.
1612 2580 1668 2641 IV.

312 2686 390 2729 num.
440 2713 447 2727 .

401 2753 558 2818 Secundae
586 2758 670 2820 Pena
702 2766 805 2839 partes
838 2759 922 2821 dedit
953 2758 1088 2841 dogmati
1118 2757 1154 2818 de
1187 2756 1346 2818 itineribus
1378 2757 1569 2836 planetarum
1599 2773 1668 2815 vere

313 2844 511 2918 ecoentricis;
542 2853 573 2906 et
604 2853 686 2908 recte
723 2847 816 2910 dedit.
862 2848 966 2914 Habet
997 2849 1097 2929 optice
1128 2845 1299 2907 firmissima
1327 2864 1380 2924 pro
1405 2847 1452 2907 his
1481 2849 1668 2923 argumenta.

312 2933 391 2995 Illud
415 2933 512 2996 solum
536 2936 717 3010 cavendum,
752 2955 789 2998 ne
813 2936 898 2998 nohis
928 2938 1047 2999 accidat
1075 2934 1153 3015 quod
1182 2927 1352 3008 veteribus,
1385 2941 1420 2994 ut
1443 2934 1532 2996 alteri
1554 2931 1669 3011 optices

313 3021 399 3084 oculo
418 3022 539 3084 nimium
559 3041 663 3085 secure
686 3025 869 3086 confidentes
884 3025 912 3088 in
928 3025 1113 3106 pervidenda
1133 3023 1190 3084 hac
1208 3023 1398 3102 planetamm
1417 3022 1524 3096 orbita,
1542 3021 1667 3082 alterum

311 3110 455 3190 physices
484 3111 601 3172 oculum
629 3112 819 3189 claudamus,
844 3120 876 3175 et
900 3115 954 3187 sic,
983 3113 1060 3195 quod
1094 3112 1248 3190 utriusque
1273 3118 1304 3172 et
1331 3111 1447 3191 optices
1471 3118 1503 3172 et
1529 3109 1669 3192 physices

311 3197 478 3260 rationibus
502 3218 540 3259 ex
563 3217 658 3279 aequo
683 3201 872 3264 tribuendum
893 3211 968 3280 erat,
993 3201 1050 3264 soli
1074 3199 1193 3280 opticae
1216 3199 1385 3262 tribuentes
1408 3219 1526 3261 rursum
1545 3215 1668 3276 ascopo

312 3286 494 3348 aberremus.
542 3286 612 3357 Qua
635 3287 671 3350 de
695 3309 727 3351 re
751 3290 819 3352 vide
849 3311 947 3355 meam
969 3289 1183 3354 Astronomiae
1212 3297 1331 3368 partem
1355 3286 1496 3368 Optieam
1520 3295 1552 3348 et
1575 3284 1667 3349 Corn-

312 3374 461 3436 mentaria
484 3375 520 3438 de
544 3375 653 3438 Martis
678 3378 818 3442 motibus.
872 3445 874 3448 ,

401 3463 504 3525 Tertio
527 3463 595 3525 loco
619 3466 773 3528 examinat
788 3468 871 3529 Pena
885 3487 922 3529 ex
937 3467 1040 3546 optioa
1057 3465 1265 3545 quaestionem
1280 3466 1317 3526 de
1336 3465 1439 3526 ordine
1462 3466 1668 3546 planetarum:

311 3571 366 3614 nec
389 3552 467 3615 male
491 3551 690 3616 ratiocinatur
713 3574 751 3616 ex
773 3554 951 3630 Aristotele,
977 3553 1122 3635 siquidem
1148 3555 1241 3616 Terra
1265 3573 1318 3615 suo
1342 3561 1405 3615 stet
1427 3554 1487 3616 fixa
1511 3555 1587 3626 loco;
1611 3569 1668 3612 uon

125 3681 128 3696 -
204 3707 208 3728 Ι
311 3660 379 3704 εεεε
402 3639 574 3716 verisimile,
598 3649 632 3704 ut
650 3640 716 3718 Sol,
730 3644 835 3706 Venus
855 3653 886 3706 et
900 3645 1069 3714 Mercurius
1088 3643 1184 3705 trihus
1205 3642 1356 3704 distinctis
1375 3642 1497 3704 orbibus
1519 3639 1669 3721 inaequali

310 3729 535 3810 magnitudine,
561 3732 680 3811 aequali
703 3739 805 3795 tamen
829 3733 953 3813 periodo
977 3733 1178 3797 circumeant:
1207 3731 1276 3811 quin
1300 3731 1400 3810 potius
1425 3737 1668 3802 consentaneum,

311 3819 390 3900 qnod
420 3818 572 3880 Martiano
603 3818 769 3900 Capellae,
805 3819 961 3904 Campano
986 3831 1017 3883 ot
1039 3819 1159 3883 Braheo
1191 3819 1318 3901 placuit,
1352 3819 1489 3899 intraque
1514 3818 1669 3880 Galilaens

311 3906 537 3970 evidentissime
560 3909 684 3987 probat,
718 3909 864 3990 siquidem
889 3911 943 3973 Sol
966 3909 1102 3982 vehitur,
1125 3927 1183 3969 uno
1214 3907 1281 3970 illos
1306 3908 1484 3983 urbeveti,
1510 3905 1668 3986 Solemque

311 4004 345 4058 ut
368 4014 456 4058 axem
486 4003 619 4058 rotarum
643 3998 682 4060 ah
715 3998 857 4081 epicyclie
881 3999 1014 4061 Veneris
1038 4006 1069 4058 et
1092 3997 1233 4059 Mercurii
1263 3997 1357 4058 veluti
1381 4017 1400 4058 a
1423 4003 1555 4059 rotamm
1586 3994 1669 4074 apsi-

310 4084 397 4148 dibus
421 4085 547 4146 ambiri:
572 4085 631 4147 imo
655 4104 727 4148 vero
750 4087 1025 4168 probabilissimum
1050 4105 1134 4161 esse,
1164 4086 1242 4165 quud
1267 4083 1466 4165 Gopernicns,
1497 4085 1575 4165 quod
1599 4090 1669 4144 aute

310 4181 359 4236 tot
381 4174 484 4236 secula
509 4173 563 4234 illa
587 4175 799 4255 antiquissima
821 4174 1013 4255 philosophia
1032 4173 1137 4236 Samia
1160 4173 1267 4247 tenuit,
1291 4171 1391 4236 Solem
1411 4175 1442 4235 in
1465 4174 1564 4237 medio
1587 4181 1669 4235 stare

195 4309 199 4319 .
310 4261 400 4324 fixum
423 4262 510 4342 loc03
535 4262 673 4344 circaque
698 4283 764 4325 eum
788 4283 846 4326 non
870 4265 1051 4326 Mercurium
1074 4271 1192 4325 tantum
1216 4269 1248 4324 et
1271 4262 1421 4325 Venerem
1445 4281 1500 4324 suo
1524 4277 1669 4342 quemquo

310 4358 459 4431 tempore,
495 4351 549 4412 sed
582 4350 680 4432 ipsam
712 4353 788 4414 adeo
812 4353 963 4414 Tellurem
986 4369 1052 4412 curn
1076 4352 1163 4416 Luna
1187 4371 1242 4413 sua
1271 4352 1379 4414 comite
1411 4351 1564 4414 circumire
1587 4355 1671 4411 motu

309 4457 419 4511 annuo,
442 4433 620 4518 ceterosque
644 4447 708 4502 tres
731 4441 794 4502 suis
819 4441 923 4502 itidem
947 4439 1089 4520 periodis.

399 4527 530 4590 Rursum
556 4534 658 4589 autem
683 4529 766 4590 Pena
789 4528 837 4590 hic
861 4547 929 4588 sese
953 4547 1020 4589 cnm
1045 4528 1144 4606 aliquo
1173 4526 1313 4589 veritatis
1339 4528 1448 4590 damno
1472 4547 1510 4589 ex
1533 4524 1670 4588 sentibus

309 4616 520 4695 perplexarum
548 4615 811 4678 ratiocinationum
840 4617 973 4696 expedit.
1019 4616 1143 4677 Etenim
1172 4623 1379 4694 argumentum
1408 4617 1465 4679 hoo
1487 4615 1571 4677 nulla
1594 4614 1671 4677 adeo

309 4703 443 4766 evidenti
466 4702 649 4766 necessitate
672 4705 839 4767 revinctum
864 4705 900 4766 de
924 4703 1139 4784 probabilitate
1159 4705 1227 4766 sola
1250 4705 1433 4769 testabatur.
1472 4705 1556 4766 Pena
1578 4702 1672 4781 igitur

309 4790 425 4852 diffisus
457 4799 634 4870 argumento
665 4793 756 4856 dnbio
795 4793 994 4854 mobilitatem
1037 4791 1167 4868 Terrae,
1203 4795 1321 4873 qualem
1353 4791 1537 4875 Oopernicus
1570 4792 1671 4866 docet,
