3672 5528
775 261 859 332 oque
875 265 920 319 ιν.
945 263 986 317 m.
1488 273 1554 342 ,221

210 433 396 513 Guilielmus,
422 437 451 499 in
475 437 530 500 illa
555 457 611 502 sua
637 439 794 504 recondita
821 441 972 521 magnetis
1000 443 1261 523 contemplatione,
1291 448 1421 510 concisis
1453 452 1554 514 verbis

209 525 258 588 lib.
282 525 337 587 VI.
361 545 427 606 cap.
453 523 484 588 2.
531 527 589 589 Vir
612 528 749 608 equidem
772 531 852 604 talis,
888 530 972 609 cujus
1001 531 1109 593 divinis
1138 534 1268 596 inventis
1298 555 1402 600 omnes
1426 547 1554 603 naturae

208 613 356 675 studiosus
379 615 536 695 plurimum
559 616 705 680 delectari
728 617 876 682 convenit.
907 617 1001 698 Cujus
1026 620 1270 697 familiaritatem,
1294 625 1352 686 uisi
1377 629 1448 690 mihi
1467 647 1554 708 pom-

206 719 279 781 posa
301 701 356 764 illa
379 703 494 786 Tethys
518 705 680 779 invideret,
706 706 969 769 discendiardore
1001 729 1048 770 me
1072 711 1218 772 demereri
1242 712 1306 774 sine
1334 733 1444 794 magna
1471 717 1554 780 ditii-

204 791 316 852 cultate
339 809 440 871 posse,
465 801 498 855 ut
521 811 578 854 non
603 802 651 856 εει
674 796 804 875 superba
826 795 1026 875 philosophia,
1052 799 1246 877 speraverim.
1265 796 1307 873 ³⁹)

290 877 378 951 Quae
402 900 440 943 ex
463 881 570 943 Proclo
595 882 685 945 attuli
713 883 757 945 eis
786 883 898 946 similia
920 904 958 946 ex
982 883 1143 948 Cleomede
1174 889 1295 968 adjungi
1329 896 1466 968 possunt,
1504 893 1554 973 qui

201 987 238 1028 ea
259 985 350 1048 porro
375 987 413 1030 ex
435 967 597 1033 Posidonio
621 971 752 1047 adducit,
785 973 837 1035 sed
862 979 893 1034 et
916 972 954 1034 ab
984 974 1090 1037 eodem
1113 975 1221 1038 Proclo
1253 975 1283 1038 in
1316 977 1372 1038 fine
1398 977 1553 1058 Sphaerae

199 1055 390 1119 referuntur:
415 1057 545 1139 itemque
569 1067 602 1121 et
624 1081 643 1122 s
664 1059 751 1122 Plino
776 1060 826 1123 lib.
843 1063 884 1124 H.
911 1059 1067 1141 Canopum
1090 1063 1120 1125 in
1132 1063 1273 1147 Aegypto
1298 1065 1326 1127 in
1342 1067 1465 1128 meridie
1481 1069 1553 1130 alti-

199 1145 335 1206 tudinem
366 1142 426 1223 7¹l,
462 1148 607 1228 graduum
635 1148 796 1229 praeferre,
830 1149 859 1211 in
888 1149 997 1212 Rhodo
1028 1151 1213 1215 horizontem
1242 1153 1399 1233 stringere,
1435 1155 1463 1216 in
1495 1176 1555 1236 qua

197 1233 298 1296 insula
322 1235 421 1296 noctis
446 1236 581 1299 aestivae
615 1238 652 1299 ad
677 1237 756 1300 diem
779 1238 933 1317 proportio
956 1239 1086 1300 traditur
1109 1261 1155 1314 ea,
1190 1253 1338 1320 quaeest
1374 1240 1409 1306 19
1434 1245 1472 1305 ad
1497 1243 1551 1308 29.

198 1319 273 1384 Cum
300 1323 380 1385 eninr
404 1324 472 1387 hinc
496 1326 609 1387 existat
633 1327 760 1388 altitudo
784 1326 968 1388 Rhodiorum
993 1327 1127 1398 civitatis
1151 1325 1226 1404 36⁰,
1251 1331 1457 1393 Alexandriae
1481 1353 1552 1394 vero

195 1411 237 1471 sit
260 1407 334 1487 31⁰,
361 1413 507 1492 quomodo
532 1412 682 1494 Canopus,
709 1415 811 1496 quiin
835 1414 942 1476 Rhodo
965 1416 1017 1476 vix
1040 1437 1059 1477 a
1082 1417 1204 1478 summis
1227 1420 1379 1480 montibus
1403 1428 1452 1481 est
1475 1440 1550 1483 con-

195 1499 320 1580 spicuus
344 1509 424 1563 teste
446 1501 564 1572 Proclo,
589 1504 669 1566 idem
691 1503 722 1566 iu
746 1503 889 1586 Aegypto
914 1498 999 1584 7¹l2⁰
1021 1525 1074 1566 seu
1098 1515 1205 1585 quarta
1227 1515 1314 1587 parte
1339 1508 1417 1587 signi
1445 1517 1550 1572 extare

165 1633 167 1638 ,
194 1589 325 1668 potest?
370 1590 458 1652 Hanc
481 1591 561 1654 enim
585 1591 773 1654 altitudinem
797 1601 973 1655 constanter
996 1601 1027 1654 et
1050 1593 1156 1655 iisdem
1188 1596 1289 1657 verbis
1316 1596 1448 1676 produnt
1470 1599 1549 1660 Pro-

193 1677 258 1738 clns
282 1685 319 1738 et
343 1677 521 1741 Cleomedes
545 1689 576 1742 et
594 1681 719 1756 Plinius,
745 1680 929 1763 astipulante
954 1683 1047 1744 etiam
1071 1681 1255 1759 Ptolemaeo,
1281 1687 1334 1764 ¹qni
1359 1685 1550 1750 latitudinem
1573 1755 1583 1776 ·

194 1767 220 1827 ei
244 1765 359 1829 stellae
383 1768 489 1831 tribuit
511 1765 581 1832 75⁰.
628 1771 693 1831 Ant
721 1769 812 1850 igitur
838 1769 1016 1832 hallucinari
1043 1789 1167 1833 necesse
1200 1783 1248 1835 εει
1275 1793 1377 1835 ornnes
1411 1784 1550 1838 auctores

192 1873 251 1917 uno
276 1875 342 1931 ore,
369 1857 474 1920 autin
498 1857 641 1940 Aegypto
663 1877 769 1920 versus
794 1859 891 1920 fontes
915 1859 987 1933 Nili,
1021 1879 1127 1922 versus
1150 1870 1267 1923 montes
1291 1863 1395 1925 Lunae
1426 1873 1458 1926 et
1479 1864 1550 1927 illas

191 1945 347 2024 regiones,
372 1963 448 2026 quae
472 1947 620 2009 continuis
634 1946 744 2028 pluviis
763 1947 892 2009 infestae
916 1957 995 2022 sunt,
1021 1967 1145 2010 necesse
1169 1959 1218 2012 est
1236 1951 1325 2030 objici
1342 1953 1550 2031 spectantibus

189 2033 219 2094 in
235 2034 431 2096 Alexandria
453 2041 564 2105 adrem,
588 2036 637 2116 qui
650 2034 854 2116 prodigiosam
878 2035 994 2117 aliquot
1006 2037 1151 2116 graduum
1165 2049 1306 2102 causetur
1320 2042 1548 2105 refractionem:

190 2122 327 2201 quinon
353 2123 395 2185 sit
416 2124 460 2186 ita
483 2125 620 2204 praecise
644 2125 760 2187 insulae
783 2124 885 2187 Rhodi
913 2125 951 2186 ad
979 2127 1141 2203 meridiem,
1172 2127 1214 2189 nti
1249 2147 1321 2191 sane
1353 2139 1401 2191 est
1423 2129 1549 2192 Rhodus

189 2210 311 2291 aliquot
335 2212 478 2290 gradibus
502 2213 718 2276 occidentalior
740 2213 936 2277 Alexandria.

277 2301 386 2362 Minus
419 2301 551 2364 fortasse
580 2301 733 2364 firmitatis
764 2302 890 2378 obtinet,
930 2302 1007 2384 qnod
1040 2302 1119 2364 idem
1148 2301 1327 2367 Cleomedes
1367 2305 1550 2370 confidenter

188 2389 335 2464 affirmat,
361 2389 436 2452 duas
460 2409 527 2452 esse
551 2391 658 2453 stellas
683 2390 831 2453 diametro
855 2393 1015 2461 distantes,
1041 2391 1159 2454 oculum
1174 2393 1264 2455 Tauri
1288 2401 1321 2456 et
1343 2413 1394 2456 cor
1418 2393 1548 2476 Scorpii.

187 2497 320 2560 quarum
344 2498 536 2560 quaecunque
560 2480 688 2555 oriatur,
721 2479 837 2560 reliqua
864 2481 983 2542 occidat
1006 2481 1153 2561 simulque
1178 2482 1206 2542 in
1238 2483 1391 2544 horizonte
1422 2484 1546 2564 conspi-
1656 2481 1660 2492 '

185 2568 318 2631 ciantur.
365 2565 400 2630 Si
423 2567 479 2630 hoc
504 2588 572 2632 vere
601 2569 758 2650 quisquam
791 2588 920 2650 unquam
945 2567 1030 2643 vidit,
1057 2587 1111 2648 per
1141 2571 1353 2632 refractionem
1390 2578 1548 2654 utramque

186 2676 279 2737 snpra
307 2656 494 2719 horizontem
519 2657 669 2720 elevatam
691 2657 785 2719 fuisse
800 2677 925 2720 necesse
949 2669 1007 2732 est,
1032 2677 1097 2719 cum
1122 2677 1154 2720 re
1173 2677 1246 2720 vera
1264 2679 1321 2721 non
1335 2661 1435 2741 possit
1459 2663 1549 2724 aliter

184 2745 264 2823 fieri,
294 2747 367 2827 quin
389 2745 419 2806 in
443 2746 501 2808 hac
524 2746 754 2826 septentrionali
777 2748 879 2809 mundi
900 2753 987 2827 parte
1007 2754 1060 2808 eut
1083 2747 1180 2808 altera
1203 2755 1256 2809 aut
1279 2755 1404 2827 utraque
1428 2769 1548 2830 semper

184 2835 262 2898 inira
288 2834 476 2898 horizontem
500 2835 550 2899 sit.
579 2835 659 2898 Nam
682 2834 802 2897 etiamsi
826 2836 973 2898 diametro
998 2835 1115 2897 distant
1137 2835 1274 2917 praecise
1298 2837 1395 2917 quoad
1412 2839 1545 2918 lungitu-

183 2924 307 2986 dinem:
332 2930 458 3004 utraque
481 2933 583 2986 tamen
607 2925 636 2986 in
652 2924 757 2986 eodem
776 2926 904 2988 australi
917 2923 1136 3004 hemisphaerio
1161 2933 1217 3000 est,
1242 2926 1341 2988 altera
1355 2925 1547 2990 latitudinem

184 3011 305 3076 habens
329 3006 369 3075 5⁰
391 3011 454 3088 31¹,
479 3012 577 3076 altera
600 3009 639 3074 4⁰
661 3011 725 3077 27‘.
1501 3065 1503 3068 .

269 3101 345 3164 Huc
367 3100 479 3182 aliquid
504 3101 640 3182 quamvis
664 3102 822 3166 obscurum
845 3119 883 3163 ex
905 3101 1008 3164 Procli
1030 3100 1178 3164 Diadochi
1207 3100 1282 3164 libro
1305 3101 1545 3186 Hypotyposeon

181 3189 459 3254 astronomicarum
492 3198 525 3252 et
561 3191 626 3271 ejus
656 3190 836 3254 mirabilium
869 3191 1037 3271 quaestion.
1061 3188 1093 3254 8.
1118 3189 1222 3254 referri
1258 3191 1371 3270 possit:
1405 3194 1542 3272 quamvis

181 3279 306 3342 interim
329 3287 362 3340 et
383 3280 440 3342 hoc
458 3279 586 3355 videtur,
611 3279 691 3360 loqui
710 3279 793 3342 illum
818 3279 854 3340 de
872 3297 997 3342 excessu
1017 3278 1086 3340 anni
1105 3287 1176 3341 tunc
1191 3279 1297 3342 crediti
1321 3299 1413 3362 snpra
1429 3281 1545 3361 justum

181 3369 347 3432 modulum.
395 3367 500 3430 Verba
521 3375 623 3430 tamm
647 3369 713 3448 ejus
736 3387 775 3430 ex
803 3367 1052 3450 interpretatione
1077 3366 1188 3430 Vallae
1216 3366 1261 3429 ita
1294 3377 1414 3444 sonant,
1452 3391 1488 3434 ac
1517 3371 1543 3432 si

180 3457 347 3521 miraretur
370 3456 483 3536 aliquid
498 3457 711 3520 refractionnm
732 3455 890 3520 occasione
914 3457 943 3518 in
959 3455 1040 3518 Solis
1063 3464 1146 3519 motu
1167 3475 1331 3537 apparens;
1346 3469 1439 3523 Solem
1453 3470 1544 3538 ample

181 3557 316 3628 spectari,
340 3561 484 3628 ortumque
504 3555 598 3610 facere
619 3563 753 3626 tanquam
774 3554 968 3610 considentem.
1005 3545 1087 3608 Nam
1110 3545 1217 3608 iisdem
1240 3565 1316 3626 pene
1340 3547 1440 3608 verbis
1470 3565 1543 3610 usus

180 3644 229 3699 eat
249 3635 437 3716 wilhelmus
455 3634 586 3696 Hassiae
601 3633 823 3714 Landgravius,
848 3633 880 3696 in
902 3633 999 3712 prima
1022 3653 1077 3696 sua
1101 3634 1138 3696 de
1162 3634 1251 3697 rebus
1274 3635 1484 3698 astronomicis
1503 3635 1544 3696 ad

180 3725 358 3806 lychonem
381 3723 511 3804 epistola
534 3722 725 3785 retractionis
750 3720 979 3784 animadversae
1003 3723 1178 3784 occasiones
1201 3723 1367 3802 explicans.
1410 3723 1457 3784 Ac
1481 3722 1541 3784 etsi

181 3832 256 3893 quae
281 3812 327 3874 ibi
351 3812 478 3875 Procius
501 3812 637 3888 miratur,
670 3811 708 3873 ob
731 3811 836 3873 vitium
860 3811 970 3873 calculi
1000 3820 1071 3874 tunc
1094 3811 1200 3872 usitati
1233 3811 1371 3873 accidere
1394 3819 1540 3890 potuere:

180 3903 225 3964 ita
242 3901 404 3964 tamenin
428 3899 594 3964 rationibus
628 3919 730 3963 eornm
758 3899 918 3962 reddendis
939 3898 1067 3962 Proclus
1096 3898 1244 3974 desudat,
1275 3907 1309 3961 ut
1341 3916 1400 3960 uon
1432 3899 1543 3978 injuria

180 3989 360 4072 suspiceris,
394 3987 624 4052 retractionibus
652 4007 719 4051 sese
752 3986 989 4050 immiscentibus
1018 3988 1171 4068 negotium
1204 3986 1354 4049 redditum
1378 4006 1445 4050 esse
1468 3982 1539 4068 per-

179 4079 315 4158 plexius;
340 4077 419 4158 qnod
443 4076 521 4140 citra
543 4095 597 4138 eas
620 4077 666 4139 illi
689 4076 778 4139 facile
803 4076 912 4138 suisset
934 4076 1087 4156 expedire.

267 4165 391 4230 Clarius
406 4165 560 4246 aliquanto
574 4165 746 4228 Martianus
761 4163 898 4244 Capella,
922 4163 1185 4246 Encyclopeediae
1200 4163 1276 4225 libro
1292 4164 1381 4224 VIIl.
1401 4161 1485 4243 cujus
1500 4163 1537 4225 de

179 4256 296 4319 zodiaci
307 4255 469 4318 latitudine
479 4254 572 4315 verba
581 4253 656 4315 haec
667 4262 752 4316 sunt:
773 4263 821 4318 Sol
843 4263 914 4318 eninr
934 4263 1088 4322 manliam
1106 4251 1252 4327 (zodiaci)
1267 4264 1403 4317 excedens
1417 4268 1535 4334 partem

179 4346 206 4399 in
225 4346 315 4402 medio
336 4345 502 4400 libramento
523 4345 613 4399 fertur
635 4346 740 4414 absque
760 4343 821 4414 ipso
835 4341 925 4397 librae
940 4343 1066 4398 confinio.
1102 4343 1173 4409 Nam
1194 4343 1231 4396 ibi
1253 4360 1283 4397 se
1305 4342 1397 4396 autin
1412 4345 1536 4396 austruin

179 4437 371 4507 aquilormve
392 4433 516 4488 deflectit
536 4435 571 4488 sd
592 4433 729 4488 dimidium
749 4432 808 4488 fere
828 4437 1002 4488 momentum.
1053 4420 1137 4483 Satis
1175 4421 1346 4501 scrupulose
1386 4421 1537 4501 expressit

179 4515 392 4578 refractionem
419 4511 652 4574 horizontalem:
686 4528 778 4591 qnare
812 4510 985 4572 absurditas
1015 4517 1046 4571 et
1072 4509 1235 4571 insolentia
1267 4509 1423 4585 affirmati,
1457 4509 1536 4591 qnod

180 4599 232 4665 Sol
263 4603 353 4666 unico
387 4600 502 4663 zodiaci
535 4599 600 4663 loco
628 4599 659 4662 in
687 4597 880 4662 latitudinem
906 4599 1023 4661 zodiaci
1052 4597 1198 4666 declinet,
1232 4597 1434 4678 suspicionem
1463 4598 1535 4660 mihi

179 4687 279 4770 injecit
310 4689 530 4771 hujuscemodi.
585 4689 666 4751 Dum
697 4686 896 4766 aequinoctia,
934 4686 1124 4766 potissimum
1157 4687 1340 4766 autumnale,
1373 4685 1536 4766 diligenter

180 4775 412 4850 observarentur
436 4776 608 4858 etquidem
632 4776 663 4838 in
686 4774 851 4852 horizonte,
875 4773 948 4838 Sole
972 4772 1087 4850 oriente
1111 4773 1160 4836 vel
1184 4773 1349 4852 occidente,
1372 4784 1534 4855 propterea
