3674 5538
296 266 361 334 m
770 263 963 330 Paralipomena
979 265 1007 315 ia
1023 263 1191 319 Vitellionenr.

293 465 350 526 per
373 463 461 525 quem
486 441 542 508 Sol
565 443 665 507 radiat
692 441 841 522 proxime,
874 439 918 502 sic
942 451 1058 506 utana
1089 445 1253 527 eademque
1278 447 1357 509 aeris
1389 447 1471 527 regio
1502 447 1590 511 alteri
1614 449 1656 513 sit

296 532 554 614 splendidissima,
578 531 675 606 alteri,
700 529 747 592 cui
763 528 817 591 Sol
832 530 894 592 alia
908 548 976 592 sese
1000 532 1140 607 insinuat,
1166 537 1263 597 minus
1286 537 1464 616 splendida:
1489 539 1552 600 adri
1577 539 1655 600 enirn

296 643 352 684 sua
375 630 426 683 est
447 621 558 683 albedo
582 639 635 681 seu
667 619 760 682 color.
807 617 842 680 Si
870 635 963 682 causa
991 639 1048 682 non
1081 623 1210 684 dilucide
1242 625 1319 686 satis
1343 634 1391 687 est
1424 627 1525 702 dicta,
1561 627 1656 690 lector

295 713 388 774 abana
409 709 663 774 comminiscetur.
710 706 807 770 Simul
835 707 1030 772 fundamenta
1053 711 1101 773 hie
1129 713 1329 776 halonibus
1353 725 1385 776 et
1413 717 1655 796 crepusculis

293 801 407 882 jecisse
430 799 543 861 videor.

385 889 476 968 Prop.
500 887 621 948 XXIV.
659 885 736 946 Lux
759 903 983 964 repercussa
1006 908 1025 949 a
1048 889 1249 969 superficie
1273 891 1454 970 corporis,
1480 901 1656 972 quatenus

298 995 446 1056 corpus,
471 995 541 1038 non
566 975 768 1037 coloratur.
815 975 896 1036 Nam
920 992 973 1054 ρετ
993 975 1044 1038 15.
1069 977 1153 1038 εοΙοτ
1180 978 1261 1040 inest
1283 981 1457 1058 corporibus
1479 1001 1533 1060 per
1556 990 1655 1044 mate-

297 1069 389 1140 riam,
424 1085 501 1146 quae
525 1074 588 1126 tres
622 1062 823 1124 dimensiones
847 1062 957 1138 habet;
991 1065 1164 1146 superficies
1196 1067 1289 1128 habet
1312 1077 1429 1146 tantum
1454 1071 1540 1132 duas.
1586 1071 1655 1134 Non

299 1165 350 1218 est
371 1171 442 1233 ergo
466 1155 495 1215 iu
520 1154 573 1216 illa
596 1152 687 1214 color.
735 1148 824 1220 Quod
858 1160 958 1214 autem
991 1154 1103 1234 aliquid
1133 1154 1242 1217 coloris
1276 1157 1433 1232 miscetur,
1469 1157 1524 1220 boc
1548 1177 1657 1238 corpus

300 1245 387 1324 cujus
408 1250 459 1305 est
482 1241 654 1322 superficies
678 1241 715 1302 de
739 1259 792 1300 suo
817 1241 918 1314 addit,
951 1243 1126 1322 quantulum
1156 1245 1276 1323 quidem
1300 1265 1356 1306 non
1382 1247 1410 1306 iu
1433 1247 1515 1308 illum
1539 1255 1657 1309 tautum

301 1337 402 1398 xluorum
426 1331 481 1394 sed
504 1341 536 1393 et
559 1329 751 1394 circumcirca
774 1329 900 1408 spargit
908 1325 942 1402 *t

392 1421 482 1500 Prop.
516 1420 621 1482 XXV.
678 1419 755 1480 Lux
786 1436 850 1498 per
881 1420 1032 1481 medium
1065 1419 1257 1483 transiens
1296 1421 1499 1485 coloratum
1537 1426 1657 1503 magis

301 1510 493 1589 tnagisque
512 1508 722 1579 coloratur,
742 1517 780 1568 et
798 1507 1038 1570 rubicundior
1056 1509 1147 1582 exit,
1163 1529 1256 1590 quae
1270 1511 1487 1589 prolandius
1506 1514 1656 1576 medium

300 1598 471 1680 trajecit.
517 1599 611 1660 Patet
633 1615 687 1677 per
713 1591 762 1659 16.
811 1593 890 1665 Quia
914 1599 996 1658 color
1026 1597 1143 1676 objectu
1172 1599 1248 1660 lucis
1271 1617 1327 1661 nott
1356 1611 1473 1664 tanturm
1496 1603 1524 1664 in
1549 1621 1656 1682 super-

303 1690 369 1752 ficie
395 1689 448 1750 sed
473 1697 505 1748 et
528 1687 557 1748 in
581 1703 704 1765 corpore
728 1682 851 1756 est.**)

394 1777 483 1858 Prop.
517 1775 638 1838 XXVI.
691 1775 805 1836 Lucis
837 1773 933 1835 radii
964 1791 1000 1834 se
1032 1783 1158 1836 mutuo
1190 1794 1305 1857 neque
1335 1779 1508 1840 colorant
1541 1797 1657 1860 neque

299 1867 505 1930 illustrant
527 1883 643 1944 neque
667 1862 871 1942 impediant
894 1863 969 1923 ullo
993 1863 1105 1925 modo.
1143 1861 1237 1925 Radii
1255 1864 1333 1928 enim
1349 1875 1403 1947 pet
1422 1863 1452 1929 t.
1478 1867 1550 1930 nihil
1575 1869 1656 1929 aliud

303 1963 388 2029 aaut,
415 1973 503 2034 quant
526 1954 592 2032 ipse
624 1961 724 2014 motus
757 1951 831 2013 lucis
855 1959 887 2014 et
918 1949 1037 2022 coluris,
1070 1971 1124 2014 neo
1148 1953 1177 2014 iu
1201 1953 1261 2014 illis
1292 1955 1342 2015 lux
1365 1965 1413 2016 est
1436 1958 1505 2036 (per
1526 1955 1577 2032 8),
1602 1957 1656 2018 sed

302 2046 368 2124 jam
390 2043 523 2107 transiit.
570 2040 651 2103 Sane
674 2050 709 2102 ut
732 2059 786 2102 nec
809 2039 953 2121 physicus
976 2049 1074 2102 motus
1099 2041 1177 2102 alter
1200 2041 1327 2104 alterum
1351 2057 1461 2106 movet.

395 2132 485 2211 Prop.
505 2130 641 2193 XXVII.
676 2129 753 2190 Lux
776 2130 813 2190 in
836 2129 959 2191 eodem
982 2129 1099 2191 medio
1123 2131 1258 2209 partim
1283 2136 1549 2212 repercutitur,
1573 2151 1655 2212 par-

302 2222 370 2284 tim
394 2220 631 2300 infringitur,
664 2217 932 2297 pertimetis
966 2218 1090 2279 colore
1124 2219 1233 2280 medii
1265 2222 1516 2295 adhaerescit,
1551 2241 1657 2283 sena

302 2310 426 2371 colore
449 2308 668 2370 revibratur
696 2315 806 2386 atque
838 2307 892 2369 ita
916 2306 948 2368 iu
983 2308 1170 2369 tenuiores
1204 2308 1307 2372 luces
1336 2311 1522 2373 dividitur.
1569 2309 1656 2380 Qua-

304 2409 392 2460 tenus
417 2396 495 2460 enim
520 2397 591 2458 serit
613 2396 813 2475 superficiem,
837 2396 1038 2475 repercutitur
1059 2413 1113 2474 per
1139 2394 1192 2470 18,
1225 2407 1371 2474 qnatenus
1395 2418 1465 2462 vero
1489 2419 1526 2460 ea
1549 2418 1656 2478 super·

305 2487 388 2550 ficies
412 2496 460 2548 est
482 2483 624 2566 pellucidi
647 2485 790 2564 corporis,
816 2503 870 2565 per
887 2481 936 2547 10.
954 2485 1109 2546 transiret
1128 2504 1182 2564 per
1201 2483 1253 2548 20.
1270 2487 1451 2566 retringitur.
1489 2489 1567 2551 Dum
1586 2506 1657 2568 ergo

305 2578 364 2638 duo
388 2575 511 2655 objecta
530 2575 673 2650 illustrat,
699 2575 825 2635 alterum
840 2592 893 2653 per
907 2591 1114 2652 repercussum
1133 2574 1260 2636 alterum
1274 2595 1328 2655 per
1342 2579 1512 2652 refractum,
1538 2585 1654 2639 utrum-

299 2685 361 2745 ›que
386 2664 542 2746 aequalem
566 2665 611 2738 ei,
643 2681 806 2744 perquem
831 2663 944 2725 directe
969 2663 1077 2725 fuisset
1106 2663 1313 2726 illustratura:
1347 2673 1522 2729 attenuatur
1544 2665 1656 2746 utique,

251 2785 256 2794 ·
305 2755 378 2834 qnia
412 2755 488 2816 haec
523 2751 656 2816 definitio
692 2751 862 2814 tenuitatis.
917 2751 1006 2813 Facit
1042 2751 1097 2812 hoc
1134 2751 1227 2831 ipsius
1265 2754 1354 2815 medii
1391 2775 1502 2836 auceps
1538 2763 1656 2816 natma.

305 2843 446 2922 thuvat
477 2844 611 2906 essentia
643 2843 716 2904 lueis
750 2841 911 2902 densitatis
943 2840 1110 2919 particeps,
1145 2861 1235 2921 quare
1265 2851 1297 2903 et
1319 2845 1348 2904 in
1372 2853 1476 2924 partes
1507 2842 1658 2906 tenuiores

303 2932 397 2994 dividi
419 2940 535 3012 potest:
579 2931 613 2992 lu
638 2930 866 3010 metaphysica
891 2930 947 2990 boc
971 2929 1014 2990 ita
1038 2928 1241 2992 evidensnon
1267 2937 1324 3006 est,
1349 2933 1419 3013 quia
1443 2933 1605 2995 materiata
1627 2942 1659 2993 et
1705 2943 1711 2954 ·

304 3021 379 3082 dura
403 3021 511 3095 omnia,
537 3020 585 3083 bic
608 3018 680 3082 nibil
703 3021 776 3081 tale.
824 3018 950 3081 Vitellio
973 3017 1083 3098 probat
1107 3020 1330 3098 experimentis.

391 3109 481 3188 Prop.
506 3108 657 3172 XXVIII.
704 3108 825 3170 Luces
848 3107 976 3168 variae
999 3106 1033 3167 in
1058 3100 1150 3170 idem
1179 3108 1361 3186 objectum
1391 3109 1598 3172 incidentes
1623 3117 1659 3170 et

304 3198 584 3260 accumulantur
608 3209 646 3260 et
669 3197 942 3278 permiscentur
961 3205 1033 3257 turn
1053 3197 1150 3260 inter
1171 3217 1210 3258 se
1226 3207 1297 3259 tura
1316 3197 1425 3259 etiam
1444 3216 1519 3259 cum
1535 3198 1658 3260 colore

392 3368 417 3433 *l
440 3367 517 3432 Quod
540 3369 566 3422 in
589 3385 752 3438 repercussu
773 3385 826 3422 non
848 3369 987 3422 coloretur
1006 3369 1072 3433 lux,
1094 3368 1286 3438 experimento
1310 3375 1422 3424 constat
1447 3367 1538 3431 lucili,
1559 3367 1582 3421 si
1606 3367 1658 3422 ali·

304 3456 371 3520 quot
401 3449 495 3502 ordine
524 3449 638 3518 patellis
669 3448 805 3502 rariorum
835 3450 955 3502 colorum
986 3449 1113 3503 humores
1149 3443 1320 3519 (aequaliter
1349 3456 1441 3502 tamen
1471 3445 1570 3516 puras)
1599 3447 1659 3502 Soli

303 3529 475 3599 exposueris,
498 3529 537 3582 sic
556 3537 588 3584 ut
608 3545 784 3598 repercussus
806 3528 832 3582 in
854 3530 943 3582 locum
973 3529 1080 3584 feratur
1109 3531 1265 3583 umbrosum
1286 3535 1316 3582 et
1336 3543 1419 3596 super
1446 3527 1538 3581 albam
1560 3543 1656 3598 super-

302 3609 399 3664 ficiem.
440 3611 485 3664 lta
505 3608 548 3663 lris
569 3608 767 3679 experimentis
787 3608 820 3662 ut
839 3609 959 3672 evidens,
982 3609 1088 3664 colores
1111 3627 1166 3664 non
1187 3625 1248 3662 esse
1263 3609 1291 3662 in
1311 3607 1456 3678 superficie
1477 3607 1574 3668 sedin
1594 3623 1658 3676 pro·

303 3691 404 3744 lirndo:
436 3690 549 3759 proinde
580 3691 690 3743 elucere
719 3695 802 3758 atque
831 3690 899 3742 adeo
928 3689 955 3742 ia
985 3689 1105 3743 materia
1133 3691 1333 3760 quadamtenus
1360 3686 1501 3758 pellucida
1529 3687 1656 3742 haerere.

303 3770 418 3823 Omnino
447 3785 546 3838 corpus
572 3768 716 3840 requirunt
737 3768 842 3822 colores
869 3785 921 3822 uon
948 3769 1036 3824 minus
1064 3777 1149 3840 atque
1175 3769 1248 3822 infra
1276 3763 1358 3837 (Cap.
1388 3762 1450 3834 Vl.)
1478 3768 1537 3820 lux.
1581 3767 1658 3829 Quod

303 3855 397 3903 autem
417 3849 592 3904 nibilominus
620 3865 737 3918 corpora
761 3848 977 3916 repercutientis
1003 3849 1229 3903 communicatam
1250 3863 1328 3902 suam
1349 3847 1437 3900 luoem
1465 3847 1658 3901 orbiculariter

257 3923 261 3928 ’
302 3945 428 3998 sparsam
443 3928 528 3983 etiam
549 3943 730 3999 repercussae
752 3927 966 3991 intermisceant,
988 3935 1069 3998 patet
1089 3929 1116 3982 in
1137 3927 1337 3983 radiationibus
1352 3943 1402 3980 seu
1423 3927 1657 3982 illustrationibus

303 4007 501 4064 debilioribus:
522 4017 555 4062 ut
576 4009 691 4078 specula
711 4009 845 4076 quaedam
865 4008 1008 4062 metallica
1026 4009 1124 4062 faciem
1144 4014 1361 4079 repraesentant
1380 4006 1571 4071 rubicundam,
1594 4007 1660 4076 qnia

304 4107 342 4144 an.
365 4088 409 4144 eui
429 4089 530 4143 eoloris
549 4087 627 4142 radio
648 4087 765 4156 simplici
792 4087 935 4143 illustrant
954 4097 984 4142 et
1013 4090 1126 4160 tingunt
1153 4087 1321 4144 retilormem
1341 4103 1395 4141 nna
1415 4087 1503 4140 molen
1529 4085 1657 4150 debilius,

303 4185 384 4240 qnam
405 4167 486 4224 laciei
506 4169 600 4222 radius
620 4167 724 4236 duplex
747 4167 804 4220 tire
824 4184 1002 4237 repercussus
1024 4185 1042 4222 a
1062 4170 1182 4239 speculo.
1215 4168 1287 4223 Hinc
1307 4185 1357 4236 per
1378 4165 1430 4222 28.
1450 4167 1483 4222 tt
1502 4165 1600 4220 mixtio
1621 4183 1658 4220 ex

306 4257 423 4319 umque
445 4255 475 4302 et
494 4265 581 4304 norae
602 4247 677 4301 nolor
697 4246 726 4300 in
746 4247 832 4301 naulo.

384 4325 424 4394 *l
439 4328 631 4398 Propositione
642 4327 689 4381 25.
704 4328 779 4380 color
794 4327 821 4380 in
836 4326 980 4396 superficie
994 4347 1048 4382 noa
1058 4329 1142 4382 aliter
1156 4327 1299 4391 statuitur,
1316 4341 1396 4397 quam
1407 4341 1494 4395 supra
1504 4323 1595 4395 (prop.
1609 4324 1657 4392 13)
1734 4349 1736 4352 ·

304 4408 445 4470 densimr
477 4415 576 4479 estque
605 4423 720 4461 sensus:
752 4409 822 4477 quod
852 4407 986 4460 tamenne
1008 4409 1116 4479 quidem
1136 4409 1187 4462 lux
1207 4415 1305 4476 utpote
1336 4408 1471 4476 quaedam
1500 4405 1658 4475 superficies

303 4501 389 4558 passa
410 4489 485 4543 sita
505 4487 644 4542 densitate
670 4486 755 4540 solius
786 4486 956 4556 superficiei,
987 4489 1053 4557 quia
1080 4488 1202 4541 densitas
1232 4484 1422 4556 corpulentiae
1443 4485 1513 4538 nibil
1532 4485 1659 4540 babebat

305 4567 436 4621 camilla
456 4584 605 4637 commune.
647 4567 711 4620 lam
731 4583 796 4619 vero
818 4568 893 4620 color
914 4567 999 4620 omnis
1020 4585 1071 4636 per
1092 4575 1179 4622 tot-am
1206 4567 1328 4636 corporis
1359 4564 1575 4634 profunditatem
1604 4565 1657 4619 luni

303 4646 408 4716 pertin
427 4657 563 4718 cognatus
578 4653 631 4710 est,
653 4648 688 4700 ob
703 4648 792 4699 lucem
813 4646 1001 4714 potentialem,
1024 4650 1124 4717 partim
1145 4647 1308 4709 contrarius,
1330 4648 1365 4700 ob
1384 4643 1559 4699 intermixtas
1580 4651 1658 4698 tene·

304 4727 379 4780 brat.
421 4727 475 4779 Per
495 4733 583 4781 totam
604 4725 911 4798 igiturunorpulentiam
938 4727 1067 4794 pellucidi
1088 4729 1139 4781 lux
1159 4742 1178 4779 a
1198 4727 1290 4779 colore
1311 4724 1446 4786 afficitur,
1474 4741 1528 4780 non
1550 4731 1658 4778 tautum

304 4805 333 4862 in
356 4803 478 4872 malenti
498 4805 661 4878 superficiei,
683 4821 743 4862 oum
763 4805 935 4880 refringitur.
