3672 5528
754 327 835 392 caput
853 322 885 377 V.
905 327 929 376 l.
1454 325 1518 398 227

157 501 223 575 das,
246 523 309 564 uon
337 522 410 565 vero
435 503 512 566 alter
535 504 564 566 iu
588 505 863 584 compensationem
888 505 1011 568 alterius
1039 505 1154 568 amissi.
1201 507 1320 570 Natura
1343 509 1422 570 enim
1446 509 1517 571 nihil

156 593 293 674 jacturae
320 593 467 655 destinat.
515 592 600 656 Situs
624 612 725 655 eorum
748 594 778 655 in
803 595 952 656 altissimo
976 592 1055 669 loco,
1081 604 1115 656 ut
1137 595 1220 656 visus
1244 596 1283 657 ed
1305 606 1393 658 tanto
1417 615 1518 660 remo·

161 681 239 742 tiore
261 681 333 743 loca
357 681 551 761 pertingeret.
600 681 676 744 (lum
709 682 786 744 euim
817 691 899 746 terra
927 689 959 744 et
981 701 1064 744 mere
1092 683 1284 762 potissimum
1307 685 1348 747 sit
1380 687 1518 767 sphaeri-

162 790 241 844 cum,
266 769 375 833 oculus
399 770 482 832 nulla
513 772 679 834 collocatus
704 772 732 832 in
758 771 943 834 sublimitate
971 771 1044 833 nihil
1078 773 1228 851 planede
1256 773 1381 852 planitie
1413 785 1520 855 posset

160 859 276 934 intueri,
304 867 421 921 tumore
445 859 526 939 globi
555 879 674 940 quaqua
697 879 815 922 versum
846 860 1052 941 praepeditus.
1100 862 1137 923 Id
1160 880 1215 922 uos
1240 862 1350 925 docent
1373 863 1517 936 ciconiae,

160 947 288 1010 maxime
312 947 563 1027 camelopardali,
589 957 689 1010 erecto
714 949 792 1011 collo
817 949 854 1009 ad
878 948 975 1011 visum
998 958 1030 1010 et
1053 951 1186 1012 auditum
1215 968 1313 1012 rerum
1336 961 1519 1014 remotarum

159 1043 245 1098 muro
270 1036 492 1099 distinctionem
515 1037 712 1118 capiendum:
738 1055 829 1117 supra
848 1039 948 1099 omnia
971 1038 1101 1118 aquilae,
1126 1057 1202 1119 quae
1220 1039 1395 1102 universam
1417 1042 1518 1120 regio-

158 1145 226 1187 nem
250 1125 385 1206 praedae
416 1145 509 1188 ceusa
538 1127 719 1188 lustraturae
750 1126 890 1189 sublimia
916 1134 1032 1206 petunt.
1081 1125 1182 1198 Quare
1210 1127 1321 1190 clarius
1351 1129 1517 1204 Jessenius,

159 1233 248 1294 quam
272 1215 431 1290 Plate'rus,
458 1215 527 1276 ideo
556 1216 698 1278 sublimes
723 1235 790 1277 esse
814 1215 935 1288 oculos,
960 1215 1010 1276 ille
1035 1215 1075 1276 ad
1097 1217 1184 1296 plura
1207 1218 1391 1294 spectanda,
1414 1218 1462 1280 hic
1482 1223 1519 1280 'ut

153 1303 280 1394 'singula
304 1323 342 1364 ex
366 1303 429 1365 alto
451 1304 557 1365 melius
580 1304 796 1384 perspicerent.
843 1304 922 1366 Nam
946 1304 1024 1384 quod
1048 1304 1167 1386 singule
1191 1305 1311 1382 attinet,
1335 1307 1441 1370 melius
1465 1307 1520 1368 illa

45 1433 52 1442 -
159 1393 368 1474 epropinqno
401 1391 608 1472 inspiciuntur.
655 1392 698 1454 Et
721 1410 872 1454 uummmn
895 1393 925 1454 iu
956 1401 1067 1454 terram
1100 1394 1268 1473 projectum
1297 1403 1350 1456 aut
1381 1398 1517 1474 plantam

159 1479 305 1544 humilem
337 1480 568 1561 contemplaturi
599 1483 710 1544 oculos.
735 1481 930 1543 demittimus.
978 1482 1024 1542 De
1057 1481 1177 1544 homine
1206 1479 1333 1545 Ovidius
1365 1484 1462 1545 ethice
1487 1491 1518 1544 et

161 1577 336 1650 samem.
427 1661 573 1731 Pronaque
594 1677 654 1714 curn
675 1665 803 1728 spectent
823 1659 955 1714 animalia
976 1665 1071 1714 cetera
1091 1665 1194 1715 terram
1255 1731 1258 1740 y

432 1742 469 1795 Os
490 1740 591 1794 homiui
613 1739 730 1794 sublime
751 1739 834 1804 dedit,
857 1740 1017 1810 coelumque
1039 1740 1110 1794 tueri

427 1819 525 1885 lussit,
547 1828 577 1876 et
597 1827 704 1874 erectos
727 1822 762 1875 sd
782 1820 874 1874 sidere
895 1820 994 1874 tollere
1015 1820 1119 1876 vultus.

246 1925 293 1987 At
317 1922 440 2006 physice
464 1924 490 1985 si
514 1923 695 1993 consideres,
721 1941 815 2004 neque
840 1923 917 1986 oculi
940 1924 1060 1986 suntin
1084 1925 1197 1987 vertice
1221 1943 1316 2006 neque
1339 1945 1416 1988 cave
1438 1927 1517 1990 oculi

159 2033 287 2089 sursum,
314 2014 368 2074 sed
393 2014 432 2075 ad
456 2014 554 2074 latere
577 2022 608 2074 et
632 2013 770 2075 deorsum
793 2013 924 2075 secundo
947 2031 1021 2074 uaso
1045 2012 1141 2091 magis
1164 2023 1280 2094 patent.
1318 2016 1425 2095 ltaque
1449 2035 1515 2078 ser-

159 2103 256 2164 monis
281 2101 483 2164 commutandi
516 2120 610 2162 causa
634 2101 736 2162 sicin
770 2100 888 2162 homine
911 2101 961 2162 siti
986 2121 1054 2163 esse
1081 2102 1238 2179 videntur,
1268 2123 1334 2165 curn
1365 2105 1408 2165 sit
1430 2105 1516 2168 homo

160 2191 271 2253 animal
296 2189 441 2252 sociabile
466 2198 498 2252 et
520 2189 685 2270 politicum.
732 2191 805 2271 Ipsa
832 2191 934 2269 itaque
964 2208 1090 2270 corpora
1113 2192 1152 2252 ad
1180 2192 1358 2254 societatem
1388 2191 1518 2255 invitant

161 2281 257 2360 magis
291 2299 382 2360 quarn
416 2279 597 2341 animalium.
645 2280 752 2360 Itaque
780 2280 858 2340 hanc
881 2278 997 2341 Plateri
1029 2281 1210 2342 sententiam
1233 2284 1283 2354 (ut
1310 2289 1395 2343 recta
1427 2283 1516 2344 rebus

160 2375 391 2448 opponerentur,
416 2368 595 2430 anteriorem
621 2369 718 2429 locum
741 2369 948 2440 obtinuerunt)
974 2369 1051 2448 quod
1075 2369 1225 2431 hominem
1249 2370 1368 2445 attinet,
1393 2371 1516 2450 pulchre

161 2457 196 2519 de
220 2457 282 2519 alio
307 2457 426 2520 homine
450 2457 560 2519 homini
589 2456 729 2536 opposito
754 2457 918 2537 acceperis.
966 2457 1040 2518 Alia
1067 2477 1159 2519 causa
1190 2459 1302 2536 petitur
1327 2479 1345 2518 a
1368 2459 1517 2538 dignitate

160 2545 298 2609 hominio.
348 2544 424 2608 Cum
448 2545 758 2608 animalibusceteris
782 2554 889 2625 pastus
913 2546 1074 2620 debeatur,
1100 2546 1247 2608 demissos
1278 2547 1389 2610 hebent
1413 2549 1516 2608 oculos

160 2635 196 2696 ad
220 2635 278 2696 sibi
304 2635 452 2714 proxima.
498 2635 593 2695 Homo
622 2642 827 2696 creaturarum
858 2635 994 2696 dominus
1022 2634 1066 2694 sic
1095 2634 1239 2696 directum
1268 2634 1362 2696 habet
1390 2636 1515 2707 vultum,

161 2733 191 2785 ut
214 2723 366 2799 continue,
392 2742 481 2802 quam
504 2722 566 2783 late
589 2731 717 2802 pateant
740 2724 859 2784 termini
884 2723 1085 2802 possessionis
1105 2743 1187 2797 suae,
1213 2723 1410 2802 contemplari
1435 2723 1515 2785 invi·
1625 2779 1630 2790 ,

159 2819 250 2886 tetur,
272 2805 297 2872 ii
320 2820 392 2873 suut
414 2812 529 2873 coelum
552 2812 660 2890 ipsum,
685 2812 835 2873 montibus
860 2821 893 2874 ut
916 2811 1035 2873 videtur
1059 2811 1241 2890 contiguum.

247 2898 312 2963 Sed
334 2920 430 2963 causa
453 2920 505 2962 cur
526 2901 556 2962 iu
579 2900 658 2962 idem
682 2901 762 2962 latus
786 2908 914 2980 vergant
936 2900 1014 2962 oculi
1037 2907 1068 2962 et
1092 2920 1180 2962 aures
1209 2900 1322 2980 petitur
1344 2900 1514 2962 rectissime

160 2997 298 3065 amoto,
334 2990 383 3070 qui
407 3007 474 3051 cum
498 2988 560 3051 deri
589 2989 725 3050 debuerit
746 2991 776 3051 in
801 2989 880 3051 linea
902 2998 988 3051 recta
1020 2989 1166 3050 horizonti
1199 2988 1363 3068 parallelo,
1397 2989 1515 3050 omuino

159 3081 255 3141 flexus
287 3078 488 3141 membrorum
512 3087 543 3139 et
573 3077 649 3139 situs
682 3077 919 3145 necessariorum
952 3097 1091 3140 sensuum
1121 3077 1150 3139 iu
1183 3079 1305 3158 plagam
1334 3079 1371 3140 de
1405 3077 1515 3140 circulo

158 3167 323 3230 horizontis
356 3167 483 3228 eandem
513 3185 637 3246 vergere
670 3166 846 3228 debuerunt.
900 3166 1033 3246 Cumque
1067 3164 1204 3228 Galenus
1236 3166 1388 3229 oculorum
1420 3185 1517 3228 cause

159 3265 251 3335 caput
268 3255 298 3318 iu
318 3255 440 3318 sublimi
459 3273 526 3316 esse
550 3255 670 3328 dixerit,
695 3275 761 3316 curn
782 3274 838 3316 nou
864 3263 990 3334 possent
1008 3255 1085 3318 oculi
1106 3255 1195 3334 longe
1216 3277 1235 3318 a
1253 3257 1375 3318 cerebro
1396 3255 1513 3330 abesse,

159 3345 258 3424 sitque
282 3352 525 3419 consentaneum,
551 3343 618 3405 ideo
633 3351 666 3405 et
684 3344 791 3406 collum
812 3344 944 3406 flexibile
967 3344 1087 3420 lactum,
1112 3351 1146 3405 ut
1164 3344 1203 3405 ad
1222 3365 1268 3419 ea,
1294 3363 1370 3425 quae
1390 3364 1410 3405 a
1429 3353 1515 3422 tergo

134 3443 243 3508 ‘suut‚
269 3433 402 3495 videnda
425 3439 457 3494 et
479 3431 628 3494 audienda
653 3447 759 3494 sensus
789 3433 923 3494 converti
947 3443 1093 3513 possent,
1122 3433 1189 3495 hinc
1217 3452 1276 3494 uon
1304 3433 1405 3512 inepte
1429 3451 1514 3494 com·

159 3522 227 3602 poni
261 3521 380 3584 ridetur
408 3529 553 3602 tauquam
577 3540 616 3581 ex
639 3521 796 3582 elementis
821 3528 853 3582 et
875 3522 951 3583 haec
973 3521 1184 3584 ratiocinatio:
1214 3522 1281 3584 ideo
1305 3521 1419 3582 vicinos
1443 3539 1512 3581 esse

159 3610 261 3672 oculos
293 3609 436 3685 cerebro,
470 3609 540 3690 quia
573 3609 692 3689 objecta
724 3609 806 3670 visus
840 3617 871 3671 et
904 3610 1023 3672 auditus
1054 3619 1125 3672 sunt
1157 3629 1251 3671 eausa
1281 3609 1381 3671 finalis
1414 3616 1513 3669 motus

161 3699 275 3775 localis,
300 3705 332 3760 et
354 3717 428 3761 vero
451 3705 549 3761 motus
574 3699 677 3760 localis
701 3698 797 3759 omnis
820 3698 849 3760 iu
873 3698 1137 3761 cerebriarbitrio
1160 3699 1237 3760 situs
1261 3707 1318 3759 est
1357 3697 1399 3758 Ut
1421 3696 1513 3774 igitur

161 3799 243 3852 crtus
267 3787 404 3869 corporis
423 3787 527 3868 quovis
543 3786 665 3849 fulmine
684 3787 773 3848 citius
788 3786 828 3847 ad
844 3787 1053 3867 persequenda
1068 3806 1105 3848 ea
1127 3787 1364 3864 accingerentur,
1390 3801 1512 3862 quorum

160 3886 282 3958 spectra
305 3896 361 3958 per
384 3895 491 3938 sensus
514 3876 554 3937 ad
578 3874 731 3938 cerebrum
765 3876 926 3946 ferrentur,
961 3877 1063 3937 oculos
1087 3875 1117 3936 iu
1141 3874 1207 3953 ipso
1236 3872 1323 3952 quasi
1355 3871 1513 3951 complexu

160 3965 276 4029 cerebri
299 3965 444 4028 constitui
468 3965 609 4044 oportuit.

247 4055 365 4117 Latent
388 4053 465 4115 oculi
495 4052 603 4132 singuli
627 4051 656 4112 in
681 4050 808 4114 cameris
841 4051 965 4131 siugulis
997 4051 1169 4114 securitatis
1199 4068 1312 4124 cansa;
1345 4047 1514 4129 prominent

160 4153 270 4218 tamen,
296 4163 333 4214 ue
357 4141 504 4204 lateribus
527 4159 664 4202 camerae
689 4139 822 4221 impediti
847 4159 906 4202 nou
934 4149 1059 4219 possent
1084 4139 1233 4201 intutum
1262 4135 1512 4218 hemisphaerium

162 4251 215 4294 uno
248 4231 361 4294 intuitu
392 4229 575 4312 prospicere.
622 4229 668 4291 At
688 4246 760 4290 -cum
794 4228 898 4291 totalis
925 4229 984 4290 iste
1019 4237 1197 4309 prospectus
1226 4246 1284 4290 nou
1316 4234 1422 4306 posset
1445 4242 1513 4285 esse

162 4321 321 4384 distinctus
344 4319 405 4383 nisi
428 4319 457 4380 iu
488 4319 605 4394 medio,
640 4337 658 4378 a
689 4316 834 4379 lateribus
865 4334 936 4378 vero
970 4317 1111 4378 coulusus
1144 4325 1244 4385 esset,
1276 4324 1389 4378 motum
1419 4311 1513 4374 oculis

162 4411 266 4473 adesse
291 4407 479 4472 celerrimum
503 4405 644 4486 oportuit,
670 4424 726 4486 quo
751 4405 856 4468 melius
879 4413 1057 4485 prospectus
1081 4405 1294 4467 transferretur
1317 4403 1356 4464 ad
1380 4401 1513 4481 singulas
1584 4483 1587 4488 Ι

162 4498 374 4581 hemisphaerii
398 4504 512 4577 partes.

247 4587 406 4669 Amplius:
433 4603 499 4646 cnm
520 4583 583 4646 bini
606 4581 685 4644 oculi
708 4581 769 4644 siut
792 4581 830 4642 ob
854 4579 1070 4643 discernendas
1094 4599 1191 4643 rerum
1216 4578 1390 4654 distantias,
1414 4577 1513 4639 direc-

163 4675 239 4740 tione
261 4677 340 4760 ipsis
365 4693 421 4738 seu
444 4672 632 4735 contortione
663 4671 842 4734 creberrima
870 4689 944 4750 opus
978 4669 1049 4743 luit,
1083 4688 1158 4749 quae
1190 4667 1296 4732 itidem
1324 4675 1424 4730 motus
1456 4674 1513 4728 est.

161 4765 225 4829 Non
246 4787 319 4832 vero
346 4760 541 4844 expediebat,
566 4759 669 4822 oculos
693 4759 748 4821 hoc
772 4767 855 4822 motu
879 4765 982 4820 centro
1008 4775 1061 4818 suo
1078 4755 1218 4838 emoveri.
1252 4731 1295 4818 Ui
1317 4756 1407 4835 igitur
1426 4773 1516 4835 super

160 4865 258 4922 neutro
287 4847 507 4926 moverentur,
535 4847 709 4930 sphaericos
741 4847 874 4911 exterius
905 4863 973 4908 esse
1001 4844 1148 4924 oportuit,
1181 4844 1240 4906 uisi
1263 4853 1411 4924 quatenus
1435 4843 1516 4910 iutro

1245 4947 1303 5007 ll*
