3672 5528
754 303 836 371 aas
851 301 885 355 v.
905 303 929 354 ι.
1031 326 1035 334 -
1083 271 1086 276 ’
1451 303 1517 374 eor

247 477 337 542 Haec
361 477 464 542 omnia
486 485 518 542 et
540 481 567 543 si
591 499 650 562 qua
681 487 753 544 sunt
780 481 855 557 alla,
883 501 922 544 ex
949 485 1049 546 retine
1077 484 1180 546 tunica'
1206 485 1331 547 trahunt
1362 483 1519 565 originem,

165 569 218 632 sed
241 567 362 632 diverso
386 576 536 648 respectu.
574 569 704 632 Primum
727 571 867 652 quicquid
889 571 980 652 hujus
1004 573 1115 636 accidit
1134 573 1251 636 visibus
1275 573 1402 648 vitiosis,
1428 591 1519 636 occa-

167 658 278 720 sionem
301 677 341 720 ex
364 657 571 739 propositione
594 655 646 722 26.
670 657 724 722 27.
753 659 922 740 praemissa
954 661 1077 724 invenlt.
1123 661 1300 724 Remotiora
1331 679 1454 746 nempe,
1488 669 1522 724 nt

166 753 236 810 sunt
257 765 387 827 corpora
410 747 568 821 coelestia,
593 747 778 811 radiationes
801 749 840 811 ab
864 769 920 812 uno
943 759 1054 830 puncto
1079 758 1190 830 cogunt
1213 751 1242 813 in
1266 769 1354 813 nuum
1369 757 1521 830 punctum,

166 845 325 916 antequam
350 835 505 915 attingant
527 836 725 913 retiformem,
755 857 847 918 seque
880 845 980 900 mutuo
1014 848 1153 902 secantes
1188 841 1216 902 in
1241 859 1276 901 eo
1300 846 1425 920 puncto,
1455 841 1520 920 janu

166 924 285 986 dilatati
309 926 340 986 in
369 925 499 987 retinam
530 925 714 1006 impingunt,
747 927 790 988 sic
814 945 872 988 uon
899 935 1040 1006 punctum
1065 929 1180 991 retinas
1204 949 1223 991 a
1245 937 1356 1008 puncto
1380 928 1443 1003 rei,
1468 929 1521 990 sed

164 1013 392 1092 superficiecnla
423 1013 488 1093 ejus
519 1035 538 1076 a
567 1021 677 1093 puncto
706 1014 750 1076 rei
778 1021 810 1077 et
837 1015 881 1077 sic
909 1035 928 1076 a
956 1015 1090 1095 pluribus
1119 1019 1239 1097 punctis
1272 1017 1418 1095 cingitur:
1452 1017 1524 1079 alba

163 1121 233 1164 vero
259 1110 291 1164 et
315 1102 400 1164 clara
422 1103 541 1166 fortiter
564 1103 718 1165 illustrant
741 1123 826 1166 snam
849 1105 1045 1184 superficiem.
1092 1107 1221 1169 Faciunt
1248 1107 1360 1184 igitur,
1387 1112 1422 1167 nt
1446 1125 1522 1187 quac

162 1189 274 1254 ibidem
298 1192 462 1271 pinguntur
483 1192 579 1253 minus
603 1192 696 1268 clara,
721 1211 780 1272 qua
803 1192 947 1254 terminos
971 1193 1038 1272 ipsa
1056 1212 1126 1255 suos
1141 1195 1330 1274 protulerant
1354 1193 1523 1274 (proferunt

164 1285 265 1342 antem
289 1280 339 1341 vel
363 1279 451 1342 nimis
474 1288 607 1356 remota,
633 1281 766 1343 sectione
791 1282 874 1343 facta
896 1288 967 1343 ante
989 1281 1137 1352 retinam,
1162 1284 1210 1345 vel
1234 1283 1322 1345 nimis
1345 1282 1521 1363 propinqua,

164 1377 197 1430 nt
215 1369 284 1449 jam
307 1368 396 1430 ruodo
419 1369 524 1448 regula
545 1387 642 1448 opaca
665 1388 739 1431 cono
754 1370 874 1432 radioso
899 1391 917 1431 a
940 1371 1039 1432 retina
1058 1381 1141 1433 secto
1155 1373 1330 1453 priusquam
1354 1371 1382 1432 in
1401 1389 1522 1433 mucro-

163 1475 233 1520 nem
247 1457 386 1532 desinat;
410 1457 478 1520 vide
500 1477 544 1539 pr.
565 1454 619 1521 26.
644 1456 698 1521 27.
723 1455 776 1522 28.
800 1459 888 1538 hujus
908 1459 1042 1540 capitis),
1067 1460 1157 1540 plane
1173 1461 1354 1523 delitescant
1368 1461 1522 1540 locumque

166 1545 244 1608 albis
269 1547 391 1621 cedant,
416 1547 518 1626 itaque
541 1565 617 1626 pene
640 1547 720 1608 idem
743 1548 960 1622 detinuerim
983 1549 1061 1629 qnod
1076 1567 1167 1628 snpra
1191 1549 1227 1612 de
1251 1549 1328 1611 radii
1346 1549 1522 1628 figuratione

165 1635 268 1714 capite
293 1635 335 1697 Il.
361 1635 566 1698 demonstravi
589 1636 618 1697 in
642 1635 758 1716 pariete
782 1636 855 1698 lieri.
897 1634 987 1708 Quod
1010 1645 1110 1701 autem
1133 1659 1191 1700 non
1216 1638 1393 1719 simpliciter
1416 1637 1524 1718 amplia

165 1730 233 1786 atur
266 1724 385 1804 species
416 1724 559 1799 lucentis,
592 1725 647 1786 sed
679 1724 766 1805 quasi
798 1725 1014 1804 multiplicatur
1042 1731 1074 1788 et
1098 1745 1135 1788 ex
1159 1727 1261 1790 multis
1288 1725 1441 1790 distinctis
1464 1745 1524 1787 nna

166 1813 270 1894 aliqua
300 1813 397 1892 major
419 1813 625 1875 confunditur:
658 1814 689 1876 id
711 1813 830 1876 videtur
853 1833 921 1876 esse
949 1815 999 1876 vel
1030 1824 1155 1896 propter
1183 1835 1274 1896 rugas
1304 1830 1414 1890 nveae,
1449 1833 1524 1895 quac

166 1910 259 1964 noctu
284 1919 352 1962 eum
375 1901 490 1963 Lunam
514 1902 661 1965 iutuemur
692 1902 856 1977 dilatatur,
889 1909 921 1964 et
944 1903 973 1965 in
997 1923 1031 1966 aa
1054 1904 1142 1984 inque
1166 1923 1258 1984 rugas
1282 1923 1353 1966 snas
1376 1903 1451 1978 coit,
1474 1904 1525 1965 vel

164 1996 289 2070 propter
305 1988 418 2052 hiatus
442 1987 587 2052 ciliarium
618 2009 821 2072 processuum.
867 1991 947 2055 Nam
975 1994 1141 2055 contractis
1173 1993 1328 2074 palpebris
1358 2000 1389 2055 et
1425 1991 1523 2054 fronte

164 2086 327 2156 corrugata
340 2077 486 2158 plurimae
502 2079 607 2141 talium
626 2079 770 2142 falsarum
784 2079 951 2159 specierum
966 2081 1171 2160 deterguntur,
1196 2102 1253 2144 non
1268 2089 1369 2144 tamon
1384 2081 1522 2162 undique,

169 2167 239 2248 quia
261 2185 318 2246 per
338 2167 576 2230 contractionem
598 2167 810 2248 palpebrarum
836 2187 894 2230 uon
918 2169 1046 2249 undique
1074 2170 1177 2232 oculus
1201 2169 1368 2250 aequaliter
1389 2170 1522 2248 tegitur:

164 2255 217 2319 sed
241 2256 440 2318 transversim
455 2257 551 2318 nudus
570 2256 755 2338 relinquitur,
773 2256 913 2337 quamdin
936 2258 1099 2338 palpebrae
1122 2278 1211 2338 quarn
1235 2259 1389 2321 minimum
1406 2265 1523 2337 patent.

251 2343 320 2406 Hoc
343 2363 416 2424 ergo
439 2345 556 2407 nomine
579 2345 698 2424 pictura
719 2345 833 2407 visoria
845 2345 980 2421 vitiatur,
1006 2365 1094 2427 quam
1113 2347 1255 2410 vitiosam
1278 2347 1362 2428 sequi
1376 2345 1522 2409 visionem

162 2449 288 2495 necesse
314 2441 370 2495 est.
418 2431 451 2495 Si
475 2433 610 2514 aequalis
633 2433 733 2496 omnia
756 2434 904 2498 claritatis
927 2435 1063 2510 inissent,
1089 2435 1164 2498 visio
1188 2437 1315 2499 confusa
1337 2444 1435 2510 esaet3
1455 2436 1521 2515 jam

161 2539 243 2596 vero,
270 2522 341 2602 quia
364 2520 464 2584 lucida
485 2523 688 2602 praepollent,
713 2523 882 2604 quantitate
907 2521 1107 2599 vitiantur.*)
1154 2525 1255 2605 Atque
1289 2523 1348 2586 etsi
1378 2524 1521 2588 fortassis

161 2609 354 2672 inomnibus
378 2629 470 2672 conus
494 2609 636 2690 pistorius
660 2611 816 2687 dilatatur,
841 2630 898 2674 non
922 2631 1025 2674 omnes
1048 2619 1148 2674 tamen
1173 2615 1250 2676 adeo
1273 2611 1377 2676 subtili
1395 2619 1520 2674 utuntur

159 2699 307 2761 facultate
331 2697 454 2773 visoria,
477 2707 511 2761 ut
534 2699 669 2762 omnibns
692 2699 910 2762 radiationibus
934 2701 1088 2776 sentiant3
1119 2701 1168 2782 qui
1192 2719 1264 2763 vero
1288 2701 1458 2763 afficiuntur
1482 2701 1520 2762 ab

161 2788 301 2850 omnibus
339 2786 572 2865 radiationibus,
605 2789 626 2850 ii
654 2788 711 2851 soli
738 2788 839 2851 lucida
865 2788 923 2851 sibi
955 2790 1070 2870 majora
1091 2789 1304 2871 imaginantur.
1358 2789 1437 2852 Hinc
1471 2788 1520 2869 qui

158 2873 271 2956 insigni
300 2876 457 2939 debilitate
486 2876 568 2938 visus
601 2885 687 2952 sunt,
725 2896 783 2939 nou
813 2877 913 2940 lucida
940 2885 1058 2940 tanturn
1093 2880 1146 2941 sed
1177 2885 1209 2942 et
1240 2879 1341 2956 nigra,
1378 2878 1469 2940 exilia
1496 2879 1523 2940 si

158 2964 272 3027 fuerint
295 2974 327 3026 et
349 2964 507 3026 immodice
530 2974 657 3039 remota,
681 2966 836 3045 duplicata
857 2965 1018 3029 intuentur.

251 3051 395 3133 Cognata
427 3053 567 3134 quaestio
598 3062 646 3117 est
674 3055 754 3134 apud
781 3055 983 3118 Aristotelem
1020 3055 1152 3117 sectione
1178 3049 1231 3116 31.
1258 3055 1354 3136 procl.
1381 3049 1437 3128 28,
1469 3073 1522 3117 cur

159 3141 261 3204 lumen
284 3139 316 3203 in
341 3141 444 3203 oculos
466 3143 589 3204 radians
614 3143 734 3205 auferat
763 3155 956 3224 conspectum
987 3163 1085 3206 rerum
1118 3143 1296 3211 vicinarum,
1326 3143 1375 3224 qui
1409 3143 1520 3206 lumine

158 3230 196 3292 ab
220 3230 317 3292 oculis
341 3249 449 3292 averso
470 3231 586 3294 redeat.
604 3241 709 3310 (Quare
727 3258 796 3314 prae
817 3245 946 3298 claritate
960 3245 1057 3298 Lunae
1072 3250 1122 3298 aut
1135 3243 1211 3298 Jovis
1235 3249 1285 3297 aut
1298 3241 1415 3297 Veneris
1436 3243 1522 3296 minu-

156 3320 425 3376 concineremus
438 3321 545 3393 aliquot
557 3325 661 3394 gradun
675 3323 762 3378 rideri
771 3319 935 3394 nequeunt.)
957 3323 1035 3384 Nam
1050 3323 1173 3402 perinde
1188 3322 1232 3383 uti
1246 3322 1393 3383 hacteuus
1408 3322 1521 3384 dictum

156 3417 262 3490 partes
283 3408 403 3490 aliquae
427 3409 589 3472 retilormis
612 3410 802 3473 illustrantur
828 3411 1001 3486 fortissime,
1026 3411 1126 3474 sensio
1149 3411 1251 3491 itaque
1273 3419 1322 3472 est
1346 3409 1522 3480 fortissima,

157 3497 340 3577 reliquarum
354 3495 494 3578 partium,
507 3517 583 3579 quae
593 3496 762 3561 visibilibus
773 3501 955 3580 respondent
964 3499 1238 3572 circumstantibus,
1252 3499 1382 3562 radiatio
1395 3499 1425 3560 in
1441 3499 1523 3561 nulla

160 3587 199 3648 ad
212 3585 299 3648 illam
313 3586 505 3666 proportione
520 3594 583 3650 est:
599 3605 691 3668 quare
703 3597 735 3649 et
749 3588 848 3652 sensio
863 3607 939 3669 pene
954 3589 1045 3650 nulla.
1069 3589 1147 3651 Nam
1164 3589 1206 3650 uti
1222 3607 1255 3650 se
1270 3588 1364 3650 habet
1377 3587 1522 3649 distincta

155 3674 321 3738 retiiormis
343 3675 463 3754 pictura
485 3675 523 3736 ad
547 3675 724 3738 distinctam
746 3677 907 3751 visionem,
938 3676 984 3740 ita
1013 3677 1102 3739 tortis
1134 3677 1270 3758 picturae
1294 3675 1457 3738 illustratio
1481 3677 1520 3736 ad

157 3764 266 3827 ionem
289 3763 479 3826 sensionem:
503 3763 533 3826 iu
558 3785 617 3845 qna
639 3765 762 3845 spiritus
786 3767 911 3828 multum
925 3765 1089 3844 patiuntur.
1129 3765 1230 3844 Magis
1255 3766 1384 3826 fortasse
1399 3771 1522 3845 spectat

156 3851 212 3915 boc
235 3852 277 3914 ad
300 3851 429 3914 alterum
453 3853 535 3916 visne
567 3853 688 3928 vitium,
723 3855 802 3935 quod
832 3855 975 3935 sequitur.
1022 3853 1118 3934 Igitur
1146 3853 1225 3914 alter
1256 3859 1428 3933 respectus,
1463 3871 1519 3932 quo

156 3942 258 4005 retina
289 3940 456 4003 lucidorum
486 3941 621 4022 picturas
653 3941 795 4023 ampliat,
832 3942 951 4006 videtur
986 3942 1067 4006 ultra
1099 3943 1182 4023 leges
1214 3940 1332 4021 opticas
1365 3941 1518 4004 accedere.

156 4031 272 4094 Tritum
295 4029 417 4111 quidem
440 4039 489 4092 est
510 4031 590 4110 apud
603 4031 755 4112 physicos,
779 4031 907 4094 candido
932 4032 1031 4094 colore
1055 4029 1196 4110 dissipari
1219 4029 1320 4092 radios
1336 4027 1429 4104 Solis,
1453 4030 1518 4094 col-

156 4119 207 4198 ligi
230 4119 329 4200 nigro.
375 4117 482 4199 Neque
506 4139 578 4181 sane
602 4121 713 4182 salsum
742 4119 800 4182 hoc
823 4139 891 4184 esse
921 4119 1058 4194 videtur,
1088 4120 1115 4182 si
1148 4119 1213 4200 quis
1244 4136 1391 4200 papyrum
1419 4118 1519 4182 albanu

156 4208 243 4290 globo
267 4226 368 4290 aquao
391 4207 442 4268 vet
465 4209 641 4289 crystallino
669 4209 700 4270 in
721 4215 833 4288 puncto
855 4208 1036 4272 incensionis
1060 4228 1112 4270 seu
1136 4206 1359 4270 intersectionis
1384 4207 1518 4287 obiiciat,

155 4298 214 4360 late
238 4297 397 4362 illustrata
419 4296 584 4373 videbitur,
619 4298 673 4360 sed
697 4295 925 4360 conniventibus
948 4299 986 4360 ob
1010 4296 1181 4359 claritatem
1215 4295 1330 4372 oculis3
1361 4297 1408 4358 siu
1432 4297 1519 4375 nigra

153 4405 282 4471 papyrus
308 4385 413 4458 luerit,
439 4384 596 4464 angustior
618 4387 791 4466 superficies
814 4386 1023 4449 illustrabitur.
1059 4383 1135 4456 Quis
1158 4385 1249 4464 igitur
1273 4403 1331 4448 non
1354 4384 1519 4456 existimet,

152 4477 249 4542 radios
272 4475 348 4540 albo
374 4473 485 4552 disjici,
509 4475 594 4556 nigro
617 4475 718 4538 coire?
762 4474 947 4539 Praesertim
971 4475 997 4538 si
1020 4474 1123 4538 videat
1145 4475 1233 4554 nigra
1255 4473 1445 4554 potissimum
1469 4473 1517 4535 in-

227 4683 258 4759 0)
279 4683 432 4743 Diffemnt
451 4679 521 4735 visio
541 4681 657 4735 contusa
678 4687 707 4736 at
726 4681 796 4736 visio
823 4697 948 4736 erronea.
991 4681 1113 4735 Confusa
1133 4686 1189 4743 art,
1213 4695 1273 4732 cnm
1294 4681 1363 4733 duas
1383 4693 1429 4735 res
1449 4679 1519 4736 vidit

135 4775 232 4830 „dem
254 4771 345 4828 10003
377 4775 498 4818 emensa
516 4761 561 4826 ut,
583 4777 644 4816 cnm
665 4761 742 4816 locus
764 4763 850 4817 omnis
872 4761 955 4816 alteri
984 4767 1091 4815 tautum
1110 4759 1152 4813 rei
1172 4759 1249 4814 visae
1271 4759 1323 4814 soli
1345 4757 1517 4827 attribuitur,

131 4855 312 4914 rmescante
336 4839 451 4900 virium
469 4841 596 4913 reliquae
616 4841 658 4898 rei
679 4843 774 4897 eodem
794 4844 855 4897 loco
876 4841 964 4896 visae.
