3684 5518
296 291 358 358 196
536 294 541 303 “
763 291 954 357 Paralipomcna
971 295 997 342 in
1017 291 1184 342 Vitellionem.

293 471 409 533 tionum
432 489 497 531 cum
526 469 651 531 totidem
676 469 737 528 suis
765 469 1009 530 inclinationibus
1033 489 1088 531 seu
1118 467 1329 530 altitudinibus
1359 468 1431 530 dent
1455 475 1518 530 tres
1542 485 1647 529 nnme-

294 579 396 630 rornm
419 561 536 622 classes
565 567 699 619 secretas
725 558 762 618 ab
793 558 919 619 invicem
944 568 974 619 et
998 559 1200 620 inconnexus:
1233 576 1309 637 quae
1333 557 1359 618 si
1383 576 1416 619 se
1439 556 1483 617 ite
1511 557 1648 618 connecti

294 649 463 728 patiantur,
494 655 528 707 ut
551 647 637 707 simul
669 647 848 726 hyperbolen
874 647 992 725 juribus
1018 667 1050 708 se
1079 647 1275 718 submittant,
1299 646 1461 727 hyperbole
1490 646 1563 708 deta
1591 645 1650 706 erit

295 745 328 799 et
351 736 523 816 superficies
548 733 740 815 hyperbolica
764 735 962 797 infractiones
986 736 1119 814 colliget.
1158 735 1288 798 Primum
1314 735 1392 796 eninr
1416 755 1454 795 ex
1476 735 1650 796 habitudine

239 821 246 836 ⁸
294 827 470 906 angulorum
485 823 659 884 Vitellianis
678 822 809 902 qualium
823 825 882 885 All
899 833 947 886 est
964 822 1101 898 100000,
1127 825 1231 886 talium
1247 825 1301 885 llB
1318 821 1437 900 57735,
1453 821 1509 886 CH
1524 818 1649 896 68806;

294 915 338 975 sic
371 912 500 992 qualium
529 913 574 972 ΑΙ
606 909 748 985 100000,
780 912 884 974 talium
919 914 963 974 ID
986 911 1113 985 45573,
1146 905 1337 986 1114637οζ
1371 922 1403 975 et
1436 913 1567 993 qualium
1590 911 1651 973 ΑΚ

299 999 436 1075 100000,
461 1000 566 1084 talium
591 997 790 1075 11135412,
815 1000 875 1062 KG
901 999 1020 1064 30249.

384 1087 513 1167 Oportet
537 1090 603 1170 jem
633 1089 766 1150 invenire
795 1091 1017 1170 proportionem
1047 1091 1173 1153 laterum
1203 1093 1315 1170 figurae
1340 1089 1651 1151 acernaacerna

294 1178 389 1240 centri
413 1179 437 1238 P
462 1177 500 1239 ab
524 1180 569 1252 A,
593 1186 624 1238 et
646 1177 696 1239 PS
721 1178 874 1240 dimidium
904 1180 970 1240 exis
1001 1199 1039 1240 ex
1068 1181 1114 1240 his
1145 1179 1279 1257 legibus,
1310 1198 1386 1258 quae
1417 1179 1446 1239 in
1477 1177 1649 1262 hyperbole,

294 1279 328 1329 ut
351 1267 436 1328 HBll
462 1267 553 1347 (qnae
577 1267 737 1328 brevitatis
762 1287 854 1328 causa
877 1269 994 1330 notatio
1019 1269 1156 1348 quadrati
1177 1268 1231 1328 llB
1256 1272 1337 1340 esto)
1362 1268 1401 1329 ad
1419 1268 1477 1328 lDI
1500 1277 1532 1328 et
1554 1265 1649 1339 KFK,

294 1357 337 1419 sic
362 1353 443 1417 CllP
467 1356 674 1436 rectangulum
699 1357 736 1416 ad
760 1355 830 1418 ΕΙΡ
854 1366 886 1418 et
910 1355 1005 1431 GKP,
1037 1357 1154 1419 scilicet
1178 1365 1210 1417 ut
1234 1357 1345 1436 figurae
1371 1357 1450 1416 latus
1475 1363 1589 1418 rectum
1614 1357 1652 1416 ad

294 1457 510 1507 transversum.
549 1443 593 1505 Et
611 1445 698 1505 sirnul
718 1442 809 1519 CPH,
830 1446 908 1520 EPl,
924 1444 1009 1506 GPK
1025 1455 1056 1508 et
1070 1446 1146 1508 PSP
1159 1455 1229 1506 sunt
1253 1446 1391 1525 aequalia
1406 1444 1524 1524 (Apoll.
1542 1445 1566 1516 Ι,
1581 1442 1622 1506 31
1627 1455 1650 1518 J.

294 1533 364 1597 Erit
388 1533 480 1594 etiarn
513 1533 593 1594 inter
627 1533 714 1595 initia
742 1534 913 1613 adjumento
937 1535 1039 1616 Apoll.
1065 1537 1105 1610 ll,
1130 1533 1182 1598 29.
1209 1532 1265 1608 30,
1300 1535 1370 1613 quia
1398 1553 1454 1612 ope
1483 1533 1563 1595 illins
1586 1543 1651 1595 ter-

295 1624 392 1684 minos
416 1622 470 1683 tibi
496 1622 680 1684 constituere
699 1623 822 1702 poteris,
848 1643 922 1703 quos
942 1624 1022 1686 intre
1046 1624 1242 1686 versaturHl
1267 1623 1430 1701 incognita.
1467 1621 1501 1684 Si
1518 1621 1654 1694 eviceris,

293 1731 347 1793 per
370 1719 433 1774 tres
463 1711 632 1790 hujusmodi
664 1712 791 1790 angulos
820 1731 910 1791 posse
942 1713 1063 1774 nimium
1094 1713 1234 1792 imperari
1267 1721 1297 1773 et
1334 1712 1450 1773 duobus
1481 1710 1555 1772 solis
1586 1711 1653 1791 cogi

296 1807 400 1862 certae
425 1799 604 1880 hyperbolae
630 1819 750 1876 casunr,
775 1809 862 1886 tanto
886 1802 1043 1864 dilucidior
1062 1804 1120 1863 erit
1143 1800 1299 1880 operatio:
1325 1802 1489 1881 statimque
1508 1799 1539 1860 in
1558 1801 1656 1862 altera

296 1888 519 1953 combinatione
548 1888 723 1967 angulorum
755 1891 927 1969 apparebit,
960 1909 997 1950 en
1022 1892 1195 1971 superficies
1223 1890 1390 1970 hujusmodi
1414 1891 1455 1951 sit
1478 1890 1652 1968 hyperbole.

294 1978 475 2041 Mechanica
499 1977 571 2039 nulli
602 1977 775 2038 similiorem
800 1998 867 2040 esse
899 1979 1050 2054 ostendit,
1076 1981 1130 2042 sed
1155 1987 1254 2040 tamen
1279 1979 1347 2058 ipsa
1377 1977 1541 2060 hyperbole
1563 1978 1655 2057 paulo

295 2068 460 2130 acutiorem
484 2066 566 2127 circa
589 2067 742 2128 verticem.
785 2067 844 2130 Ubi
869 2067 946 2128 hanc
971 2070 1157 2148 superficiem
1181 2071 1314 2146 perfecte
1339 2085 1513 2148 quacunque
1536 2067 1654 2128 ratione

296 2156 445 2230 didiceris,
471 2156 549 2218 scito
574 2164 605 2216 te
629 2155 659 2216 in
684 2156 859 2218 mechanica
882 2157 984 2236 magni
1008 2157 1076 2240 quid
1102 2165 1302 2219 consecutum.

581 2290 610 2356 6.
650 2293 797 2359 Causae
822 2297 1053 2377 quantitatis
1083 2296 1363 2359 refractionum.

381 2420 545 2482 Enimvero
570 2420 679 2494 lector,
711 2429 761 2484 sat
789 2423 927 2502 jamdiu
952 2431 982 2483 te
1007 2440 1112 2503 meque
1144 2439 1322 2499 suspensum
1351 2421 1447 2496 tenui,
1473 2421 1542 2482 dnm
1566 2439 1663 2500 men-2

292 2529 379 2570 sures
403 2508 521 2589 quidem
551 2509 703 2569 variarum
731 2510 944 2572 refractionem
974 2529 1031 2572 uno
1062 2509 1205 2571 fasciculo
1237 2508 1381 2588 colligare
1405 2509 1498 2584 nitor,
1530 2527 1653 2572 causam

295 2609 396 2659 tamen
420 2598 449 2658 in
473 2615 614 2658 mensura
638 2598 694 2658 hac
719 2617 774 2660 non
799 2600 899 2661 inesse
924 2617 1065 2678 agnosco.
1114 2599 1192 2660 Nem
1217 2598 1287 2677 qnid
1311 2597 1552 2674 retractionibus,
1578 2618 1653 2678 quas

294 2689 321 2748 in
346 2684 444 2766 planis
472 2684 686 2765 superficiebus
717 2688 878 2750 mediorum
908 2688 1123 2766 pellucidorum
1151 2687 1289 2767 primitus
1313 2685 1539 2760 constituimus,
1569 2706 1653 2749 com-

293 2795 379 2836 mune
404 2794 469 2837 curn
494 2773 679 2836 sectionibus
708 2776 820 2838 conicis
845 2776 1049 2839 mixtilineisl
1074 2774 1190 2849 Quare,
1221 2775 1299 2856 quod
1322 2776 1405 2837 Dens
1437 2776 1512 2836 bene
1541 2784 1651 2850 vertet,

288 2867 353 2946 jem
377 2865 470 2926 etiam
494 2864 530 2924 dc
555 2863 655 2924 causis
680 2864 769 2942 hujus
792 2884 950 2927 mensurae
975 2872 1160 2944 satagemus.
1198 2865 1266 2925 Etsi
1291 2863 1370 2925 enim
1393 2883 1413 2925 a
1436 2882 1527 2943 scopo
1552 2865 1653 2926 forsan

294 2953 459 3016 etiamnum
483 2952 615 3013 nonnihil
641 2951 865 3015 aberrabimus:
890 2961 1029 3033 praestat
1049 2962 1148 3015 tamen
1169 2953 1349 3016 collimando
1368 2961 1504 3014 nostram
1528 2953 1654 3014 demon-

292 3051 389 3104 strare
417 3041 609 3113 industriam,
640 3059 730 3119 quarn
759 3042 938 3122 negligendo
970 3043 1172 3122 supinitatem.
1228 3040 1360 3106 Causam
1390 3041 1602 3104 refractionem
1628 3043 1654 3103 si

293 3149 386 3210 supra
410 3128 487 3189 inter
509 3128 731 3207 propositiones
755 3131 873 3210 optices
895 3132 924 3192 in
944 3150 1052 3211 genere
1076 3125 1157 3193 recte
1182 3129 1408 3210 explicavimus,
1434 3130 1551 3208 species
1577 3149 1652 3210 qno-

293 3237 348 3298 que
372 3217 503 3278 indidem
527 3226 608 3278 recte
633 3217 762 3280 derivari
786 3237 912 3280 necesse
936 3231 994 3280 est.
1033 3221 1078 3282 At
1097 3240 1188 3300 supra
1208 3217 1282 3298 Cap.
1300 3219 1323 3280 1.
1344 3236 1428 3298 prop.
1449 3217 1503 3282 20.
1530 3237 1654 3282 cansam

293 3306 471 3367 adduximus
487 3305 694 3366 resistentiam
709 3306 806 3380 medii,
825 3327 883 3389 qua
898 3307 1047 3386 dispersio
1062 3308 1136 3370 lucis
1152 3308 1333 3388 impediatur
1348 3306 1499 3368 materiali
1515 3307 1650 3368 necessi-

292 3403 368 3456 tate.
406 3393 576 3456 Videndum
599 3393 701 3472 igitur,
726 3415 866 3476 quorsom
886 3397 922 3457 iis
945 3397 1123 3458 insistentes
1143 3395 1280 3475 vestigiis
1304 3396 1470 3475 pervadere
1496 3415 1649 3476 queamus.

379 3491 600 3571 Propositio
625 3493 669 3561 1.,
688 3493 767 3555 Lux
791 3512 860 3572 quo
884 3494 1070 3574 obliquius
1096 3495 1242 3568 incidit,
1266 3495 1334 3554 hoc
1353 3493 1482 3572 majori
1508 3495 1649 3572 angulo

292 3579 529 3659 refringitur.
576 3580 636 3642 Est
658 3582 698 3651 X,
729 3576 775 3644 tt.
803 3582 991 3658 Vitellianis,
1017 3585 1072 3645 sed
1095 3583 1203 3646 vitiose
1227 3591 1259 3644 et
1281 3582 1407 3644 obscure
1432 3582 1650 3655 demonstrata,

292 3669 371 3752 quod
394 3669 444 3752 qui
467 3669 634 3748 negaverit,
659 3689 717 3733 nae
735 3670 762 3755 is
777 3689 918 3750 magnum
933 3672 1066 3734 laborem
1087 3672 1265 3752 susceperit,
1281 3678 1315 3733 nt
1334 3671 1497 3751 legitimam
1523 3671 1649 3732 demon·
1743 3750 1747 3758 Ι

291 3758 471 3821 strationem
494 3758 612 3837 probet.
655 3758 738 3840 Ergo
762 3757 911 3822 ten'tanda
934 3761 1005 3823 mibi
1029 3761 1091 3822 alia
1115 3759 1351 3822 demonstratio:
1377 3778 1454 3839 quae
1478 3759 1521 3822 sic
1546 3760 1648 3822 habet.

292 3849 359 3910 hisi
388 3849 465 3909 enim
498 3848 625 3927 angulus
653 3849 847 3912 refractorius
877 3868 942 3910 cum
972 3849 1149 3930 obliquitate
1178 3847 1359 3911 incidentiae
1393 3848 1532 3910 continue
1564 3867 1648 3910 cree-

291 3945 384 4007 ceret,
408 3955 503 3998 causa
526 3935 706 4000 universalis
726 3957 784 4001 non
805 3947 887 4000 esset
911 3938 1110 4000 retractionis.
1151 3937 1226 4000 Cum
1246 3937 1324 4001 enim
1343 3937 1464 4016 obliqua
1485 3936 1650 3998 incidentia

291 4027 333 4087 sit
366 4025 564 4105 dispersionis
597 4035 819 4106 argumentum,
856 4027 910 4089 illa
943 4037 1097 4089 crescente
1131 4035 1247 4088 crescet
1286 4025 1444 4104 dispersio.
1501 4024 1589 4095 Quod
1623 4025 1648 4087 si

290 4116 418 4193 angulus
441 4113 633 4176 retractionis
657 4115 687 4177 in
712 4116 813 4196 aliqua
836 4115 1016 4190 incidentia,
1039 4125 1114 4195 puta
1137 4116 1282 4194 graduum
1304 4113 1362 4188 80,
1386 4114 1540 4177 desineret
1562 4133 1648 4176 cres-

291 4221 358 4264 cere
383 4210 524 4282 essetque
546 4210 607 4264 tem
626 4203 656 4264 in
672 4201 733 4268 80⁰
756 4224 845 4285 qnam
860 4205 889 4266 in
906 4201 967 4267 82ο
989 4204 1153 4266 incidentia
1172 4204 1315 4284 graduum
1332 4201 1402 4274 30⁰,
1426 4221 1497 4283 ergo
1518 4202 1647 4266 medium

194 4305 199 4318 ‘
291 4292 471 4372 dispersioni
496 4292 665 4354 restitisset
696 4313 788 4373 usque
813 4295 852 4355 ad
875 4291 937 4356 80⁰
960 4295 1198 4368 inclinationem,
1223 4294 1290 4354 inde
1314 4293 1343 4353 in
1368 4287 1429 4353 82⁰
1449 4311 1503 4372 per
1527 4291 1566 4354 2⁰
1589 4312 1647 4354 non

292 4380 426 4459 amplius*
442 4381 611 4443 resisteret.
648 4381 694 4442 At
717 4383 906 4444 demonstrat
921 4401 1005 4462 prop.
1023 4381 1075 4445 20.
1093 4382 1168 4462 Cap.
1184 4384 1209 4444 1.
1235 4382 1330 4462 hujus,
1356 4399 1474 4462 semper
1494 4382 1659 4454 resistere,

292 4486 362 4546 ergo
387 4487 504 4548 semper
532 4471 641 4531 crescit
669 4472 795 4551 angulus
825 4471 1029 4542 refractionis,
1062 4480 1217 4540 crescente
1246 4470 1431 4550 obliquitate·
1453 4471 1645 4532 incidentiae.

379 4555 459 4620 Hinc
487 4559 696 4620 corollarium:
732 4570 762 4623 Si
788 4569 903 4622 medium
930 4570 1018 4638 ipsum
1046 4588 1132 4625 causa
1157 4587 1225 4624 snae
1252 4569 1397 4622 densitatis
1426 4570 1647 4624 consideraretur

292 4646 426 4712 solitarie,
450 4649 548 4717 anguli
568 4649 763 4703 refractionum
784 4649 1005 4719 proportionales
1026 4651 1125 4706 fierent
1146 4651 1257 4722 angulis
1279 4649 1453 4705 incidentiae.
1530 4689 1537 4698 .

381 4725 593 4804 Propositio
619 4729 659 4788 Il.
708 4727 793 4789 Crrrn
828 4729 888 4788 lux
921 4727 1112 4808 obliquius
1142 4729 1290 4801 incidit,
1325 4727 1442 4805 nrejor
1475 4730 1523 4790 fit
1554 4728 1647 4790 resi-

292 4814 437 4873 stentia
461 4812 503 4876 ab
527 4816 652 4876 eodem
676 4817 811 4890 medio,
837 4835 939 4896 quam
963 4817 997 4878 in
1026 4817 1184 4879 rectiori
1213 4815 1439 4893 incidentia,
1465 4825 1645 4896 respectu
