3684 5518
302 324 369 390 228
774 323 966 388 Paralipomeua
982 322 1008 370 in
1027 319 1195 372 Vitellionem.

304 509 398 584 caput
419 501 562 566 musculis
586 499 725 578 oblongis
748 498 918 560 vestiuntur
942 505 973 558 et
996 516 1138 576 processu
1161 517 1212 560 seu
1237 498 1334 560 canali
1359 497 1487 578 quodam
1512 497 1603 576 longo
1630 495 1659 557 in

305 593 460 654 cerebrum
481 590 664 671 pertingunt.
711 588 755 650 Ut
778 595 878 648 autem
902 586 993 648 etiam
1017 587 1158 649 anteriori
1192 595 1288 665 parte,
1322 606 1381 666 qua
1405 606 1462 648 nou
1488 593 1662 648 atteruntur

304 689 396 750 motu.
420 680 459 742 ad
482 687 585 759 partes
610 676 698 739 faciei
721 675 871 755 sphaerici
894 683 1006 748 essent,
1032 676 1074 737 sic
1099 676 1252 754 postulare
1271 675 1430 738 videbatur
1444 674 1660 755 palpebrarum

306 769 484 832 necessitas.
531 768 611 830 Nam
641 766 710 846 quia
743 764 931 844 perspicuum
960 783 1028 824 esse
1063 764 1179 825 oculum
1210 764 1357 843 oportuit,
1390 765 1440 826 vix
1469 765 1499 826 id
1528 763 1660 824 obtineri

305 865 427 940 poterat
449 857 479 918 in
502 856 645 928 membro,
665 853 743 934 quod
766 861 910 933 perpetuo
934 871 1000 914 cum
1024 853 1161 914 universo
1184 871 1307 931 corpore
1331 852 1454 928 caleret,
1480 853 1549 933 quin
1570 852 1660 913 iden-

306 948 400 1010 tidem
423 946 571 1008 lacrumae
596 950 702 1004 araur
726 943 755 1004 in
780 961 886 1022 aquam
911 941 1059 1002 resolutus
1084 950 1116 1002 et
1130 941 1263 1003 exterius
1282 942 1512 1016 adhaerescens,
1539 953 1570 1002 et
1587 939 1659 1021 pul-

304 1035 413 1097 visculi
435 1034 613 1097 advolantes
642 1039 884 1110 emergerentur,
914 1037 1003 1110 atque
1033 1029 1123 1090 etiam
1153 1030 1255 1092 oculus
1288 1031 1528 1106 humectaretur,
1564 1029 1659 1091 sicubi

306 1124 414 1187 siccior
438 1131 469 1186 et
492 1123 601 1184 scaber
625 1129 708 1182 esset
731 1138 885 1180 evasurus.
932 1119 1016 1180 Haec
1040 1119 1141 1179 omnia
1163 1127 1321 1198 praestare
1354 1119 1473 1182 videtur
1502 1119 1659 1198 palpebra,

306 1213 385 1292 quod
409 1213 600 1274 manifestum
624 1216 672 1270 est
694 1209 723 1270 in
749 1207 994 1270 lacrumantibus.
1040 1207 1156 1268 Eadem
1179 1207 1325 1287 palpebra
1355 1208 1441 1270 simul
1473 1215 1505 1270 et
1537 1206 1659 1286 tegendi

307 1302 436 1364 officium
460 1309 509 1362 est
532 1307 632 1373 nacta,
656 1317 722 1359 cum
745 1295 908 1376 periculum
932 1295 1067 1358 imminet
1091 1305 1145 1356 aut
1167 1316 1233 1358 cum
1257 1315 1379 1358 somnus
1399 1296 1525 1376 obrepit,
1551 1304 1662 1358 natura

307 1398 463 1452 avertente
487 1389 578 1450 etiam
602 1387 776 1448 occasiones
800 1385 1008 1467 periculorum,
1034 1404 1110 1463 quae
1134 1385 1329 1446 imminebant
1344 1386 1456 1466 apertis
1472 1385 1565 1448 oculis
1586 1385 1665 1446 dor-⁶

306 1479 418 1541 miente
440 1479 569 1540 homine.
615 1477 716 1554 Atque
741 1475 769 1536 in
795 1474 872 1536 hunc
896 1474 1076 1534 extersionis
1100 1473 1186 1534 finem
1210 1474 1334 1536 interior
1363 1475 1527 1554 palpebrae
1558 1473 1662 1536 tunica

221 1559 223 1564 ’
306 1567 499 1629 membranae
530 1574 579 1626 est
607 1572 638 1624 et
669 1563 779 1637 mollis,
813 1561 1003 1642 ejusdemque
1036 1580 1102 1623 cum
1130 1562 1183 1623 illa
1215 1563 1319 1623 tunica
1351 1563 1539 1624 substantiae
1570 1581 1660 1643 quam

309 1655 456 1734 extergit,
482 1673 569 1716 arcus
592 1670 664 1714 vero
687 1651 716 1712 in
743 1652 846 1725 limbo,
879 1658 980 1712 tarsus
1004 1649 1118 1724 dictus,
1152 1660 1232 1712 teres
1257 1660 1289 1712 et
1311 1653 1500 1714 duriusculae
1524 1653 1660 1712 internae

307 1743 510 1816 substantiae,
541 1749 574 1803 ut
605 1749 675 1802 sunt
707 1741 806 1801 omnia
842 1737 1059 1817 cartilagiuea3
1098 1739 1237 1800 cedentia
1269 1741 1296 1800 in
1331 1740 1472 1802 sensibile
1506 1739 1661 1820 quippiam

308 1851 423 1895 summa
450 1829 618 1911 superficie,
644 1827 817 1891 resistentia
849 1846 920 1888 vero
952 1827 1020 1906 ipsa
1049 1827 1125 1888 mole
1155 1827 1288 1909 corporis
1319 1836 1350 1890 et
1379 1829 1486 1890 duritie
1520 1830 1658 1890 densata.
1730 1863 1741 1872 κ

308 1923 359 1984 Ita
381 1922 425 1994 fit,
450 1929 484 1981 ut
507 1918 680 1980 membrana
702 1917 839 1996 superior
862 1917 1015 1994 corrugari
1040 1924 1166 1994 appetat
1188 1918 1387 1997 tendaturque
1411 1917 1501 1997 globo
1517 1917 1603 1991 oculi,
1629 1925 1663 1977 et

309 2008 429 2072 sublato
463 2017 544 2070 tarso
574 2007 602 2068 in
636 2025 668 2067 se
701 2013 807 2078 coest,
842 2005 985 2083 depresso
1016 2021 1085 2066 vero
1117 2013 1214 2079 tarso,
1244 2007 1383 2084 nuspiam
1415 2029 1434 2066 a
1461 2007 1551 2085 globo
1580 2005 1660 2066 oculi

309 2097 457 2169 dehiscat,
481 2115 540 2158 non
564 2094 711 2157 uno-loco
734 2095 802 2172 plus
825 2094 969 2155 tendatur
991 2111 1080 2172 qnam
1104 2094 1178 2168 alio,
1212 2113 1277 2156 curn
1301 2113 1376 2156 unus
1400 2095 1441 2156 sit
1464 2095 1558 2157 totius
1581 2094 1660 2156 tarsi

306 2193 417 2248 motus.
449 2185 506 2246 Hic
526 2184 616 2262 igitur
635 2191 735 2244 tarsus
759 2181 868 2260 aperiri
893 2189 925 2242 et
947 2180 1047 2243 claudi
1070 2181 1120 2243 vix
1148 2182 1237 2244 aliter
1269 2184 1368 2262 potuit
1396 2183 1460 2246 sine
1484 2183 1663 2245 fatiscentia

310 2284 342 2336 ct
365 2291 432 2336 cum
455 2272 596 2334 inferiore
621 2279 704 2333 taran
728 2271 809 2332 socio
834 2289 887 2333 sun
911 2270 997 2344 uniri,
1024 2287 1110 2349 quarn
1135 2271 1162 2332 si
1185 2272 1291 2350 globus
1316 2271 1392 2334 oculi
1417 2281 1500 2334 esset
1520 2273 1659 2350 sphaeri-

307 2381 370 2437 cus,
393 2361 451 2442 ipsi
476 2380 546 2423 vero
570 2360 646 2422 tarsi
668 2379 755 2422 arcus
780 2359 1027 2432 semicircularee,
1052 2367 1177 2438 utroque
1192 2361 1330 2436 termino,
1355 2369 1497 2441 tauquam
1513 2361 1542 2422 in
1562 2379 1660 2440 oppu-

307 2451 376 2512 sitis
399 2449 481 2530 globi
504 2449 581 2531 polis
605 2449 698 2510 affixi.
746 2447 794 2508 Ex
818 2448 873 2510 hoc
898 2448 989 2508 etiam
1012 2448 1253 2510 machinamento
1277 2450 1339 2511 bini
1361 2450 1391 2512 in
1416 2450 1550 2530 quolibet
1573 2449 1660 2510 oculo

308 2539 490 2602 exstiterunt
527 2537 645 2617 anguli,
684 2555 758 2617 quos
795 2536 921 2598 canthos
959 2554 1012 2596 seu
1045 2537 1167 2616 hirquos
1200 2538 1362 2617 appellant.
1412 2536 1561 2609 Quorum·
1578 2539 1661 2600 linea

309 2627 472 2690 distantiae
497 2645 548 2690 aar
571 2626 601 2688 in
625 2625 801 2688 distantiam
826 2625 961 2686 binorum
975 2624 1127 2686 oculorum
1148 2635 1343 2706 competeret,
1369 2627 1479 2688 dictum
1504 2635 1551 2688 est
1567 2645 1660 2705 supra

307 2716 406 2796 capite
421 2716 475 2790 ΙΙΙ,
501 2733 607 2795 nempe
630 2723 663 2777 ut
685 2714 907 2776 aemularentur
926 2713 1002 2774 oculi
1025 2732 1091 2775 cum
1107 2715 1216 2794 singuli
1235 2723 1297 2777 tum
1311 2715 1409 2794 juncti
1429 2723 1558 2778 tractum
1575 2715 1658 2778 hori·

306 2806 403 2867 zontis
432 2803 570 2867 visibilis.
606 2803 708 2883 Atque
731 2814 766 2864 ut
788 2803 818 2864 id
841 2803 904 2864 fieri
927 2809 1032 2882 posset
1055 2811 1086 2862 et
1109 2803 1274 2884 amplitudo
1298 2805 1423 2866 visionis
1447 2803 1660 2866 hanc’lineam

308 2903 499 2974 sequeretur,
530 2911 680 2956 cameram
713 2891 790 2953 oculi
826 2893 953 2953 frontem
986 2889 1065 2951 inter
1101 2899 1134 2952 et
1170 2892 1323 2955 maxillam
1361 2893 1494 2956 nonnihil
1532 2891 1659 2972 deprimi

224 2975 238 2986 “
307 2984 450 3062 oportuit,
476 3002 513 3044 ne
536 2981 606 3062 quid
630 2981 692 3042 illic
715 2980 861 3042 obstaret.
909 2979 944 3040 Id
969 2979 1086 3059 quidem
1121 2981 1200 3058 apud
1224 3001 1329 3043 nasum
1361 3002 1485 3044 necesse
1508 3002 1566 3043 non
1592 2981 1657 3054 luit,

307 3071 409 3150 potius
432 3073 544 3134 vallum
567 3090 605 3132 cx
623 3088 698 3132 naso
717 3069 781 3130 fieri
800 3067 941 3148 oportuit,
967 3087 1003 3128 ne
1018 3069 1251 3131 confunderetur
1266 3071 1347 3132 visus
1361 3073 1515 3151 utriusque
1530 3063 1658 3142 oculi.*)
1735 3117 1747 3130 .

306 3159 375 3224 Duo
399 3159 516 3238 qnidam
540 3165 696 3238 praestare
720 3157 839 3220 videtur
861 3157 972 3217 vallum
997 3157 1065 3230 hoc,
1096 3177 1194 3232 unum,
1218 3159 1296 3238 quod
1321 3160 1447 3222 alterius
1475 3159 1553 3221 oculi
1583 3177 1659 3220 con-

308 3255 443 3325 spectum
469 3248 558 3308 alteri
581 3246 678 3324 eripit,
711 3265 747 3306 ue
772 3253 872 3308 mutuo
897 3245 1056 3324 splendore
1080 3267 1099 3306 a
1122 3247 1398 3334 repercussionibus
1421 3257 1487 3312 orto
1511 3266 1659 3310 occaeca-

308 3343 430 3398 reutur:
461 3336 601 3405 alterurn,
627 3335 705 3414 quod
730 3334 889 3397 altitudine
914 3353 968 3396 sua
991 3333 1148 3396 tenuinum
1173 3335 1352 3414 praescribit
1375 3336 1659 3417 appropinquationi

308 3442 406 3486 rernm
429 3423 600 3485 visibilium.
648 3421 736 3494 Quod
759 3441 830 3483 vero
854 3423 903 3484 nni
928 3422 1012 3484 oculo
1036 3440 1090 3501 per
1113 3443 1218 3486 nasum
1243 3425 1394 3488 ademtum
1419 3435 1480 3500 est,
1515 3425 1545 3486 id
1578 3425 1688 3486 alter·

309 3511 414 3574 oculus
449 3519 636 3591 compensat.
683 3511 801 3574 Natura
833 3511 911 3572 enim
942 3510 1158 3590 perfectionem
1185 3513 1268 3575 visus
1301 3514 1459 3577 coustituit
1488 3514 1518 3576 in
1542 3513 1658 3576 duobus

309 3600 413 3664 oculis.
459 3599 639 3680 Hujusmodi
672 3600 748 3662 duae
780 3599 874 3671 aliae,
891 3599 986 3660 valles
1020 3619 1039 3660 a
1069 3618 1190 3662 camera
1220 3601 1297 3664 oculi
1328 3603 1467 3665 deorsum
1490 3601 1660 3664 concedunt

308 3689 389 3752 iuter
412 3689 552 3752 maxillas
576 3696 608 3752 et
630 3707 745 3762 nasum,
770 3697 805 3750 ut
828 3689 921 3750 oculis
945 3695 1094 3766 paterent,
1121 3707 1195 3767 quae
1219 3698 1290 3752 sunt
1313 3692 1357 3754 nri
1381 3692 1557 3772 etpedibus
1585 3708 1658 3769 prn-

308 3777 399 3840 xine.
448 3776 499 3842 Sic
530 3786 629 3840 motus
666 3785 698 3838 et
729 3778 828 3838 victus
865 3777 1031 3839 necessitas
1068 3776 1248 3856 requirebat.
1295 3781 1417 3843 Frontis
1452 3799 1523 3841 vero
1561 3779 1660 3840 fornix

308 3867 435 3930 maxime
458 3867 637 3946 protuberat
660 3865 698 3927 ad
719 3864 937 3927 'excludendam
961 3864 1038 3926 coeli
1059 3863 1164 3938 lucem,
1189 3885 1247 3946 qua
1261 3868 1393 3931 visibilia
1408 3869 1657 3949 opprimerentur.

304 3953 473 4035 Propterea
496 3955 601 4034 quibus
626 3954 750 4016 claritas
775 3953 849 4015 lucis
873 3954 1002 4014 molesta
1026 3960 1081 4027 est,
1109 3953 1237 4018 frontem
1262 3967 1424 4036 corrugant
1448 3965 1479 4018 et
1493 3957 1605 4020 vallum
1628 3955 1660 4016 id

305 4044 344 4104 ad
367 4045 470 4106 oculos
494 4044 614 4125 propius
639 4043 799 4104 deducunt.
847 4041 926 4103 Sunt
949 4043 1012 4103 fere
1035 4041 1065 4102 in
1090 4044 1215 4105 eundem
1240 4064 1325 4107 usum
1349 4055 1381 4108 et
1404 4047 1473 4108 cilia
1496 4053 1527 4107 et
1550 4063 1659 4125 super-

304 4131 383 4194 cilia.
431 4133 499 4194 Lux
522 4131 600 4193 enim
623 4149 677 4210 per
696 4131 749 4192 illa
773 4132 905 4192 demissa
933 4149 990 4190 nou
1015 4130 1113 4191 subito
1137 4132 1226 4208 pleno
1249 4134 1334 4195 radio
1360 4136 1430 4196 ferit
1454 4135 1572 4218 ocqlos,
1605 4132 1659 4196 aad

304 4221 414 4300 partim
439 4219 515 4283 ciliis
539 4220 725 4290 obscuratur,
749 4219 884 4300 oculique
908 4219 983 4280 lucis
1007 4219 1274 4300 appropinquantis
1298 4241 1351 4304 per
1375 4223 1509 4286 ciliorum
1533 4221 1659 4285 rimulas

392 4527 417 4594 *l
439 4531 499 4586 Hoc
519 4538 612 4586 tamen
633 4531 669 4585 ab
690 4530 732 4593 iis,
755 4528 800 4600 qui
821 4536 918 4583 trunco
939 4544 1007 4582 naso
1029 4539 1130 4594 esseut,
1154 4540 1287 4604 negatum
1308 4533 1349 4588 ait
1363 4533 1513 4594 Jessenius.
1545 4537 1659 4610 Regero

305 4621 358 4680 ego
379 4609 513 4674 Jeerenio,
535 4629 590 4666 nou
611 4627 671 4665 esse
693 4609 848 4672 verisimile,
871 4607 997 4677 cuiquam
1019 4609 1156 4666 hominum
1178 4619 1306 4667 truncato
1329 4629 1397 4668 nasu
1418 4623 1578 4672 truncatum
1597 4637 1660 4674 esse

304 4695 334 4740 et
354 4689 380 4742 id
400 4689 505 4744 vallum
525 4691 599 4763 {pter
619 4690 712 4744 oculos
734 4689 839 4743 illaesis
855 4688 959 4748 oculis;
982 4705 1079 4759 neque,
1103 4691 1126 4743 si
1141 4692 1245 4746 factum
1259 4701 1342 4758 esset,
1365 4695 1486 4750 futurum
1502 4698 1588 4752 entem
1602 4705 1661 4753 tam

305 4768 392 4820 atroci
418 4769 533 4823 vulnere
562 4770 748 4840 superstitem.
794 4769 892 4822 Teates
920 4784 988 4839 ergo
1016 4776 1113 4824 contra
1140 4771 1211 4826 hanc
1240 4781 1364 4830 mutuam
1394 4778 1534 4833 oculorum
1564 4796 1660 4849 repef.

305 4847 460 4906 morionem
480 4849 603 4904 mauram
622 4849 735 4906 adducit
754 4865 809 4903 nan
830 4847 952 4903 idoneos.
1313 4851 1316 4858 '
