3464 5524
306 283 351 354 42
724 289 824 339 Litsrae
842 285 946 351 Ksplerl
964 286 1114 351 summaque
1132 289 1235 336 mamae

308 465 388 548 ginis
413 465 454 528 sit
477 465 507 528 in
532 465 663 541 catheto,
687 463 776 544 plane
801 463 879 523 idem
903 479 1043 524 asserens
1066 461 1115 524 hic
1138 461 1217 542 quud
1231 462 1291 524 Tu:
1316 477 1384 524 esse
1398 461 1476 524 enim
1491 462 1523 522 in
1537 459 1655 522 catheto

308 557 472 619 secundum
496 554 593 636 magis
617 563 648 614 et
662 553 769 615 minus.
817 551 895 612 Nam
911 567 995 628 prop.
1017 549 1063 614 17.
1089 551 1185 613 solide
1203 551 1441 613 demonstratum
1458 559 1515 622 est,
1538 555 1656 630 proptor

307 646 394 709 visus
424 643 614 706 latitudinem
642 639 813 704 necessario
840 639 922 714 deri,
954 647 989 701 ut
1017 639 1117 720 imago
1141 641 1183 702 ait
1209 639 1240 702 in
1263 639 1337 718 ipsis
1365 637 1656 720 perpendicularihus

309 733 442 797 omnium
464 731 685 812 superficierum
708 727 946 807 rehingentinm,
971 729 1118 809 siquidem
1140 727 1224 790 visus
1244 728 1373 791 latitudo
1396 727 1574 790 naturaliter
1594 727 1656 787 col-

307 824 439 886 locetur:
475 839 530 883 nec
554 820 657 893 refert,
682 835 741 899 qua
763 835 796 879 re
820 817 945 880 delinias
969 818 1160 882 latitudinem
1181 817 1282 892 visus,
1313 817 1439 897 largior,
1464 825 1497 879 ut
1520 815 1570 877 vel
1592 816 1655 876 dia-

307 919 407 974 metro
430 909 562 990 pupillae
586 908 635 970 vel
658 906 806 970 dualitate
830 907 983 969 oculomm
1005 907 1055 969 rel
1073 905 1238 969 motatione
1251 905 1373 986 capitis.
1419 905 1488 967 Jam
1502 921 1589 985 prop.
1609 900 1656 966 18.

309 1001 389 1063 linea
420 997 590 1061 latitudinis
613 995 695 1058 visus
726 995 878 1058 incidente
900 996 931 1057 in
954 995 1141 1076 superficiem
1169 994 1422 1076 repercussionis,
1456 993 1589 1067 ostendi,
1621 993 1657 1054 ad

307 1106 427 1151 sensum
452 1086 570 1166 quidem
594 1083 667 1147 nihil
690 1084 845 1150 disponere
864 1083 1024 1164 imaginem
1048 1103 1085 1146 ex
1109 1085 1197 1161 linea,
1222 1085 1276 1148 sed
1289 1091 1391 1146 tamen
1412 1101 1483 1146 rere
1495 1081 1654 1154 discedere,

307 1177 365 1240 nisi
389 1176 420 1236 in
443 1191 554 1254 magna
576 1174 800 1254 propinquitate
823 1174 940 1252 speculi
963 1183 997 1236 et
1018 1173 1184 1236 oculorum:
1217 1181 1288 1237 tunc
1316 1173 1394 1234 enim
1423 1181 1457 1234 et
1480 1172 1520 1233 ad
1543 1187 1656 1233 sensum

307 1264 462 1328 discedere
468 1281 477 1336 ς
500 1263 551 1324 ubi
576 1262 775 1344 intelligenda
800 1278 885 1341 prop.
905 1259 953 1326 18.
977 1263 1031 1335 sic,
1055 1271 1089 1326 ut
1111 1259 1185 1327 nihil
1209 1263 1340 1324 attineat
1362 1261 1517 1341 speculum
1530 1260 1656 1339 planum,

306 1371 375 1415 narn
393 1353 422 1414 in
437 1353 528 1432 piano
551 1352 645 1413 etiarn
668 1352 699 1413 in
714 1351 771 1414 hoc
790 1369 862 1412 casu
876 1358 980 1413 manet
993 1352 1094 1432 imago
1114 1353 1142 1413 in
1157 1351 1407 1434 perpendiculari.
1454 1347 1505 1410 Sit
1518 1348 1584 1427 (dg.
1607 1344 1657 1420 19)

307 1441 393 1504 ODF
416 1441 569 1520 speculum
592 1441 724 1520 planum,
747 1439 778 1501 A
800 1437 928 1512 visibile,
953 1437 1038 1503 ΑΟΕ
1061 1439 1325 1521 perpendicularis,
1347 1439 1388 1513 B,
1414 1439 1428 1500 Ι
1452 1437 1547 1512 oculi,
1572 1437 1610 1510 D,
1632 1437 1658 1496 H

307 1537 423 1611 puncta
445 1529 647 1602 retractionis,
671 1537 704 1589 et
728 1529 802 1590 haec
824 1527 926 1588 omnia
948 1528 978 1589 in
1002 1547 1061 1590 una
1084 1530 1239 1610 superficie
1263 1545 1353 1609 super
1371 1527 1527 1606 speculum
1550 1531 1655 1587 erecta

306 1619 349 1682 Ut
380 1617 473 1698 igitur
505 1635 589 1698 prop.
617 1615 667 1680 17.
697 1617 825 1678 habetor
847 1619 934 1690 („est
966 1617 1049 1679 locus
1079 1619 1224 1697 genuinus
1256 1617 1329 1679 illud
1356 1623 1515 1696 punctum,
1548 1613 1578 1676 iu
1605 1631 1657 1694 qno

307 1713 419 1770 coeunt
443 1707 552 1780 dsc.“),
577 1706 748 1786 adaequata
770 1706 835 1767 loco
858 1705 998 1786 imaginis
1022 1707 1154 1770 delinitio
1179 1711 1241 1781 est,
1264 1704 1315 1767 ubi
1337 1705 1392 1777 IH,
1417 1704 1472 1766 BD
1492 1701 1657 1782 repercussi

306 1797 336 1858 in
362 1797 384 1871 l,
410 1795 447 1869 B,
472 1803 579 1856 centra
597 1794 732 1857 binorum
750 1795 902 1857 oculorum
925 1803 1115 1858 concurrant.
1163 1794 1353 1858 consumant
1376 1793 1405 1854 in
1428 1793 1465 1854 E.
1502 1792 1583 1853 Dico
1605 1791 1658 1852 ΕΑ

307 1903 376 1946 esse
399 1884 555 1944 cathetum
578 1883 606 1944 in
630 1884 752 1962 planum
767 1882 827 1946 OF.
874 1883 954 1946 Sunt
968 1884 1045 1946 enim
1061 1885 1203 1965 aequales
1219 1881 1314 1956 OHA,
1336 1880 1429 1956 ΟΗΕ,
1453 1881 1499 1942 sic
1514 1889 1548 1942 et
1566 1878 1656 1952 GDA,

308 1971 400 2046 GDE,
426 1971 507 2033 linea
530 1971 620 2052 igitur
643 1972 701 2034 EA
724 1971 795 2035 in
819 1971 918 2034 diuisa
941 1981 989 2035 est
1012 1973 1042 2034 in
1064 1973 1258 2054 proportione
1272 1971 1343 2047 AD,
1366 1970 1422 2032 ΕΙ)
1438 1969 1485 2030 rel
1501 1969 1573 2044 ΑΗ,
1596 1967 1656 2037 ΕΗ,

308 2077 400 2142 quare
424 2061 453 2121 in
478 2059 617 2140 aequalia
640 2059 705 2136 CA,
731 2059 794 2123 ΟΕ.
841 2063 921 2127 Nam
943 2070 976 2124 et
998 2061 1075 2136 AD,
1098 2061 1154 2124 ΕΙ)
1179 2060 1321 2142 aequales
1345 2066 1376 2121 et
1399 2059 1473 2130 ΑΗ,
1496 2057 1571 2133 ΕΗ,
1595 2057 1658 2137 quia

308 2150 339 2211 in
363 2147 523 2227 triangulis
547 2150 754 2230 aequiangulis
777 2151 852 2214 base
876 2151 935 2212 ΒΗ
956 2150 1114 2213 communi.
1162 2152 1205 2212 Δι
1228 2156 1340 2224 notum,
1365 2147 1391 2210 si
1415 2163 1453 2208 ex
1476 2147 1521 2218 D,
1556 2145 1587 2208 Η
1607 2163 1658 2224 per

309 2237 346 2313 Ε,
371 2237 402 2300 A
425 2237 596 2299 scribantur
618 2238 729 2314 circuli,
754 2248 868 2303 rectam
891 2257 946 2320 per
968 2239 1015 2315 D,
1040 2240 1069 2301 Η
1092 2246 1196 2301 centra
1219 2237 1383 2300 demissam
1406 2253 1511 2298 secare
1535 2236 1657 2298 subten-

310 2345 375 2388 sam
400 2327 673 2398 circumferentiae,
697 2337 731 2390 ut
752 2327 823 2405 ΕΑ,
858 2331 887 2393 in
911 2329 1050 2409 aequalia
1072 2335 1104 2390 et
1126 2329 1165 2390 ad
1188 2335 1298 2390 rectos.
1344 2325 1476 2387 Rursum
1499 2341 1585 2403 prop.
1609 2318 1656 2384 20.

307 2423 357 2478 est
379 2413 529 2490 limitatio,
556 2415 634 2494 quod
657 2417 812 2497 superiora
834 2418 1043 2498 intelligantur
1066 2417 1272 2480 tantummodo
1287 2416 1325 2478 de
1345 2413 1561 2494 superficiebus
1585 2430 1655 2492 qna-

307 2511 396 2566 tenus
427 2510 498 2565 sunt
529 2503 695 2585 simplices,
730 2523 788 2566 non
813 2513 959 2588 quatenus
987 2506 1117 2568 mixtae:
1150 2523 1219 2567 nam
1251 2504 1278 2566 si
1301 2503 1429 2578 mixtae,
1459 2502 1600 2564 cathetus
1623 2517 1655 2560 ea

306 2593 398 2668 valet,
425 2609 500 2672 quae
519 2593 676 2655 deseendit
697 2593 729 2656 in
751 2593 962 2676 imaginariam
985 2595 1188 2676 superficiem,
1211 2593 1372 2656 habentem
1397 2609 1464 2652 eam
1487 2590 1653 2653 rotonditu·
1715 2669 1716 2672 Ἴ

308 2688 377 2756 tem
405 2698 480 2761 quae
504 2687 554 2743 est
576 2681 657 2744 circa
677 2692 790 2761 puncta
812 2684 993 2748 reflexionis.
1041 2685 1099 2746 Ubi
1122 2702 1239 2747 rursum
1263 2682 1359 2744 simile
1383 2679 1538 2761 quippiam
1563 2686 1656 2741 tecum
1715 2685 1716 2688 ’

307 2787 365 2850 ego
394 2770 555 2832 contendo.
601 2771 647 2832 Tu
678 2789 751 2834 vero
783 2791 840 2834 non
874 2774 949 2836 haec
981 2773 1078 2835 solum
1112 2773 1166 2834 sed
1198 2772 1341 2852 pleraque
1365 2785 1466 2831 eorum
1500 2769 1655 2848 plerosque

306 2877 408 2922 eorum
432 2876 555 2920 casuum
578 2876 681 2939 negas,
710 2861 759 2941 qui
783 2871 854 2924 suut
884 2883 904 2924 a
926 2881 972 2924 me
996 2862 1210 2936 demonstrati,
1244 2861 1322 2940 quod
1345 2857 1507 2938 imaginem
1531 2857 1657 2920 habeant

305 2949 335 3010 in
359 2947 492 3010 catheto.
541 2945 576 3009 Si
601 2948 660 3010 virn
682 2949 949 3013 demonstrationis
972 2968 1057 3012 meae
1081 2949 1309 3031 perpendimus,
1332 2947 1506 3012 destitisses
1533 2953 1564 3008 et
1587 2944 1656 3005 vitia

306 3045 548 3116 argumentorum
573 3038 824 3117 deprehendisses
842 3039 917 3120 ipse.
949 3039 1053 3101 Prima
1075 3039 1131 3102 tibi
1154 3039 1238 3118 origo
1258 3036 1461 3100 hallucinandi
1483 3035 1514 3097 in
1530 3035 1578 3099 his
1591 3051 1655 3094 ver-

305 3123 368 3186 bis:
388 3125 712 3200 „tutavisreilexionis
726 3127 839 3207 pendet
850 3135 982 3210 apnncto
999 3129 1169 3190 reflexionia
1180 3127 1320 3207 D“(pag.
1327 3123 1396 3199 38).
1421 3126 1526 3188 Antea
1540 3123 1655 3186 dixeras

307 3229 366 3274 non
388 3212 427 3274 de
450 3213 612 3277 reflexione
636 3215 690 3276 sed
715 3215 752 3277 de
775 3215 938 3280 situations
962 3216 1117 3298 imaginis,
1149 3216 1227 3297 quod
1258 3216 1296 3277 ad
1324 3213 1408 3277 illam
1432 3213 1458 3277 Ο
1489 3211 1564 3276 nihil
1587 3229 1655 3272 con-

307 3303 395 3363 lerat.
443 3303 488 3363 At
520 3319 577 3362 non
610 3310 681 3364 sunt
706 3303 785 3366 idem
809 3306 932 3368 reflexio
964 3313 997 3367 et
1028 3306 1152 3368 situatio
1181 3303 1331 3384 imaginis.
1377 3304 1434 3365 llla
1461 3309 1589 3365 naturae
1615 3306 1658 3360 est

306 3407 400 3469 opos,
434 3389 508 3452 haec
541 3391 632 3453 etiarn
665 3411 772 3454 sensus
796 3395 972 3456 communis.
1019 3392 1104 3456 Situs
1137 3395 1216 3456 enim
1247 3399 1296 3454 est
1328 3411 1483 3454 commune
1506 3389 1654 3454 sensibile.

306 3479 416 3560 ltaque
439 3495 541 3540 rerum
574 3480 630 3542 hoc
653 3487 715 3556 est,
751 3483 855 3544 eodem
878 3483 967 3544 ruodo
990 3484 1107 3547 reflecti
1139 3483 1254 3544 radium
1277 3498 1366 3544 unum
1397 3482 1428 3542 in
1452 3481 1558 3543 eadem
1582 3479 1655 3541 inci-

307 3566 420 3642 dentia,
446 3583 498 3628 seu
521 3568 612 3648 plano
636 3585 689 3631 seu
712 3586 803 3633 corvo
826 3571 1056 3652 repercutiatur.
1102 3572 1148 3634 At
1162 3572 1232 3652 quid
1256 3571 1312 3632 hoc
1336 3570 1375 3631 ad
1394 3571 1485 3633 situm
1501 3567 1654 3650 imaginis?

304 3653 348 3717 Et
379 3655 423 3718 sic
453 3655 521 3718 ride
550 3657 610 3718 rirn
637 3675 748 3721 causae
778 3657 951 3722 situaticnis
981 3659 1134 3740 imaginis,
1169 3675 1258 3740 quarn
1286 3675 1409 3721 cansam
1436 3677 1492 3740 ego
1516 3657 1653 3720 indicari.

304 3744 385 3808 Nam
409 3763 498 3806 unum
523 3745 641 3826 quidem
661 3755 802 3827 punctum
824 3749 1000 3830 repercutit,
1024 3757 1058 3811 at
1080 3767 1137 3810 non
1161 3767 1249 3811 unum
1263 3754 1406 3828 puuctum
1427 3749 1559 3810 collocat
1580 3747 1653 3808 ima-

304 3834 420 3913 ginem,
457 3833 512 3896 sed
543 3841 662 3914 oportet
693 3835 827 3898 adhiberi
859 3838 1039 3917 particulam
1072 3837 1238 3918 superficiei
1271 3836 1437 3918 specularis
1470 3835 1653 3898 exhibentem

304 3923 451 3984 distincta
474 3922 532 3984 duo
555 3930 677 4003 puncta,
702 3925 936 4004 repercutientis
959 3925 1118 3989 distinctos
1142 3927 1243 3989 radios
1268 3925 1442 3998 (abeodem
1457 3933 1569 4007 puncto
1582 3923 1652 3984 visi-

302 4011 372 4072 bilis
397 4010 554 4092 delapsos)
579 4012 618 4072 ad
642 4013 851 4076 extremitates
875 4014 1044 4077 latitudinis
1068 4015 1161 4078 uisus.
1207 4015 1265 4076 Hic
1287 4015 1390 4094 itaque
1414 4015 1541 4084 multum
1563 4015 1652 4075 iuter·-

305 4107 362 4174 eat‚
386 4099 489 4179 plana,
512 4117 604 4162 curva
627 4118 664 4162 an
680 4119 757 4162 cava
771 4102 833 4164 sint
847 4103 980 4183 specula.
1026 4103 1150 4166 Falsum
1169 4103 1282 4183 itaque,
1306 4102 1383 4184 quod
1399 4103 1484 4176 dicis,
1509 4103 1651 4164 rationem

304 4187 429 4260 dictare,
452 4188 613 4269 imaginem
636 4196 699 4251 tam
723 4189 752 4252 in
776 4206 912 4254 convexo
936 4207 1025 4272 quam
1039 4193 1069 4254 in
1084 4191 1174 4272 plano
1195 4192 1398 4271 apparituram
1421 4194 1450 4255 iu
1466 4189 1503 4254 s.
1544 4189 1652 4252 Eadem

304 4274 423 4356 quidem
446 4285 549 4339 manet
572 4279 758 4358 repercussio
782 4279 813 4341 in
835 4281 866 4341 D
887 4281 991 4361 puncti
1005 4283 1045 4357 A,
1071 4289 1103 4343 at
1122 4299 1180 4342 non
1204 4281 1329 4343 eaedem
1353 4287 1477 4342 manent
1499 4295 1650 4362 repercoe·
1713 4302 1714 4346 r

305 4363 404 4425 siones
429 4366 473 4438 (io
497 4366 630 4445 plurali).
679 4365 781 4438 Quare
796 4387 862 4430 cum
878 4369 1038 4449 imaginem
1054 4368 1182 4432 collocet
1201 4388 1259 4431 non
1275 4371 1461 4449 repercussio
1485 4370 1539 4431 sed
1553 4382 1651 4448 reper-

307 4450 471 4530 cussionee,
495 4455 615 4518 omnino
637 4456 741 4536 itaque
764 4457 961 4521 variabuntur
984 4458 1146 4538 imaginum
1170 4459 1245 4522 loca.
1293 4457 1328 4521 Si
1351 4459 1491 4528 dixisses,
1510 4457 1651 4520 radonem

307 4539 418 4640 nullam
441 4557 509 4602 esse
533 4563 586 4605 cur
608 4544 709 4625 imago
732 4563 791 4606 oon
815 4546 857 4608 sit
880 4546 911 4608 iu
925 4545 963 4622 Ε,
986 4547 1138 4627 potuisses
1152 4545 1307 4609 veteribus
1326 4547 1478 4626 negotium
1495 4545 1650 4610 facessere.

308 4642 357 4706 qur
388 4629 580 4694 nesciverunt
602 4651 705 4696 reram
729 4649 866 4709 causam,
898 4635 954 4697 sed
985 4635 1041 4697 hoc
1074 4634 1252 4697 admirabile
1284 4635 1322 4696 de
1346 4636 1469 4706 catheto
1501 4634 1539 4696 ab
1563 4649 1649 4712 expe·

307 4711 417 4777 rientia
440 4729 655 4784 assumserunt.
703 4719 877 4801 Sequuntur
909 4741 987 4786 sana
1020 4723 1122 4786 verba.
1169 4723 1312 4804 Abrogas
1344 4724 1466 4787 catheto
1494 4739 1579 4786 omne
1605 4721 1650 4799 J'us

307 4802 501 4866 collocandae
520 4803 671 4887 imaginis.
718 4809 811 4872 Facio
835 4819 867 4874 ct
890 4829 962 4893 ego;
985 4829 1054 4874 nam
1076 4812 1136 4875 etsi
1160 4811 1274 4875 retineo
1297 4811 1368 4875 illas
1387 4813 1601 4896 quadamtenus
1622 4806 1650 4868 in
