3464 5524
312 309 352 381 16
730 315 830 367 Litcrse
849 311 950 377 Keplerl
969 315 1120 381 aliorumque
1136 319 1238 366 mutuae

311 493 382 574 quid
406 492 443 553 de
467 511 534 554 meo
558 489 669 553 salario
693 509 730 551 ex
754 491 823 551 aula
846 498 1023 572 extorqueo,
1059 491 1155 552 laetor
1177 511 1224 554 rne
1248 511 1305 553 uon
1334 490 1362 551 in
1388 490 1512 552 solidum
1536 491 1579 551 de
1607 509 1683 550 meo

309 582 421 643 uivere.
465 581 512 641 De
537 588 638 642 cetero
662 580 705 640 sic
729 581 957 658 me'compaso,
992 599 1027 640 ac
1052 581 1077 640 si
1102 599 1157 640 non
1183 577 1309 640 Caesari
1334 581 1386 639 sed
1410 578 1510 656 generi
1534 579 1681 640 humano

306 669 498 750 posterisque
523 669 666 739 serviam,
692 667 873 746 quafiducia
897 675 928 728 11
950 668 1062 748 gradus
1090 676 1122 727 et
1145 669 1324 729 eminentias
1344 687 1460 740 omncs,
1487 686 1553 728 cum
1584 667 1680 746 ipsis,

309 758 334 820 si
360 777 435 838 opus
460 765 524 832 est,
560 755 730 817 auctoribus
764 757 883 817 occuito
907 757 1067 835 supercilio
1101 766 1274 818 contemno:
1309 757 1379 818 mihi
1414 756 1489 816 bunc
1512 775 1611 816 11111111
1639 755 1680 815 ob

309 847 413 908 oculos
438 845 579 908 bonorem
602 861 696 924 pono,
733 845 809 924 qnod
839 845 941 906 divina
972 845 1169 924 dispositione
1198 846 1236 906 ad
1260 845 1488 906 observationes
1512 843 1680 924 Tycbonis

307 942 462 1014 promotus
486 951 562 994 suin.

399 1021 606 1101 Eclipsinm
630 1019 924 1081 observationes
949 1021 1159 1102 qualesquales
1175 1019 1276 1082 videre
1300 1027 1401 1081 tamen
1426 1019 1533 1099 gestio,
1561 1019 1590 1078 si
1616 1039 1679 1079 non
1724 1085 1725 1102 χ

311 1130 366 1190 per
390 1129 493 1171 ornnes
518 1117 641 1170 notatas
657 1108 920 1181 circumstantias,
945 1111 1052 1170 saltem
1069 1109 1255 1188 quantitates
1271 1108 1488 1168 obscurationis
1504 1108 1679 1176 maximae,

311 1200 349 1260 ob
374 1217 495 1259 causam
528 1197 557 1258 in
583 1196 784 1276 superioribus
819 1197 931 1260 dictam
964 1207 996 1258 11
1022 1199 1050 1259 in
1076 1197 1195 1276 Opticis
1226 1196 1334 1259 alicubi
1364 1196 1556 1258 insinuatam.
1612 1195 1679 1257 Sed

312 1287 391 1366 quod
407 1286 463 1361 ais,
487 1305 534 1347 me
550 1285 671 1348 solitum
695 1284 870 1346 sublimiora
883 1304 938 1367 per
952 1287 1056 1348 literas
1081 1303 1238 1366 quaerere,
1264 1303 1350 1364 quam
1375 1285 1412 1345 ad
1438 1304 1513 1364 quae
1537 1302 1679 1364 respon-

310 1377 383 1436 dere
408 1393 530 1454 posses,
568 1373 637 1454 quid
663 1373 761 1434 dicam
784 1375 897 1436 nescio.
943 1375 1034 1444 Esto,
1068 1383 1180 1436 utnon
1205 1392 1260 1452 par
1284 1393 1350 1433 esse
1376 1373 1472 1452 possit
1497 1374 1678 1433 exercitato

309 1464 410 1524 minus
435 1462 620 1525 exercitatos
644 1460 753 1540 aliquis
777 1461 805 1522 in
826 1481 885 1523 una
904 1463 1006 1542 aliqua
1028 1462 1165 1524 materia.
1212 1465 1258 1523 At
1280 1461 1398 1522 memini
1422 1479 1469 1521 mc
1493 1462 1529 1521 de
1554 1459 1678 1522 biblio-

311 1551 411 1627 theca,
436 1550 529 1612 utita
543 1551 656 1623 dicam,
680 1549 898 1612 mathematica
921 1569 1076 1631 quaerere,
1101 1550 1130 1612 b.
1148 1569 1174 1610 e.
1200 1549 1236 1610 de
1261 1549 1446 1624 auctoribus,
1472 1549 1521 1628 qui
1544 1549 1677 1609 11101)-

311 1639 505 1701 servationes
529 1637 577 1700 vel
603 1637 723 1698 tabulas
746 1639 794 1700 vel
819 1639 879 1700 alia
894 1641 932 1702 ad
956 1639 1060 1702 tardos
1074 1639 1143 1702 ilios
1159 1647 1259 1700 motus
1274 1637 1456 1718 pertinentia
1470 1635 1677 1716 scripserunt,

310 1728 492 1808 praesertim
516 1728 594 1789 unde
619 1724 804 1806 Cupernicus
828 1727 881 1789 illa
903 1729 1056 1803 hauserit,
1089 1746 1165 1807 quae
1189 1733 1348 1800 resensetf
1365 1726 1413 1787 ubi
1437 1734 1542 1786 extent
1568 1725 1654 1786 libri.

401 1814 567 1896 Optices
591 1814 784 1893 exemplaria,
809 1835 885 1896 quae
900 1817 1006 1896 quibus
1022 1816 1255 1886 destinaveram,
1279 1813 1386 1894 scripsi
1401 1815 1438 1874 ad
1455 1811 1545 1876 Cellii
1562 1815 1678 1885 filium;

312 1923 351 1966 ex
377 1921 413 1966 eo
435 1903 538 1983 procul
563 1903 653 1964 dubio
678 1901 807 1972 audisti,
846 1905 901 1967 tibi
933 1923 1021 1966 unum
1050 1904 1165 1979 deberi;
1203 1902 1281 1982 quod
1313 1922 1371 1981 qua
1395 1903 1490 1963 110111
1514 1901 1678 1981 negligere

311 1991 503 2074 potuissem?
526 2023 567 2037 -
591 1989 662 2052 Jam
687 1999 788 2053 autem
814 2001 845 2055 11
867 1993 897 2054 in
922 2002 973 2055 tuo
997 2011 1066 2054 aere
1090 2012 1164 2067 sum,
1191 1991 1239 2072 qui
1264 1992 1383 2052 senatui
1406 1989 1538 2052 debitum
1564 2010 1676 2051 exem-

311 2081 381 2160 plar
404 2078 591 2153 instruxisti,
615 2087 650 2140 ut
672 2097 728 2159 par
752 2079 817 2144 suit.
863 2080 951 2160 Rogo
975 2099 1090 2144 moram
1114 2082 1252 2160 exiguam
1277 2080 1371 2151 11111,
1385 2079 1593 2141 satisfaciam
1620 2079 1676 2139 tibi

312 2187 380 2230 oum
393 2168 526 2231 Besoldo
549 2186 604 2247 per
617 2186 714 2228 meam
729 2175 871 2244 matrem,
896 2187 972 2251 qnae
992 2169 1040 2231 bio
1064 2170 1235 2231 eonomine
1255 2167 1348 2230 habet
1370 2168 1485 2242 literas,
1509 2175 1544 2229 ut
1567 2167 1677 2229 mittat

313 2257 391 2338 quod
415 2263 446 2318 et
469 2256 600 2318 Besoldo
624 2274 764 2337 reponas.

401 2358 604 2411 Msertlinns
623 2361 657 2410 sd
676 2361 755 2420 baec,
774 2375 924 2426 quamquam
946 2363 971 2411 in
993 2362 1155 2426 superioribus
1171 2361 1249 2412 literis
1269 2375 1336 2424 spem
1348 2360 1458 2424 Keplero
1476 2359 1590 2422 iecerat,
1612 2359 1675 2409 hsc-

312 2436 386 2480 tenus
404 2431 546 2481 intermissa
562 2446 589 2482 se
608 2437 823 2496 compensaturum
843 2447 914 2488 osse,
945 2433 1101 2483 nihilominus
1120 2433 1154 2482 nil
1169 2432 1308 2496 respondit,
1331 2445 1407 2496 qnare
1426 2431 1552 2494 Keplsrus
1564 2433 1625 2494 jure
1644 2445 1675 2479 sc

311 2504 398 2552 merito
415 2503 476 2551 item
493 2502 614 2552 obmutuit
640 2509 714 2567 atque
732 2503 769 2550 bis
789 2516 855 2552 anno
879 2500 946 2552 1606
964 2518 1040 2569 opera
1057 2504 1148 2554 nusae
1169 2511 1310 2563 consumta,
1333 2509 1362 2551 nt
1376 2503 1500 2552 hominem
1515 2515 1626 2566 segnem
1642 2500 1674 2550 ad

311 2571 511 2635 respondendnm
526 2573 679 2638 impelleret,
700 2585 765 2622 anno
783 2574 880 2622 demum
901 2571 968 2623 1610
986 2590 1029 2639 pes
1044 2575 1130 2624 literas
1153 2575 1288 2624 collocutus
1312 2581 1350 2622 est
1369 2589 1425 2622 cam
1442 2572 1491 2620 illc.
1536 2585 1538 2589 ·

403 2641 518 2692 Ceterum
538 2643 698 2710 adjungenda
715 2643 753 2692 his
773 2659 903 2694 censemus
922 2647 1046 2709 quaedam
1062 2659 1076 2693 e
1093 2644 1212 2708 prioribus
1231 2651 1257 2694 et
1273 2646 1432 2708 posteriorum
1442 2651 1582 2707 temporum
1595 2643 1674 2692 literis

312 2713 412 2777 Kepleri
430 2714 463 2762 ad
481 2713 641 2764 Maecilinurn
664 2715 742 2772 datis,
767 2729 831 2778 qnae
847 2716 945 2780 quidem
963 2731 1012 2766 non
1032 2717 1159 2780 attingunt
1177 2718 1284 2779 opticam
1313 2715 1480 2778 disciplinam,
1503 2713 1548 2764 sed
1572 2721 1672 2778 partem

310 2785 364 2834 libri
379 2785 542 2849 posteriorem
553 2782 622 2847 (inde
645 2800 661 2836 a
683 2785 765 2848 capite
776 2785 838 2840 Vl..
860 2789 930 2849 cujus
946 2787 1058 2852 singulae
1073 2789 1182 2851 paginae
1200 2788 1334 2850 inscriptae
1351 2792 1423 2834 aunt:
1441 2785 1673 2834 astronomiae

311 2869 383 2920 pars
408 2858 527 2920 optioa,
551 2857 609 2906 dum
627 2857 719 2920 priores
736 2871 796 2919 pras
825 2871 851 2906 se
874 2857 984 2907 tulerant
1008 2859 1205 2920 inscriptionem:
1233 2857 1488 2920 Paralipomena
1506 2855 1545 2904 ad
1569 2855 1672 2904 Vitel-

205 2921 207 2926 ’
311 2926 438 2989 lionam)
458 2928 556 2990 propius
571 2933 698 2992 spectant,
721 2927 823 2991 eclipses
842 2928 939 2992 qnidam
960 2928 1022 2977 Solis
1039 2935 1065 2976 et
1083 2927 1178 2976 lunae.
1217 2927 1285 2977 inter
1299 2927 1384 2976 literas
1403 2939 1467 2990 qnae
1483 2926 1554 2974 nobis
1571 2933 1673 2989 praesto

211 3055 213 3061 Ι
311 3005 370 3046 sunt
385 2999 582 3060 manuscriptae,
611 3011 672 3060 quas
693 2997 817 3060 Keplerua
837 2999 922 3047 Gratio
939 2998 1078 3063 Tnbingam
1093 2997 1175 3056 dedit,
1206 3000 1311 3048 occurrit
1335 2998 1465 3060 descriptio
1492 2996 1673 3046 observationis

312 3067 409 3187 pplipsiis
428 3065 520 3117 solaris
537 3068 561 3117 d.
581 3064 604 3116 7.
623 3067 706 3118 Martii
732 3065 813 3125 1598,
836 3082 910 3132 qnam
930 3068 1063 3119 Maestlinc
1085 3069 1222 3118 transmisit
1240 3069 1265 3118 d.
1285 3067 1326 3117 111.
1345 3066 1422 3119 Mart.
1440 3067 1505 3117 buno
1523 3067 1550 3116 in
1572 3066 1672 3116 modum

330 3139 469 3202 'spostamz

402 3207 526 3269 Literss
553 3214 623 3269 tuas
652 3207 829 3271 Clarissima
859 3209 898 3272 D.
923 3211 1110 3290 Praeceptor
1142 3211 1245 3290 accepi
1270 3223 1306 3272 e'a
1329 3211 1417 3284 hora,
1451 3227 1509 3289 qua
1532 3207 1610 3269 redii
1634 3206 1672 3267 ab

313 3295 525 3358 observatione
548 3296 671 3376 eclipsis
686 3297 812 3360 Solaria.
851 3298 958 3377 ltaque
983 3300 1022 3360 ab
1047 3300 1101 3360 illa
1119 3298 1259 3379 incipiam
1283 3306 1315 3359 et
1333 3299 1474 3378 majorem
1498 3297 1526 3358 in
1552 3296 1671 3358 modum

312 3392 344 3447 te
359 3402 442 3464 rogo,
468 3384 494 3445 si
518 3384 629 3446 nullum
645 3385 725 3447 aliud
744 3387 867 3458 verbum
892 3388 1002 3448 saltem
1018 3389 1054 3449 de
1070 3388 1128 3448 hoc
1151 3387 1224 3448 mihi
1247 3387 1379 3449 nonnihil
1395 3383 1577 3465 respondere
1602 3384 1671 3462 dig-

313 3471 404 3534 neris.
449 3471 570 3533 Etenim
595 3492 632 3536 ex
655 3473 709 3536 illa
731 3494 778 3536 me
802 3474 980 3556 simpliciter
1003 3475 1144 3557 expedire
1169 3494 1228 3538 non
1253 3494 1385 3557 possum.
1423 3477 1490 3536 bon
1515 3475 1573 3536 boc
1597 3490 1669 3534 sane

313 3580 360 3622 me
384 3561 503 3634 turbat,
529 3561 607 3640 qnod
631 3563 763 3626 borealis
787 3563 861 3638 fuit,
886 3583 952 3626 cum
977 3565 1142 3626 australem
1157 3563 1269 3626 dixerit
1293 3565 1441 3644 calculus:
1466 3580 1562 3643 neque
1586 3559 1668 3632 illud,

314 3649 392 3731 qnod
416 3648 511 3710 serius
536 3653 690 3729 apparuit,
717 3653 796 3733 quod
811 3652 907 3714 minor
931 3653 989 3714 fuit
1006 3653 1106 3715 Lunae
1130 3652 1398 3732 diameter,·quod
1413 3651 1525 3712 diutius
1549 3649 1670 3712 durarit

313 3755 402 3818 qnam
427 3737 559 3800 calculus
583 3740 786 3818 praedixerat.
834 3740 975 3819 intelligo
999 3742 1076 3802 enim
1100 3741 1174 3803 baec
1199 3761 1235 3802 ex
1259 3749 1347 3821 parte
1378 3741 1418 3814 (si
1442 3759 1500 3802 uon
1526 3758 1564 3800 ex
1588 3737 1666 3806 1010)

313 3827 352 3888 ab
376 3826 504 3888 invicem
526 3829 667 3905 pendere,
692 3847 759 3891 oum
783 3828 876 3892 etiam
900 3829 1021 3909 eclipsis
1041 3831 1146 3892 Lunae
1170 3830 1265 3892 serior·
1288 3827 1462 3909 apparuerit
1486 3835 1666 3889 111111111-

312 3915 381 3978 dem
405 3917 467 3977 l'ers
490 3916 571 3977 inter
594 3927 749 3996 utramque
774 3918 919 3998 temporis
943 3919 1160 3993 interfluxerit,
1185 3926 1329 3997 quantum
1353 3937 1391 3978 ex
1406 3916 1521 3979 calcario
1546 3911 1668 3989 collegit

311 4003 466 4083 Magiuns.
512 4003 592 4066 Nam
626 4005 696 4085 qnia
730 4007 825 4068 serior
856 4007 1011 4086 apparuit,
1049 4006 1118 4067 inde
1149 4025 1222 4066 sane
1254 4005 1404 4085 colligitur
1436 4003 1616 4064 anomaliam
1640 3999 1666 4058 in
1724 4029 1725 4034 .

313 4111 516 4162 caussasse,
540 4093 714 4174 Lunamque
739 4095 870 4156 10111111
895 4095 1047 4164 altiorem,
1079 4095 1148 4175 quin
1173 4101 1202 4155 11
1225 4093 1369 4155 minorem
1393 4101 1482 4172 atque
1505 4091 1666 4153 tardiorem

313 4179 416 4262 luisse.
464 4179 527 4243 sed
551 4182 629 4243 ratio
654 4180 823 4244 latitudinis
851 4202 898 4244 me
922 4182 1042 4264 penitus
1076 4173 1187 4246 turbat.
1234 4181 1313 4244 Ecce
1346 4182 1401 4244 tibi
1434 4189 1528 4243 totam
1561 4179 1666 4244 seriem

311 4267 542 4331 observationis.
1020 4315 1021 4320 κ
1378 4335 1379 4338 ,

401 4354 526 4420 Coelum
559 4357 795 4419 turbidissimum
829 4357 901 4432 fuit,
935 4365 967 4421 11
999 4377 1086 4420 mane
1118 4359 1267 4422 cinxerat.
1316 4361 1421 4439 ltaque
1452 4375 1508 4437 quo
1533 4365 1664 4435 tempore

316 4441 418 4505 Gratii
442 4463 480 4506 ex
503 4445 619 4524 Magini
642 4445 757 4507 calculo
782 4445 939 4508 debuisset
960 4447 1110 4528 incipere,
1134 4447 1305 4510 rarissimos
1322 4467 1359 4508 ex
1374 4445 1662 4526 praeterlabentibus
1724 4493 1725 4498 ,

312 4531 439 4593 nubibus
463 4535 569 4614 excepi
592 4534 737 4614 fulgores.
785 4535 920 4596 Tandem
953 4555 1019 4600 cuns
1042 4535 1118 4597 duae
1152 4555 1316 4617 campanae
1340 4535 1535 4596 concordibus
1560 4532 1663 4595 ictibus

314 4617 452 4680 sonarint
475 4623 672 4700 quadrantem
697 4641 789 4703 snpra
812 4623 972 4698 decimam,
1006 4642 1129 4704 cumque
1150 4627 1215 4704 jam
1246 4624 1295 4685 diu
1327 4624 1467 4685 latuisset
1490 4619 1557 4696 Sol,
1592 4619 1662 4682 adeo

312 4713 347 4767 ut
369 4703 443 4767 mihi
464 4725 519 4786 per
542 4707 642 4771 scalas¹
666 4712 705 4773 ad
729 4713 861 4773 foramen
886 4713 976 4775 fuerit
999 4713 1236 4782 ascendendum,
1266 4730 1322 4792 quo
1339 4711 1444 4773 lortius
1459 4711 1487 4772 in
1502 4709 1662 4790 propinquo

311 4794 360 4856 vel
388 4791 444 4854 Sol
479 4795 544 4875 ipse
580 4798 630 4859 vel
663 4799 784 4861 nubium
814 4798 915 4862 hiatus
944 4800 975 4862 in
1004 4819 1149 4883 papyrum
1182 4800 1355 4870 irradiaret,
1392 4799 1515 4863 tandem
1547 4797 1662 4882 inquam
