3464 5524
625 287 655 336 de
673 285 745 336 rebus
764 285 867 350 Optieia.
1377 281 1415 350 41

109 461 200 523 Sedet
228 459 406 524 necessaria
439 467 486 522 est
508 460 672 522 moderatio
702 461 785 522 aTe
810 461 906 535 dicta3
941 481 976 524 ne
1000 462 1086 524 liberi
1110 481 1177 524 esse
1203 463 1312 538 velint,
1348 482 1423 543 quos

108 564 182 612 natura
201 569 299 613 servos
324 549 454 623 creavit,
479 569 533 610 neu
557 549 680 612 libertas
701 551 784 630 juste
809 558 931 631 arrepta
953 551 1125 614 rebellionis
1140 552 1349 626 convineatur;
1376 560 1424 614 est

106 640 179 700 nodus
198 639 225 702 iu
248 639 349 713 rebus,
385 658 442 700 neo
464 657 532 702 raro
556 659 609 700 usu
633 640 725 710 veuit,
757 648 790 702 ut
813 639 1046 719 intemperantia
1077 641 1239 702 festinandi
1264 641 1423 704 existima-

103 729 183 788 tionem
203 735 333 790 noemam
357 727 532 806 prostituat.
579 727 730 807 Expertus
754 729 867 808 loquor,
893 731 987 792 multa
1010 729 1167 792 mussitavi
1182 749 1296 792 mecum
1311 730 1421 791 diutis-

101 819 155 876 sime
175 825 269 878 eoutra
293 816 520 896 antiquitatem,
545 835 622 896 quae
645 827 804 898 postquam
828 818 954 898 denique
978 818 1026 879 vel
1044 818 1122 879 serio
1147 838 1227 880 ame
1252 819 1306 880 sub
1322 818 1419 880 ratio-

100 925 149 966 uun
176 905 299 967 calculos
334 911 447 966 vocata
479 905 560 967 luere
592 906 638 966 vel
668 913 800 984 tempore
825 908 891 986 ipso
924 913 1102 980 maturuere,
1138 908 1325 987 deprehensa
1350 915 1422 970 suut

99 993 234 1056 verissima.
280 995 386 1073 Atque
410 994 440 1054 id
463 994 579 1073 passim
603 993 632 1054 iu
656 1013 721 1056 meo
746 1014 846 1074 opere,
877 996 1036 1075 praecipue
1066 997 1120 1058 sub
1140 997 1229 1060 linem
1253 1015 1317 1058 sum
1343 997 1422 1058 ultro

97 1083 174 1142 lamus
195 1082 281 1163 (Cap.
297 1084 355 1145 Xl.
381 1083 478 1160 probl.
503 1079 572 1155 30).
620 1083 735 1144 Vitium
760 1103 833 1146 sane
850 1085 920 1146 mihi
946 1091 1088 1169 agnatum
1113 1094 1144 1146 et
1162 1085 1309 1147 celeritati
1326 1085 1422 1147 ratio-

96 1171 189 1232 cinandi
211 1191 309 1234 eomes
336 1171 517 1232 individuus.
564 1172 598 1232 lu
624 1173 783 1234 sententiis
808 1173 925 1252 quidem
952 1180 1085 1234 veterum
1114 1174 1254 1236 taxandis
1278 1173 1423 1234 nihildum

96 1259 189 1321 inveuio
210 1281 228 1322 a
250 1279 298 1322 me
323 1269 482 1338 peccatum
507 1260 535 1322 iu
553 1257 674 1340 Optica,
699 1262 753 1322 sed
776 1269 875 1322 tamen
900 1263 988 1324 deest
1006 1260 1157 1324 sufficiens
1172 1269 1305 1324 veterum
1321 1261 1421 1324 lectio.

95 1349 169 1410 Erue:
189 1351 372 1410 sententiam
396 1349 432 1409 de
457 1357 566 1411 natura
587 1348 729 1428 pellucidi
754 1350 853 1412 omnia
876 1369 1002 1430 corpora
1024 1351 1209 1430 pervadente
1234 1370 1300 1412 cum
1323 1348 1420 1412 vesti-

95 1437 182 1498 vissem
202 1438 293 1499 dubia
317 1437 502 1498 auctoritate
527 1437 714 1512 Aristotelis,
741 1459 816 1518 quae
840 1441 869 1500 iu
893 1439 974 1502 uotis
998 1449 1046 1501 est
1070 1461 1088 1500 a
1108 1459 1152 1500 me
1177 1441 1242 1518 ipso
1267 1439 1422 1510 convulsa,

95 1545 121 1586 ue
139 1526 196 1604 quis
218 1527 255 1588 ds
281 1547 317 1586 ea
350 1526 531 1604 gloriaretur
554 1527 689 1596 invidus,
724 1528 958 1607 quampulchre
986 1536 1122 1606 poteram
1147 1529 1326 1590 eorumuuive
1350 1545 1424 1588 vera

94 1623 200 1675 retemm
221 1615 468 1695 philosophorum
485 1615 667 1676 auctoritate
691 1635 728 1676 ex
745 1614 848 1678 Coelio
864 1611 1094 1696 Rhodigirro?*)
1114 1623 1177 1688 (opt
1195 1625 1215 1682 1,
1241 1639 1277 1689 pr.
1301 1623 1342 1680 tt,
1363 1618 1421 1690 17.)

93 1703 128 1764 lta
146 1703 188 1782 qui
210 1703 413 1765 ratiocinandi
437 1703 576 1782 agilitate
601 1714 769 1783 praestant,
793 1725 845 1766 eos
869 1705 974 1766 taedet
988 1706 1100 1768 multae
1121 1706 1284 1768 alienorum
1299 1725 1420 1786 operum

94 1792 214 1866 lec-tionis,
236 1793 434 1876 impatientes
459 1811 576 1866 morae;
602 1811 659 1871 quo
682 1804 771 1873 pacto
795 1794 986 1873 philosophia
1009 1795 1149 1856 iumulta
1164 1795 1266 1874 capita
1281 1795 1420 1860 discedit.

92 1877 196 1954 Contra,
221 1882 271 1961 qui
295 1882 393 1942 multa
417 1880 529 1960 legunt,
556 1881 593 1942 ad
617 1901 696 1954 novssa
720 1891 751 1944 et
774 1883 930 1944 recondita
952 1903 1011 1945 non
1035 1883 1186 1962 aspirant,
1213 1903 1266 1944 seu
1289 1890 1423 1963 tempore

92 1969 180 2030 exclusi
201 1989 253 2032 seu
274 1978 386 2031 natura
408 1968 571 2048 ineptiores
596 1978 627 2031 et
650 1971 851 2033 imbecillioris
871 1972 984 2051 judicii.
1032 1972 1130 2033 Decet
1148 1971 1240 2051 igitur
1256 1972 1368 2036 alteros
1384 1975 1422 2035 ab
1452 1967 1453 1970 ¹

93 2057 178 2118 alteris
194 2058 293 2137 juvari
317 2058 432 2120 mutuis
456 2061 554 2138 operis
579 2057 763 2139 invicemque
789 2061 952 2134 admoneri,
977 2061 1093 2143 siquid
1116 2061 1237 2138 veliste
1261 2069 1368 2138 peccat
1393 2063 1421 2124 iu

92 2145 224 2208 v'eritatem
248 2147 351 2208 studio
376 2153 521 2222 veterum,
555 2148 603 2208 vel
626 2148 677 2210 ille
702 2149 854 2210 veteribus
878 2148 995 2228 iniquus
1019 2156 1078 2222 eet,
1112 2168 1186 2229 quos
1210 2161 1264 2210 aut
1286 2150 1423 2229 neglexit

91 2243 129 2294 aut
149 2253 200 2296 uon
223 2235 386 2298 intellexit.
435 2237 484 2297 Ad
509 2255 596 2316 quam
620 2237 868 2300 exercitationem
892 2239 992 2316 magui
1014 2239 1150 2312 interest,
1175 2235 1271 2298 virtus
1294 2239 1423 2302 accedat

93 2344 119 2382 uu
140 2324 317 2408 improbitas.
366 2324 426 2386 Illa
449 2325 655 2388 beatissimam
680 2326 865 2388 discentibus
899 2327 978 2388 solet
1002 2327 1155 2388 affundere
1179 2327 1366 2405 voluptatem
1391 2337 1423 2390 et

91 2411 285 2491 philosophiam
310 2413 467 2475 aedificat:
493 2415 577 2489 haec,
601 2415 698 2476 Deum
722 2416 930 2490 immortalem,
956 2424 1084 2495 quantas
1101 2415 1216 2477 excitat
1232 2417 1422 2494 tragoedias!

91 2519 160 2578 qoam
182 2503 290 2563 densas
315 2501 444 2564 offundit
475 2503 705 2583 sophisticarum
730 2505 909 2585 ineptiarum
943 2505 1066 2566 nebulas
1094 2504 1254 2583 purissimo
1283 2505 1424 2566 veritatis

90 2589 154 2649 Soli!
195 2591 267 2670 Eja‚
293 2591 334 2652 mi
361 2591 538 2654 suavissime
563 2594 781 2668 confabulator,
811 2594 912 2655 missis
935 2593 1176 2656 contentionibus
1201 2600 1231 2653 et
1255 2593 1293 2654 ad
1318 2595 1423 2672 sophi-

93 2685 143 2738 stas
163 2680 304 2758 gloriolae
329 2688 499 2742 sectatores
522 2682 667 2755 remissis,
694 2683 799 2762 quibus
824 2691 855 2742 et
870 2684 992 2744 theatra
1011 2681 1239 2760 indulgebimus,
1265 2681 1422 2761 inquibus

91 2775 221 2830 stentoras
244 2776 477 2848 repraesentent
499 2770 661 2833 velocitate
686 2790 757 2846 sua,
791 2790 846 2832 nos
870 2790 885 2831 e
910 2771 998 2832 turba
1021 2771 1194 2832 secedamus
1219 2770 1248 2830 in
1273 2771 1421 2849 quendam

95 2873 229 2918 amoenum
252 2859 397 2936 angulum
421 2865 548 2939 tuasque
573 2860 759 2938 objectiones
784 2860 1010 2939 pensitabimus.

163 2945 341 3026 Principium
366 2947 550 3025 inopinatum
573 2949 673 3010 fecisti
698 2949 734 3008 de
758 2949 942 3027 speculis,
974 2945 1147 3026 inquibus,
1183 2965 1275 3008 causa
1299 2945 1422 3007 inventa

91 3051 130 3091 rur
153 3041 182 3093 et
203 3043 350 3113 quatenus
373 3035 474 3115 imago
498 3044 635 3098 versetur
657 3037 686 3098 iu
711 3038 851 3110 catheto,
884 3046 986 3099 cetera
1008 3036 1147 3097 videntur
1179 3033 1256 3096 satis
1280 3034 1421 3096 dilucida.

90 3117 201 3184 Causam
223 3132 325 3185 autem
349 3123 500 3186 iuvenisse
524 3125 597 3186 mihi
615 3126 852 3204 persuadebaur;
877 3133 909 3186 tu
935 3126 1064 3186 noudum
1088 3123 1134 3184 ais
1157 3123 1234 3184 satis
1259 3143 1325 3185 esse
1350 3141 1421 3202 per-

90 3209 210 3288 spicuam
253 3213 397 3290 Profecto
431 3232 545 3274 mecum
570 3213 738 3293 gaudebam
769 3233 824 3293 ego
850 3213 965 3276 affatim
999 3215 1035 3276 de
1059 3212 1241 3287 inventione,
1274 3231 1310 3273 eo
1343 3214 1423 3292 quod

90 3297 232 3362 diutissime
256 3303 444 3381 quaesissem
477 3309 509 3363 et
531 3309 578 3364 ter
601 3302 650 3362 vel
674 3311 781 3383 quater
811 3303 991 3382 triumphum
1015 3301 1191 3364 cecinissem
1225 3310 1296 3362 aute
1319 3302 1421 3364 victo-

91 3385 159 3460 u'am,
181 3391 295 3468 quoties
319 3391 403 3452 uictu
418 3391 545 3470 quodam
570 3391 697 3452 rationis
712 3391 881 3471 opinionem
896 3409 1101 3470 conceperam,
1126 3391 1156 3451 in
1172 3390 1254 3469 cujus
1267 3390 1422 3469 perscrip-

91 3475 155 3536 tione
177 3477 242 3540 mihi
265 3487 391 3557 praeter
413 3479 582 3558 opinionem
615 3487 689 3540 nata
712 3488 759 3542 est
786 3479 940 3542 refutatio.
988 3480 1134 3559 Adeoque
1167 3479 1259 3540 toties
1284 3478 1321 3539 de
1345 3497 1422 3540 novo

90 3565 213 3641 repetitus
244 3580 293 3629 est
323 3567 383 3628 iste
408 3568 508 3643 labor,
543 3575 576 3629 ut
604 3567 777 3646 scriptionis
800 3569 921 3630 tandem
950 3569 1088 3630 taederet
1121 3575 1151 3629 et
1174 3574 1293 3630 retento
1326 3567 1422 3630 falsae

90 3651 215 3728 opinionis
241 3663 387 3717 contextu
419 3656 513 3717 verba
543 3657 652 3718 saltem
690 3657 790 3737 aliqua
814 3657 1042 3736 interpolarem,
1078 3656 1155 3736 quod
1181 3656 1270 3717 facile
1295 3663 1424 3735 apparet

90 3741 171 3817 capite
193 3744 248 3819 ΙΙΙ,
274 3744 359 3824 eujus
383 3745 543 3807 methodus
568 3754 616 3807 est
639 3745 849 3825 inelegantior.

161 3829 325 3896 Euclidis
360 3831 539 3913 Gatoptrioa
567 3839 702 3896 reasons
733 3835 854 3914 arguis,
878 3851 945 3895 meo
964 3833 1077 3912 judicio
1105 3850 1271 3912 perperam.
1320 3831 1424 3892 Verba

90 3923 173 3991 ursa,
202 3921 309 3996 nitida,
339 3929 492 3994 emuncta,
526 3923 585 3984 imo
610 3930 745 3998 tornata,
779 3923 1051 3984 demonstrationes
1080 3921 1225 3983 rotundae
1249 3926 1280 3979 et
1304 3918 1421 3993 breves,

91 4003 224 4070 distinctio
247 4010 378 4089 diligens
411 4011 489 4086 inter
513 4019 648 4073 assumta
679 4020 709 4072 et
734 4031 770 4072 ex
795 4012 937 4072 assumtis
969 4011 1185 4071 demonstrata.
1231 4009 1338 4085 ltaque
1363 4025 1421 4068 nou

91 4101 143 4166 est,
167 4103 196 4157 ut
216 4099 275 4173 ais,
301 4098 399 4178 turpis
422 4099 539 4179 lapsus,
566 4119 603 4161 ex
627 4108 762 4162 assumto
787 4099 865 4160 falso
889 4099 990 4160 videre
1015 4099 1084 4175 quid
1108 4104 1266 4177 sequatur:
1291 4095 1345 4156 sed
1370 4103 1423 4156 aut

90 4183 218 4246 mulessio
240 4187 438 4249 obscuritatis
463 4195 599 4263 naturae,
624 4188 734 4250 salsum
758 4206 920 4261 assumere,
947 4195 1000 4249 aut
1023 4186 1048 4248 si
1066 4204 1158 4258 error,
1184 4205 1241 4247 uon
1266 4191 1349 4244 certe
1372 4182 1431 4244 in-

90 4271 220 4336 cvedibilis
242 4276 272 4336 iu
297 4275 434 4351 Euclide,
459 4278 509 4357 qui
532 4295 599 4339 eum
621 4297 677 4338 sua
691 4283 793 4338 aetate
818 4277 854 4338 de
871 4275 961 4355 ὄψεσι
983 4275 1214 4354 philosophatur
1237 4273 1276 4336 ad
1300 4279 1421 4353 captum

91 4354 219 4424 boninum
240 4363 372 4425 illorum.

165 4449 194 4510 lu
224 4451 376 4522 themate,
411 4472 466 4532 quo
496 4452 601 4515 niteris
633 4452 826 4533 hoc-eripere
857 4453 982 4532 opticis,
1017 4451 1114 4512 losum
1137 4449 1276 4529 imaginis
1300 4468 1368 4511 esse
1392 4449 1421 4512 in

92 4535 193 4597 catheto
215 4559 252 4600 ex
274 4559 307 4601 re
332 4539 399 4600 visa
420 4542 449 4602 in
473 4541 657 4621 superficiem
681 4541 858 4620 quamlibet,
883 4539 1078 4603 hallucinaris
1101 4538 1203 4616 procul
1230 4537 1334 4609 dubio,
1364 4557 1423 4600 nou

92 4633 141 4682 tam
162 4626 263 4688 laisum
287 4627 392 4688 thema
415 4636 561 4704 astruens,
586 4649 674 4709 quam
688 4629 806 4692 vitiosis
821 4649 892 4690 usus
913 4625 1180 4710 propositionibus.
1228 4627 1306 4688 Nam
1322 4627 1421 4710 quoad

93 4709 177 4772 thema
196 4715 309 4794 ipsum,
335 4716 452 4778 ostendi
475 4727 506 4786 et
529 4737 584 4796 ego
607 4736 696 4780 casus
721 4719 770 4797 qui
795 4719 1017 4796 exciperentur,
1052 4719 1190 4776 assumta
1219 4733 1312 4776 cauea
1335 4733 1353 4776 a
1375 4735 1423 4778 me

94 4795 214 4863 iuventa:
238 4802 372 4883 primum
393 4823 455 4884 cap.
479 4805 533 4881 ΙΙΙ,
564 4805 611 4870 i8.
637 4805 686 4870 ubi
702 4806 831 4882 ostendi,
855 4823 909 4888 per
926 4785 1075 4865 accidens'
1091 4801 1163 4878 lieri,
1189 4810 1222 4865 ut
1236 4803 1321 4866 locus
1344 4803 1421 4866 ima-
