3718 5528
297 265 363 342 m
790 267 963 318 Armonomias
980 263 1041 317 Pars
1060 264 1158 330 Optiea.

296 447 396 514 calum
419 455 473 514 aut
496 448 560 530 ejus
583 453 723 527 quartam
745 452 871 526 partem.
918 442 1005 516 Quae
1038 442 1174 525 quamvis
1205 442 1325 523 optiaao
1358 442 1497 506 facnhati
1521 449 1655 524 comata

296 536 439 612 maaria,
472 535 593 617 propria
622 543 723 598 tamen
748 543 797 596 est
819 533 917 614 partis
940 533 1142 596 astronomiae
1167 531 1376 601 mechanicae,
1400 551 1489 613 quam
1512 540 1654 596 sumtuo-

298 625 419 688 sissime
442 625 644 690 nobilissimus
667 624 717 687 ille
743 623 845 704 Tycho
869 624 1011 695 excoluit,
1035 621 1263 702 diligentissime
1287 638 1359 682 vero
1382 621 1519 684 tradidit.

386 714 502 778 Deinde
526 731 591 776 eum
614 731 669 774 neo
692 731 791 774 rerum
814 720 924 775 natura
946 713 1082 791 patiatur
1105 730 1158 772 nec
1182 729 1303 789 semper
1325 729 1397 772 usus
1423 711 1511 788 ferat,
1536 718 1570 773 ut
1594 727 1653 790 ap-

298 805 416 886 pulsum
444 804 574 866 siderum
606 803 645 864 ad
677 801 784 864 stellas
814 801 890 863 fixas
922 809 1060 864 notemus
1092 799 1187 862 oculis
1218 798 1364 873 (interdiu
1392 818 1521 880 namque
1551 799 1655 861 sidera

299 895 421 966 latent),
447 891 612 954 astronomi
629 890 687 954 sibi
708 890 785 952 elias
809 899 907 954 metas
931 895 1160 970 proposuerunt,
1186 907 1204 949 a
1227 887 1334 967 quibus
1358 888 1522 951 distantias
1544 887 1656 952 stella·

299 1001 364 1046 rum
388 981 525 1043 arcnales
548 986 755 1053 numerarent;
779 999 856 1060 quae
880 999 938 1041 non
964 987 999 1041 nt
1021 979 1129 1040 stellae
1153 978 1230 1040 lixae
1254 996 1292 1038 ex
1315 977 1411 1040 oculis
1429 978 1552 1047 abeunt
1576 976 1654 1038 orti·

300 1071 355 1134 bus
380 1077 412 1130 et
434 1068 590 1132 occasibus
614 1069 783 1148 subjectae,
812 1069 867 1134 aad
890 1089 910 1128 a
932 1067 994 1130 suis
1018 1068 1178 1130 Terrarum
1208 1065 1282 1127 locis
1315 1066 1404 1145 plane
1428 1074 1500 1129 sunt
1530 1066 1655 1145 insepa-

300 1159 421 1224 rabiles.
449 1157 515 1221 Eae
539 1167 610 1220 sunt
633 1157 794 1238 cujuslibet
817 1157 875 1219 loci
899 1156 1066 1229 horizon,
1090 1173 1179 1236 quem
1202 1164 1329 1216 extensa
1352 1155 1437 1235 qnasi
1461 1155 1489 1217 in
1509 1155 1656 1217 inlinitum

303 1248 415 1310 Terrae
439 1247 581 1326 planities
602 1248 748 1321 etormet,
774 1254 869 1308 totam
890 1247 1050 1325 sphaeram
1064 1245 1166 1307 mundi
1189 1244 1218 1306 in
1243 1245 1300 1305 duo
1324 1244 1363 1305 ad
1383 1263 1503 1306 sensum
1518 1242 1658 1325 aequalia

299 1335 521 1415 hemisphaeria
545 1335 699 1409 dividens3
730 1345 761 1396 et
784 1335 947 1398 horizontis
971 1334 1051 1396 illins
1080 1334 1198 1412 polus
1222 1341 1457 1412 scamnorum,
1482 1333 1562 1414 qnod
1585 1351 1657 1394 ver-

301 1424 411 1490 ticibus
444 1425 588 1506 cujusquo
612 1425 669 1486 looi
700 1443 874 1504 quocunque
904 1431 1054 1487 momento
1084 1423 1225 1504 temporis
1249 1421 1392 1497 imminet,
1418 1423 1554 1502 quodque
1577 1421 1658 1483 linea

302 1513 507 1594 perpendiculi
530 1521 726 1588 monstratur,
750 1513 911 1576 secundum
937 1529 1025 1592 quam
1049 1519 1081 1573 st
1103 1511 1204 1574 omnia
1227 1511 1333 1591 gravia
1348 1511 1485 1572 deorsam
1502 1511 1681 1592 rapiuntur-

302 1613 334 1666 at
356 1621 411 1664 nos
435 1603 511 1666 recti
534 1602 735 1667 consistimus.
779 1603 844 1666 Hoc
867 1611 957 1680 pacto
981 1599 1114 1662 naucleri
1138 1601 1260 1680 capiunt
1284 1598 1365 1662 Solis
1389 1599 1581 1662 altitudinem
1603 1619 1656 1662 ra-

302 1701 408 1771 spectu
432 1691 614 1772 superficiei,
650 1709 704 1755 scu
728 1709 815 1754 arcus
845 1691 969 1752 visionis
1002 1707 1055 1752 sca
1079 1689 1196 1768 anguli,
1229 1707 1314 1768 quern
1347 1689 1479 1750 alliciunt
1507 1688 1536 1750 in
1570 1688 1657 1750 oculo

302 1780 389 1855 radii,
415 1789 446 1841 et
468 1802 487 1842 a
510 1779 582 1844 Sola
607 1787 639 1842 at
661 1779 699 1840 ah
723 1779 876 1842 horizonte
900 1780 1036 1858 subjecto
1061 1778 1225 1840 venientes.
1254 1777 1302 1838 lta
1326 1778 1491 1839 astronomi
1513 1777 1658 1853 annium

302 1875 425 1941 notant,
457 1887 544 1950 quem
568 1866 650 1930 Solis
683 1869 730 1930 vel
762 1868 869 1930 stellae
901 1869 1003 1930 radios
1036 1886 1102 1930 oum
1125 1867 1206 1930 linea
1228 1867 1259 1928 in
1282 1866 1469 1945 superficiem
1493 1865 1659 1928 horizontis

300 1957 544 2040 perpendiculari
567 1957 747 2030 conformat,
770 1958 883 2036 regulis
908 1965 940 2020 et
963 1955 1178 2037 quadrantibus
1202 1955 1341 2017 adhunc
1365 1974 1450 2018 usum
1473 1955 1658 2018 constructis

302 2065 368 2110 oum
393 2047 571 2109 libramento
594 2047 769 2126 ponderum.
812 2047 875 2108 Sed
899 2047 976 2107 enim
1000 2065 1055 2125 ego
1081 2045 1117 2106 do
1141 2043 1289 2107 industria
1312 2061 1379 2106 cvm
1401 2043 1522 2106 rudibus
1546 2043 1657 2106 balbu-

302 2136 359 2198 tire
379 2135 473 2215 coepi,
497 2143 531 2200 ιιι
549 2135 668 2196 occasio
683 2135 754 2198 mihi
770 2135 899 2208 daretur,
925 2135 954 2196 in
971 2135 1118 2216 quendam
1132 2133 1284 2216 Tychonis
1304 2151 1432 2196 momum
1452 2133 1655 2207 exclamandi:

302 2223 352 2305 qni
385 2242 451 2285 cum
481 2224 518 2284 ob
550 2223 664 2302 ingenii
703 2222 880 2286 felicitatem
917 2225 996 2285 inter
1034 2231 1222 2284 astronomos
1256 2221 1462 2284 connumerari
1493 2223 1656 2302 potuisset,

302 2331 368 2374 cnm
391 2312 526 2390 opificum
551 2312 641 2390 vulgo
665 2311 796 2392 ineptias
819 2312 887 2391 plus
912 2330 1000 2392 quarn
1023 2311 1153 2390 pueriles
1184 2309 1345 2374 cavillandi
1369 2310 1490 2372 libidine
1516 2311 1657 2373 deblate-

303 2421 371 2464 rare
394 2400 508 2474 maluit,
534 2409 567 2464 ut
590 2401 738 2462 haberent
759 2401 878 2462 scilicet
900 2400 1040 2480 imperiti,
1065 2417 1122 2479 quo
1146 2401 1292 2480 magistro
1316 2400 1411 2462 bonas
1436 2408 1517 2462 artes
1533 2419 1657 2479 carpere

305 2490 457 2553 auderent.
513 2490 656 2568 Negabat
687 2490 914 2552 observationes
946 2489 1099 2573 Tychonis
1132 2489 1202 2562 (has
1240 2508 1361 2552 arcuum
1394 2509 1448 2552 seu
1480 2490 1658 2568 angulorum

303 2579 482 2643 visoriorvm
504 2595 557 2658 per
579 2578 779 2643 instrumenta
802 2579 1001 2642 subtilissima
1030 2580 1252 2644 numerationes
1280 2580 1406 2661 putans)
1436 2597 1473 2641 aa
1496 2597 1564 2640 esse
1588 2597 1657 2640 cer-

304 2668 433 2735 titudine
456 2675 488 2732 et
510 2666 691 2743 subtilitate,
726 2688 785 2748 qua
808 2669 845 2731 ab
866 2678 988 2732 anctore
1019 2667 1285 2747 praedicarentur3
1320 2668 1435 2729 coelum
1459 2667 1538 2730 enim
1562 2667 1659 2748 (quod

302 2758 385 2838 prius
419 2776 513 2837 acque
542 2775 577 2820 ao
605 2757 806 2820 instrumenta
833 2777 1002 2820 mensuram
1034 2757 1122 2835 huius
1151 2758 1253 2834 anguli
1279 2757 1382 2819 visorii
1411 2757 1594 2829 leceramus)
1627 2755 1659 2818 in

303 2847 396 2910 multo
420 2847 522 2926 plures
543 2845 710 2926 particulas
735 2847 828 2909 dividi
850 2865 940 2926 posse
964 2865 1075 2926 easque
1099 2846 1223 2908 notabili
1252 2845 1341 2926 plane
1375 2846 1596 2924 magnitudine,
1622 2846 1660 2908 da

303 2936 410 3016 quihus
433 2944 636 2999 astronomum
664 2943 736 3015 post
759 2955 876 2998 omnem
899 2935 1165 2998 instrumentorum
1188 2936 1389 2999 subtilitatem
1412 2934 1576 2997 etiamnum
1599 2935 1659 2996 du-

304 3024 402 3086 bitare
425 3043 550 3091 necasse
573 3024 623 3088 sit.
662 3025 757 3105 Atqui
781 3025 983 3088 dissimulavit
1006 3023 1132 3086 callidus
1156 3023 1231 3086 artis
1254 3026 1450 3098 obtrectator,
1476 3023 1554 3085 hunc
1578 3023 1657 3086 stel-

304 3113 400 3176 larum
424 3113 514 3175 situm
538 3133 632 3178 causa
656 3113 833 3192 superficiei,
857 3114 970 3193 hasque
995 3113 1168 3185 distantias,
1191 3115 1247 3175 has
1267 3113 1443 3177 altitudines
1466 3120 1499 3174 ct
1521 3131 1656 3193 quocun·

302 3220 360 3282 quo
391 3201 508 3262 nomine
538 3201 599 3266 alio
626 3201 764 3278 veniant,
795 3221 852 3264 non
881 3202 996 3266 institui
1027 3203 1064 3264 ob
1092 3221 1141 3263 res
1172 3223 1225 3265 sen
1257 3203 1364 3264 stelias
1388 3203 1473 3283 ipsas
1503 3200 1657 3281 primario,

303 3307 428 3370 quarum
451 3288 530 3352 inter
551 3299 657 3352 contra
679 3291 851 3370 hujusmodi
874 3311 962 3353 arone
985 3310 1043 3354 non
1069 3290 1227 3368 intersunt,
1251 3293 1306 3354 sed
1330 3291 1366 3353 oh
1391 3291 1487 3352 visum
1506 3299 1659 3366 nostrum

303 3386 458 3457 totumque
483 3377 539 3440 hoo
562 3379 714 3456 negotium
742 3379 773 3444 in
801 3380 986 3442 astronomia
1015 3378 1124 3460 optiois
1156 3381 1323 3444 rationibus
1355 3379 1428 3455 niti,
1462 3397 1499 3442 ac
1531 3379 1660 3458 proinde

302 3467 429 3530 stultum
452 3485 533 3538 osae,
555 3466 646 3531 aliam
668 3467 878 3543 subtilitatem,
905 3489 993 3550 quam
1016 3488 1093 3549 quae
1116 3470 1183 3532 visu
1205 3469 1358 3551 praestari
1380 3468 1488 3551 possit,
1513 3469 1660 3530 affectare

302 3555 396 3630 velle;
420 3554 581 3636 superbum
604 3573 675 3620 vero
699 3565 731 3619 et
753 3557 922 3632 barbarum,
948 3559 1024 3620 liano
1047 3558 1199 3634 visorium,
1225 3577 1300 3640 quae
1324 3559 1411 3620 nobis
1435 3558 1475 3620 ad
1497 3557 1660 3622 veritatem

301 3645 415 3728 primns
438 3652 487 3707 est
509 3644 620 3719 aditus,
645 3645 779 3725 rejicere.
817 3647 885 3710 Non
910 3649 1065 3726 profitetur
1088 3647 1190 3729 itaque
1213 3667 1308 3727 nequo
1326 3646 1428 3730 Tyoho
1452 3665 1547 3728 noque
1572 3645 1658 3726 qnis-

303 3753 393 3814 quam
416 3753 527 3808 sanus,
552 3752 586 3795 ss
609 3731 685 3798 adeo
709 3734 767 3797 levi
791 3755 884 3816 opera
907 3736 1053 3816 genuinas
1077 3746 1110 3799 et
1131 3737 1307 3800 verissimas
1336 3737 1467 3798 siderum
1495 3733 1659 3798 distantias

302 3821 437 3904 sitneque
460 3822 616 3888 inmundi
639 3823 784 3890 diametro
808 3843 862 3904 por
885 3825 941 3888 hos
959 3827 1223 3890 instrumentorum
1247 3845 1334 3888 arcus
1358 3825 1508 3905 pandere:
1533 3823 1660 3887 sedhoc

303 3912 469 3992 profitetur,
494 3931 528 3978 sa
551 3911 633 3976 visus
657 3913 839 3979 invidendo
863 3913 1079 3984 subtilitatem,
1112 3915 1304 3978 arithmetica
1326 3913 1429 3978 visorii
1452 3932 1541 3976 arcus
1569 3912 1658 3974 dinu-

302 4001 468 4064 meratione
491 4001 735 4082 geometriaeque
757 4002 902 4069 divisione
926 4003 1056 4079 imitari;
1084 4005 1223 4086 viamque
1246 4013 1362 4068 struere
1385 4021 1440 4085 per
1463 4003 1518 4064 has
1537 4002 1658 4066 distan-

301 4091 362 4152 tias
388 4089 518 4152 visorias
548 4091 588 4152 ad
616 4089 791 4160 verissimos
823 4091 902 4160 situs
928 4093 1060 4156 siderum
1093 4095 1123 4156 in
1153 4095 1298 4157 diametro
1329 4093 1431 4156 mundi
1459 4091 1658 4172 indagandos.

302 4181 403 4259 Atque
428 4178 503 4246 haec
526 4187 696 4261 opportuna
717 4182 755 4242 de
778 4181 840 4246 situ
862 4183 1028 4257 stellarum,
1054 4202 1146 4246 cansa
1163 4183 1330 4262 superficiei
1353 4183 1402 4244 vel
1422 4180 1523 4261 anguli
1545 4177 1658 4254 visorii,

300 4268 331 4330 in
355 4267 485 4346 gratiam
507 4268 658 4330 mdiorum
681 4270 841 4350 repetiisse
865 4271 1017 4353 digitoque
1040 4279 1227 4335 monstrasse
1251 4267 1448 4345 sufficiat.⁸⁸)

405 4405 436 4468 2.
469 4409 520 4470 Da
544 4409 744 4473 altitudine
769 4411 928 4476 siderum
952 4433 971 4474 a
993 4419 1119 4475 centro
1143 4412 1278 4476 Terrae
1303 4421 1338 4476 et
1359 4411 1551 4496 parallaxi

727 4497 769 4561 ob
793 4499 1013 4562 distantiam
1037 4501 1230 4565 oculorum.

388 4619 541 4701 sequitur.
563 4628 598 4691 ιιι
617 4621 654 4690 ds
673 4623 734 4688 situ
757 4625 912 4690 stellarum
934 4643 1027 4688 causa
1051 4625 1191 4691 diametri
1214 4626 1315 4690 mundi
1334 4625 1443 4701 dicam,
1467 4625 1570 4688 eodem
1589 4631 1658 4688 tra·

299 4708 373 4772 mite
395 4727 541 4790 pergens,
575 4720 609 4782 ui
632 4731 691 4793 tua
714 4713 744 4776 in
766 4721 855 4793 parts
877 4713 948 4776 novi
976 4715 1045 4794 quid
1078 4714 1206 4778 eruditis
1235 4733 1402 4796 proponere
1435 4733 1496 4779 non
1525 4731 1659 4794 possum,

297 4797 484 4877 populariter
507 4801 643 4864 eruditos
663 4820 718 4882 pro
741 4803 854 4872 risibus
877 4801 1025 4881 afflaverat,
1050 4810 1193 4884 quantun
1216 4804 1358 4868 instituta
1380 4803 1516 4866 brevitas
1529 4801 1647 4884 patitur
