3694 5528
737 309 853 362 raros·
871 305 1031 362 sanuses.
1498 307 1562 376 511

211 491 340 561 stantes,
365 491 397 546 et
420 483 553 564 quintam
575 486 664 568 paulo
688 484 817 566 lougius,
841 494 873 547 et
895 493 1013 549 sextam
1026 486 1159 566 proxime
1182 463 1281 566 ipsum
1296 487 1389 549 luisse
1413 487 1564 552 docebant

212 577 278 638 dies
302 580 473 655 sequentes.
521 571 598 636 Oum
620 574 712 654 igitur
734 575 869 640 misisset
892 572 1051 638 Galilaeus
1074 575 1131 636 hue
1155 575 1300 654 quasdam
1330 575 1435 637 literas
1459 584 1564 638 trans·
1607 636 1610 642 .

211 664 347 746 positas,
387 679 508 724 numero
533 659 594 738 37,
633 663 738 743 quibus
759 663 820 724 =ait
856 663 1002 725 contineri
1033 681 1142 725 novam
1177 663 1432 739 observationem,
1467 666 1564 744 priore

213 759 341 833 quatuor
357 749 445 812 Jovis
469 750 633 813 satellitum
657 752 890 813 mirabiliorem:
916 770 990 830 quas
1014 769 1070 830 ego
1093 751 1199 814 literas
1226 752 1385 832 memoriae
1406 772 1508 828 causa,
1532 761 1566 816 ut

210 840 305 920 potui,
329 839 360 900 in
384 839 460 900 hunc
484 839 722 902 semibarbarum
745 857 865 901 versum
888 841 1080 918 redegeram:

478 925 571 988 Salve
592 928 804 990 umbistineum
828 927 1010 1005 geminatum
1033 927 1148 989 Martia
1170 927 1279 1005 proles,

212 1016 307 1078 multa
320 1034 375 1076 noa
394 1015 520 1076 incessit
539 1016 693 1094 cogitatio,
719 1017 744 1077 si
768 1017 870 1078 forsan
894 1023 926 1075 et
948 1017 1029 1078 circa
1042 1017 1173 1077 Martem
1198 1015 1315 1094 aliquas
1339 1016 1417 1076 tales
1432 1015 1565 1078 Lunulas

212 1105 378 1166 videamus.
417 1102 479 1164 Sed
495 1105 681 1182 sequentium
701 1105 814 1166 dieu·
837 1105 1009 1166 observatio
1034 1103 1145 1176 docuit,
1165 1103 1296 1164 Martem
1321 1103 1455 1184 quamvis
1478 1106 1565 1166 tardo

213 1200 297 1254 motu
311 1191 409 1254 exisse
430 1210 446 1251 e
466 1201 553 1270 septo
568 1192 672 1253 harum
689 1191 876 1275 stellularum
896 1207 1001 1254 versus
1021 1191 1166 1268 orientem
1186 1199 1218 1252 et
1236 1192 1417 1254 denudatum
1437 1193 1565 1271 penitus.

213 1282 321 1360 ltaque
345 1280 422 1340 fixae
447 1287 545 1352 erant,
569 1281 606 1341 de
631 1281 737 1359 quibus
761 1281 828 1342 ideo
851 1281 963 1342 nullam
986 1299 1074 1360 porro
1098 1279 1208 1341 faciam
1231 1280 1423 1342 mentionem.

303 1369 411 1429 Jovem
443 1375 615 1446 surgentem
657 1367 853 1448 contemplati
885 1369 1011 1448 primam
1042 1368 1244 1430 indubitatam
1272 1377 1305 1429 et
1335 1369 1565 1448 pulcherrimam

213 1457 316 1535 adepti
352 1474 453 1517 sumus
492 1456 734 1518 observationem
757 1456 971 1519 Medioeorum.
1026 1456 1191 1518 Rationem
1222 1457 1299 1518 hauc
1331 1457 1495 1531 tenuimus,
1534 1465 1567 1518 ut

215 1545 284 1626 quid
309 1543 435 1624 quilibet
458 1543 669 1620 observasset,
702 1546 734 1606 id
765 1545 876 1606 tacitus
905 1552 990 1607 oreta
1011 1544 1150 1624 pingeret
1176 1544 1206 1606 in
1229 1545 1345 1624 pariete
1374 1545 1500 1607 seorsim
1528 1545 1566 1606 ab

214 1632 339 1696 alterius
372 1641 551 1710 conspectu:
590 1640 699 1712 postea
730 1634 808 1694 alter
841 1634 880 1694 ad
912 1633 1037 1696 alterius
1064 1633 1213 1712 picturam
1240 1634 1328 1694 simul
1358 1632 1566 1708 transiremus,

217 1721 401 1802 exploraturi
425 1738 612 1784 consensum.
658 1722 695 1784 Id
726 1721 863 1800 intellige
896 1729 928 1784 et
960 1724 997 1783 de
1030 1721 1231 1802 sequentibus.
1279 1720 1363 1784 Certi
1396 1741 1496 1783 sumus
1530 1721 1566 1782 de

213 1810 319 1884 tribue,
345 1809 381 1869 de
397 1815 502 1890 quarto
517 1809 653 1884 obscuro,
673 1829 761 1890 quum
776 1809 846 1872 Jovi
861 1811 982 1891 propior
996 1817 1071 1883 erat,
1093 1810 1305 1884 dubitavimus,
1328 1810 1425 1890 magis
1439 1811 1567 1872 Ursinus

215 1914 303 1976 quam
327 1915 394 1975 ego.
433 1894 608 1960 Clarissime
632 1898 690 1960 visi
710 1906 780 1962 suut
800 1899 858 1960 duo
881 1899 1085 1961 occidentales
1109 1917 1202 1979 usque
1225 1899 1255 1959 in
1278 1899 1405 1962 multam
1429 1912 1567 1960 auroram

214 2003 291 2065 pene
314 1985 446 2064 contigui
455 2004 465 2060 3
497 1993 568 2048 tuuc
593 1987 719 2068 denique
747 1988 838 2066 plane
862 1988 938 2064 duo,
967 2007 1027 2050 uon
1049 1995 1114 2048 tres
1141 1986 1329 2050 videbantur.
1376 1987 1475 2066 Doplo
1499 1987 1567 2066 plus

215 2073 350 2136 distabat
376 2074 530 2136 orientalis
554 2095 573 2136 a
595 2074 687 2149 Jove,
711 2095 800 2155 quam
823 2077 1112 2139 occidentalissimus
1136 2075 1175 2138 ab
1203 2075 1312 2138 eodeni
1331 2081 1363 2138 et
1377 2075 1453 2156 'plus
1479 2093 1568 2154 quam

218 2169 290 2224 aute
313 2161 433 2224 biduum
457 2163 571 2226 distare
594 2171 772 2243 putaveram
794 2165 878 2227 illum
906 2165 1081 2228 orientalem
1109 2163 1296 2226 haesitanter
1317 2164 1424 2225 visum.
1471 2164 1569 2224 Linea

217 2249 347 2312 omnium
369 2259 463 2323 reeta,
487 2253 667 2330 praesertim
691 2253 922 2316 occidentalium
953 2260 1024 2330 (enm
1053 2263 1173 2318 haberet
1200 2263 1310 2327 radies,
1342 2261 1448 2333 speeies
1475 2261 1568 2315 lineae

214 2346 277 2394 erat
290 2340 370 2410 qnasi
383 2341 465 2396 unius
479 2341 548 2396 redii
562 2343 657 2396 nodosi
672 2343 849 2415 longiusculi,
872 2350 922 2398 aut
935 2345 1073 2398 mehercle
1094 2343 1188 2413 capilli
1209 2344 1297 2398 tribus
1312 2343 1371 2398 ovis
1391 2339 1568 2412 pediculariis
1610 2337 1615 2342 “

215 2425 349 2494 concreti)
377 2437 453 2498 quae
490 2421 585 2481 instar
621 2423 727 2483 nodosi
764 2422 840 2484 radii
878 2431 953 2484 erat.
999 2422 1079 2485 Nam
1117 2429 1148 2482 et
1183 2421 1269 2483 nobis
1292 2421 1430 2499 Jupiter,
1468 2427 1501 2480 ut
1538 2427 1570 2480 et

212 2509 297 2570 Mars
321 2514 352 2566 et
379 2525 467 2568 mane
490 2508 656 2570 Mercurius
680 2517 712 2571 et
740 2509 836 2570 Sirius
870 2517 1072 2589 apparuerunt
1101 2509 1305 2590 quadranguli.
1352 2509 1463 2570 Altera
1491 2507 1569 2568 enirn

214 2595 426 2658 diametrorum
462 2597 675 2674 angulosarum
705 2599 844 2660 caerulea
871 2607 952 2673 erat,
983 2598 1081 2659 altera
1112 2597 1255 2676 punicea,
1287 2596 1317 2658 in
1340 2595 1437 2692 mem'o
1462 2613 1569 2673 corpus

214 2685 324 2746 flavum
343 2683 459 2762 fulgore
477 2684 656 2747 admirabili.
694 2687 759 2748 Hoc
779 2695 874 2748 toturn
898 2687 1010 2749 accidit
1033 2685 1238 2750 imbecillitate
1263 2685 1356 2759 visus,
1382 2682 1569 2745 conniventis

219 2773 258 2833 ad
282 2780 344 2833 tam
369 2773 534 2834 confertam
568 2774 681 2848 lucem,
715 2775 759 2834 uti
787 2793 855 2836 eam
887 2775 1056 2838 accumulat
1087 2775 1328 2836 instrumentum·
1374 2773 1456 2836 Nam
1478 2780 1509 2832 et
1532 2771 1569 2832 de

216 2860 265 2922 die
289 2859 497 2939 spectantibus
519 2879 574 2942 per
596 2862 653 2924 hoc
677 2861 907 2926 instrumentum
929 2873 1052 2943 propter
1073 2861 1196 2924 nimiam
1217 2862 1292 2924 lucis
1312 2861 1428 2940 copiam
1452 2859 1570 2921 colores

216 2947 301 3012 iridis
334 2947 477 3012 oriuntur.
534 2947 679 3012 Omnibus
711 2951 795 3014 hisce
828 2951 933 3014 diebus
967 2959 998 3012 et
1032 2951 1168 3030 pauculis
1198 2958 1289 3024 ante,
1323 2956 1393 3028 post
1426 2947 1571 3027 quadram

216 3036 463 3109 scilicetLouae‚
486 3036 515 3098 in
537 3039 602 3116 ejus
618 3057 741 3120 corpore
764 3040 848 3102 visus
868 3047 917 3102 eat
939 3040 1123 3102 clarissimus
1142 3037 1230 3103 umbo
1249 3029 1341 3118 ‘quasi
1364 3036 1570 3116 triangularis,

214 3144 319 3188 versus
342 3133 458 3204 partem
483 3129 668 3206 superiorem
689 3145 832 3207 vergens,
865 3135 897 3190 et
919 3129 949 3190 in
974 3129 1117 3190 orientem
1147 3127 1233 3208 quasi
1256 3126 1403 3188 dodrante
1431 3123 1570 3204 paralleli

215 3214 263 3278 sui
286 3215 326 3276 ad
349 3214 547 3278 biseetionem
569 3215 655 3278 recti.
701 3217 733 3279 Is
756 3215 853 3295 primo
877 3217 982 3278 stabat
1005 3223 1075 3278 ante
1099 3216 1257 3278 terminum
1279 3215 1396 3294 justum
1418 3212 1573 3275 illumina·

169 3365 172 3370 .
213 3301 316 3376 tionis,
335 3303 400 3382 jam
423 3303 619 3378 illuminatus,
642 3305 864 3384 postconditus
878 3305 959 3367 intra
973 3305 1048 3368 lueis
1071 3305 1270 3366 radiationem
1294 3320 1411 3383 semper
1430 3301 1572 3364 claritate

216 3391 346 3454 emicuit.
392 3391 518 3454 Dieeres
549 3392 642 3455 animi
674 3393 775 3473 gratia
807 3393 906 3454 nivem
937 3393 966 3456 in
999 3393 1214 3458 excelsissimis
1241 3391 1382 3472 Alpibus.
1427 3389 1495 3454 Hoc
1524 3389 1572 3450 die

218 3486 373 3558 spectator
397 3487 429 3542 et
450 3479 541 3542 testis
564 3481 637 3543 mihi
661 3481 719 3543 fuit
741 3481 879 3544 oculatus
901 3481 1029 3544 Ursinus
1054 3482 1255 3561 supradictus.

310 3574 368 3638 Die
391 3572 425 3638 4.
440 3574 630 3656 Septembris
653 3597 741 3640 mane
760 3579 880 3660 Jupiter
893 3597 948 3658 per
970 3579 1073 3641 nubila
1092 3597 1159 3640 cum
1183 3577 1297 3641 duobus
1321 3575 1503 3638 satellitibus
1528 3583 1575 3636 est

218 3662 317 3735 visus,
346 3662 428 3724 claro
451 3665 641 3742 occidentali,
670 3667 768 3730 minus
792 3669 874 3730 claro
903 3667 1059 3736 orientali,
1083 3667 1176 3746 dupla
1198 3667 1344 3728 distantia
1376 3662 1573 3726 occidentalis

218 3751 258 3812 ad
283 3751 461 3814 distantiam
484 3753 656 3828 orientalis,
686 3757 768 3819 linea
790 3764 875 3818 reeta
898 3764 931 3816 et
953 3757 1063 3829 ardua,
1098 3755 1183 3834 quasi
1207 3757 1275 3834 plus
1303 3769 1392 3832 quam
1423 3750 1571 3830 ecliptica.
1680 3785 1683 3791 ·

219 3838 428 3901 Occidentalis
452 3840 514 3902 lere
539 3842 682 3919 distabat,
707 3854 741 3906 nt
764 3844 1054 3907 occidentalissimus
1075 3844 1122 3905 die
1142 3843 1169 3905 l.
1184 3841 1383 3922 Septembris.
1407 3839 1485 3900 lbrat
1499 3839 1574 3900 haee

218 3927 366 3990 distantia
393 3927 583 3992 instrumenti
609 3949 681 4010 pars
712 3950 824 4010 parva,
855 3935 933 3994 sorte
966 3933 1069 4013 quinta
1092 3940 1145 3994 aut
1167 3939 1265 3992 sexta.
1312 3929 1440 3990 Praesto
1464 3926 1575 3988 fuerim

217 4016 326 4097 reliqui
351 4016 409 4078 duo
433 4037 472 4079 au
496 4037 555 4080 uon
579 4019 659 4083 haud
683 4029 814 4084 constat.
852 4020 967 4084 Nubila
988 4021 1067 4083 enim
1091 4019 1271 4082 creberrima
1293 4017 1453 4080 turbarunt
1475 4015 1574 4096 iuqui-

217 4105 367 4168 sitionem.

218 4237 226 4244 -
305 4195 363 4256 Die
388 4191 418 4256 5.
442 4192 630 4273 Septembris
653 4216 741 4258 mane
765 4217 842 4258 unus
866 4198 964 4258 claros
993 4196 1118 4258 satelles
1141 4193 1228 4256 Jovis
1251 4193 1292 4254 ad
1315 4193 1461 4254 orientem
1477 4191 1575 4252 'tertia

216 4289 303 4362 parte
326 4282 527 4358 instrumenti,
552 4285 626 4347 nulli
640 4293 808 4364 praeterea,
829 4285 913 4347 coelo
936 4284 1103 4347 clarissimo
1122 4284 1176 4345 aed
1194 4283 1260 4363 jam
1277 4282 1405 4343 multum
1422 4279 1574 4341 albicante

217 4371 255 4432 ob
288 4388 427 4432 auroram
456 4379 489 4432 et
518 4373 616 4434 lumen
640 4375 757 4435 Lunae.
805 4374 893 4434 Vidit
916 4381 948 4435 et
975 4373 1106 4434 Thomas
1135 4371 1287 4451 Segethus
1315 4369 1497 4440 Britannus,
1528 4367 1576 4430 vir

212 4459 277 4538 jam
299 4458 462 4520 celebrium
485 4460 617 4522 virorum
646 4461 731 4522 libris
755 4469 787 4523 et
809 4461 907 4524 literis
935 4469 1042 4536 notus,
1067 4461 1114 4522 eui
1138 4460 1285 4522 assideo
1312 4457 1441 4520 nominis
1465 4453 1575 4518 existi-
1612 4533 1614 4539 Α

215 4547 311 4608 matio
335 4547 417 4610 cordi
441 4555 500 4610 eet.

304 4636 373 4697 Non
396 4653 520 4713 possum
541 4633 708 4714 praeterire
726 4636 797 4716 quin
817 4636 906 4698 animi
926 4637 1028 4716 gratia
1042 4635 1190 4716 explicem
1209 4643 1242 4696 et
1259 4633 1476 4713 spectaculum,
1495 4633 1574 4712 quod

217 4723 305 4784 uobis
330 4723 417 4784 Luna
441 4724 619 4786 decrescens
643 4723 788 4785 exhibuit.
1374 4722 1375 4726 ’
1620 4735 1624 4742 ’

304 4809 364 4872 Est
382 4811 412 4872 in
431 4812 536 4873 Lunae
558 4812 636 4873 facie
659 4829 752 4892 supra
775 4812 892 4875 oculum
911 4812 975 4892 ejus
998 4812 1155 4877 sinistrum
1174 4832 1190 4874 e
1211 4810 1332 4890 regione
1356 4809 1454 4874 nostri
1476 4807 1576 4872 dextri
