3700 5530
304 251 374 322 336
799 255 972 308 Astronomiae
989 254 1053 308 rara
1071 253 1169 321 Opta'ca

302 433 332 498 7.
357 441 390 497 et
416 431 487 499 tet.
510 431 611 516 quarti
634 431 824 509 Vitellianis,
854 433 997 514 aequales
1021 452 1109 496 araus
1137 431 1279 496 circuitus
1305 433 1450 514 planetae
1473 431 1666 512 apparebunt

301 523 494 605 inaequales,
528 522 609 585 circa
640 538 806 600 apogaeum
837 523 944 602 parvi,
978 521 1059 585 circa
1092 521 1267 602 perigaeum
1303 520 1416 602 magni.
1470 520 1540 584 Etsi
1572 519 1666 599 igitur

301 613 426 693 planeta
453 613 519 692 ipse
542 611 584 672 sit
607 609 742 689 aequalia
766 610 933 674 celeritatis
962 610 994 673 in
1017 611 1155 674 omnibus
1183 612 1327 686 arcubus,
1360 609 1466 674 tardae
1494 617 1599 674 000000
1622 609 1665 676 ibi

301 701 473 782 apparebit,
506 700 558 762 ubi
588 718 676 762 arcus
709 705 859 778 appetent
887 699 1033 774 minores,
1065 700 1155 763 velox
1177 699 1227 762 ubi
1251 699 1361 780 magni.

387 790 473 852 Haec
497 807 618 852 arcuum
640 788 689 850 vel
713 788 879 852 imminutio
908 789 957 851 rel
988 790 1087 852 auctio
1119 789 1220 870 optica
1247 796 1389 850 censetur
1415 785 1663 866 potissimumue

300 879 507 953 semicirculis,
530 879 563 940 in
587 878 663 939 hunc
686 877 817 941 modum.
856 876 950 940 SitA
974 889 1109 942 scutrum
1127 879 1220 953 visus,
1244 878 1322 940 idern
1342 884 1374 940 et
1390 875 1492 940 mundi
1515 883 1661 952 nanuum,

298 969 324 1030 Β
349 976 484 1030 centrum
508 966 668 1036 eccentrici
684 965 778 1042 ECD,
804 967 903 1048 ejecta
920 967 977 1029 AB
997 966 1027 1028 in
1048 965 1073 1031 Ο
1098 976 1130 1029 00
1148 969 1182 1043 F,
1208 967 1267 1030 erit
1290 965 1315 1032 G
1331 984 1508 1046 apogaeum,
1531 966 1557 1028 l?
1574 965 1659 1046 peri-

623 1075 740 1207 ruu-
773 1057 815 1207 0
837 1056 961 1226 000
981 1057 1115 1226 trit
1134 1024 1744 1220 00000001οτ001

313 1222 447 1484 ⁴
620 1233 1213 1404 tt„ttttttfflttttttrttt
1226 1231 1553 1401 iiliiri‘ll'il‘i
1566 1228 1663 1382 0111

325 1460 327 1465 ,
436 1468 437 1473 ,
569 1456 572 1475 r
621 1409 682 1474 Sed
706 1410 736 1472 in
759 1412 788 1474 D
812 1412 893 1474 0οΕ
921 1412 1060 1475 videatur
1089 1433 1127 1474 ex
1159 1419 1262 1474 aentm
1286 1412 1317 1474 A
1343 1411 1373 1473 in
1406 1409 1480 1474 locis
1513 1407 1662 1489 opponitis

313 1486 581 1587 μ·
620 1501 769 1582 sphaerae
791 1501 927 1578 lixarum,
952 1503 1035 1581 cujas
1049 1503 1080 1564 A
1104 1510 1247 1576 centralis,
1272 1499 1390 1579 longios
1413 1498 1505 1580 igitur
1527 1498 1558 1559 in
1575 1495 1661 1560 Dcn

434 1586 437 1592 ’
620 1597 763 1664 moratur,
788 1608 878 1669 quarn
899 1591 929 1652 in
953 1590 1045 1654 DFE.
1083 1589 1127 1654 At
1150 1589 1221 1671 quia
1243 1589 1326 1652 visus
1349 1589 1471 1668 ignorat
1484 1585 1568 1650 DCE
1591 1605 1660 1648 ease

620 1679 762 1760 majorem
786 1697 876 1760 quam
898 1679 990 1756 DFE,
1014 1687 1177 1760 propterea
1200 1678 1279 1760 quod
1307 1677 1500 1740 remotionem
1528 1674 1662 1756 partium

620 1768 774 1847 utriusque
808 1767 910 1832 circuli
943 1787 1001 1830 non
1033 1769 1230 1841 internoscit,
1264 1767 1319 1830 sed
1351 1764 1519 1848 aequaliter
1550 1765 1660 1828 abesse

300 1865 399 1940 potat,
424 1858 492 1920 ideo
515 1857 679 1920 tardiorem
701 1864 791 1937 putat
812 1857 966 1936 planetam
996 1875 1090 1938 supra
1111 1857 1199 1921 ΒΑΕ
1224 1855 1342 1931 lineam,
1367 1875 1455 1936 quam
1480 1854 1559 1918 inira
1581 1871 1658 1916 eam.

390 1947 453 2009 Sed
482 1947 617 2028 quaeris,
651 1965 708 2025 quo
736 1955 913 2024 argumento
945 1947 1073 2022 sciatur,
1102 1947 1257 2026 planetam
1285 1946 1316 2008 in
1348 1943 1495 2025 oppositis
1522 1942 1659 2023 spectari

300 2035 438 2116 partiboa
463 2035 588 2098 circuli?
633 2035 832 2116 Respondeo‚
863 2037 960 2116 primo
985 2055 1023 2097 ex
1044 2037 1076 2098 A
1098 2043 1202 2100 centro
1225 2033 1423 2115 imaginamur
1446 2031 1534 2098 uobis
1557 2032 1658 2094 circu·-

300 2127 362 2188 lum
394 2125 570 2198 mammum,
605 2124 656 2204 qui
688 2123 859 2204 appellatur
887 2124 1125 2206 aequinoctialis.
1182 2124 1298 2187 Deinde
1329 2142 1367 2186 ex
1394 2121 1659 2184 observationibus

299 2213 425 2289 scimus,
457 2213 534 2275 idern
558 2213 589 2274 A
612 2221 748 2274 centrum
777 2212 859 2276 visua
892 2213 987 2278 nostri
1019 2213 1133 2276 versari
1167 2213 1258 2276 etiarn
1287 2213 1318 2276 in
1341 2231 1377 2274 eo
1400 2213 1509 2294 plano,
1544 2209 1574 2272 in
1599 2227 1658 2291 qao

298 2303 425 2382 planeta
448 2302 597 2384 quispiam
620 2320 707 2364 suum
731 2320 850 2364 cursum
873 2303 1074 2366 eccentricum
1097 2303 1223 2382 perficit.
1263 2300 1381 2364 Scimus
1405 2300 1508 2375 etiam,
1533 2299 1564 2362 id
1586 2299 1659 2377 pla-

249 2409 254 2420 ·
302 2409 371 2454 num
397 2411 429 2454 se
445 2393 510 2472 ipso
535 2391 693 2471 aequabile
707 2409 785 2464 ease,
810 2409 869 2454 nco
892 2399 1069 2468 tortuosum,
1094 2401 1125 2454 et
1143 2390 1278 2454 inclinari
1302 2390 1340 2452 ad
1354 2389 1484 2470 priorem
1506 2388 1658 2462 circulum,

300 2480 331 2542 id
355 2488 403 2544 est
426 2499 531 2544 secare
554 2480 648 2543 illum.
695 2481 742 2542 At
764 2498 830 2542 corn
853 2481 912 2542 duo
944 2481 1046 2544 circuli
1075 2501 1108 2544 aa
1139 2487 1259 2556 secant,
1289 2479 1368 2543 linea
1396 2477 1538 2541 sectionis
1571 2495 1656 2538 aom-

298 2569 397 2632 manis
423 2577 473 2633 est
495 2577 580 2632 recta
604 2569 657 2643 (D.
680 2569 738 2644 XI,
763 2567 815 2643 3),
850 2589 926 2651 quae
957 2589 1023 2632 oum
1046 2587 1101 2649 per
1124 2577 1259 2632 centrum
1282 2567 1510 2648 aequinoctialia
1534 2573 1599 2640 sat,
1623 2573 1658 2630 ut

295 2677 352 2738 per
366 2658 406 2735 A,
430 2659 508 2738 qnod
533 2658 711 2739 supponitur
733 2657 763 2719 in
788 2667 913 2739 utroque
935 2660 1027 2739 plano
1052 2679 1129 2735 esse,
1153 2658 1271 2722 secabit
1292 2657 1386 2738 igitur
1405 2654 1658 2738 aequinoctialem
1707 2655 1709 2662 '

295 2747 326 2809 in
351 2747 393 2824 D,
418 2747 445 2810 Ε
469 2748 542 2810 10010
568 2767 606 2808 err
628 2748 659 2809 A
684 2747 842 2826 oppositis.
890 2745 958 2818 Quo
982 2747 1075 2827 igitur
1105 2747 1231 2810 artificio
1263 2747 1389 2827 planeta
1422 2743 1657 2826 deprehanditur

295 2836 324 2900 in
349 2836 603 2917 aequinoctialem
635 2836 781 2910 incidere,
813 2837 918 2898 eodem
941 2837 973 2898 in
996 2837 1064 2899 loca
1087 2835 1227 2918 opposita
1254 2835 1386 2898 incidere
1410 2833 1655 2915 deprehenditur.

296 2927 342 2989 At
366 2925 396 2988 id
421 2926 452 2988 in
476 2925 663 2988 astronomia
685 2931 718 2986 et
740 2924 879 2988 doctrina
901 2925 988 3005 primi
1013 2925 1132 2988 mobilis
1156 2926 1289 2990 docetur.

235 3005 255 3084 ⁴,
385 3013 480 3077 Porro
515 3033 553 3076 ex
585 3013 743 3076 occasione
784 3013 1053 3076 animadversionis
1088 3014 1176 3094 bojas
1208 3013 1389 3095 phantasiae
1421 3010 1596 3079 velocitatis
1623 3017 1656 3072 et

296 3103 453 3165 tarditatis
483 3103 604 3183 opticae
632 3103 799 3166 astronomi
821 3103 850 3164 in
876 3104 1004 3166 alteram
1028 3106 1060 3166 et'
1078 3102 1260 3166 contrariom
1282 3101 1417 3166 incidunt
1430 3117 1572 3170 errorem,
1595 3117 1653 3162 non

296 3201 358 3252 tam
382 3191 465 3254 visua
490 3210 579 3272 quam
601 3191 852 3255 ratiocinationis.
884 3192 965 3255 Dum
988 3211 1016 3255 n.
1041 3211 1097 3254 nos
1117 3192 1303 3256 astronomia
1325 3192 1415 3252 docet
1437 3189 1495 3252 hoo
1518 3189 1653 3252 axioma:

293 3299 331 3342 au
349 3275 544 3361 000ρῤ0000000
566 3301 718 3360 qapopm
736 3282 921 3361 tlpcduaspoa
940 3285 1084 3344 renudat
1102 3303 1234 3360 quaerar
1248 3277 1528 3354 (verberatione),
1552 3285 1654 3340 00000·

293 3367 375 3430 nomi
407 3386 520 3448 magna
550 3368 766 3448 probabilitate
796 3377 990 3445 convertunt,
1015 3393 1052 3433 aa
1075 3372 1259 3451 ilpcdvrspoe
1281 3359 1435 3446 00000000
1462 3361 1656 3449 πορὁτερω

294 3461 446 3536 aepactas
469 3462 556 3520 00000.
596 3455 720 3529 Quanto
743 3465 879 3538 tempore
902 3457 1014 3522 diutina
1033 3468 1168 3523 moratur
1189 3461 1316 3537 planeta
1331 3458 1362 3520 in
1384 3456 1485 3536 aliquo
1509 3475 1581 3518 arcu
1604 3455 1654 3520 vel

293 3546 482 3612 semicirculo
507 3565 597 3627 quam
628 3547 660 3609 in
684 3545 814 3628 reliquo,
843 3555 929 3610 tanto
954 3549 1046 3610 etiam
1070 3548 1187 3628 longina
1210 3549 1293 3612 illum
1317 3563 1419 3612 arcum
1446 3545 1611 3609 recessisse
1634 3565 1655 3608 a

292 3636 361 3699 visu
383 3642 524 3715 arguant.
570 3635 617 3699 At
644 3655 703 3698 oon
731 3644 779 3699 aet
806 3636 981 3698 necessaria
1012 3638 1169 3700 conversio
1192 3645 1224 3700 et
1246 3637 1277 3700 in
1295 3643 1414 3717 partem
1436 3635 1526 3697 salsa.
1574 3633 1654 3698 Sunt

294 3725 373 3788 enirn
404 3724 623 3788 retardationis
656 3743 766 3787 causae
796 3724 889 3787 etiam
922 3725 1000 3790 aliae
1028 3726 1077 3788 his
1107 3727 1216 3805 opticis
1248 3724 1427 3805 permixtae.
1479 3721 1532 3786 Sic
1565 3723 1653 3786 initio

292 3813 487 3876 Ptolemaeus
511 3813 659 3894 deceptus
681 3821 738 3887 eat,
764 3813 833 3876 dum
850 3814 1001 3895 epicycloe
1019 3815 1205 3896 planetarios
1220 3815 1343 3878 nimium
1364 3813 1426 3876 alta
1448 3811 1517 3874 hinc
1537 3811 1654 3874 attollit

291 3902 360 3964 inda
385 3901 537 3981 deprimit,
561 3903 632 3983 quia
652 3901 778 3966 alterius
797 3902 855 3966 loci
879 3903 1020 3980 tarditas,
1044 3903 1169 3968 alterius
1192 3903 1341 3967 velocitas
1364 3907 1485 3966 tanturn
1499 3900 1651 3982 requirere

291 3991 460 4054 videbatur.
507 3989 570 4054 Sed
595 4010 680 4054 error
702 3991 807 4054 statim
829 3992 930 4073 patuit
952 4011 990 4054 ex
1013 3991 1220 4073 magnitudine
1248 3990 1422 4073 apparenti,
1448 3989 1546 4054 minua
1570 3987 1652 4054 enim

292 4080 472 4144 crescebant
495 4080 623 4162 epicycli
641 4081 671 4143 in
689 4079 842 4162 parigaeo,
867 4099 956 4161 quam
978 4099 1033 4161 pro
1053 4089 1141 4144 tanta
1154 4081 1464 4164 appropinquatione:
1488 4086 1651 4160 propterea

290 4188 384 4232 cauea
407 4169 598 4248 deprehensa
619 4176 668 4232 est
694 4169 910 4248 retardationis
934 4171 1040 4242 altera,
1064 4189 1162 4251 quam,
1187 4179 1221 4234 ut
1243 4171 1331 4234 modo
1355 4168 1427 4244 dixi,
1451 4168 1481 4231 io
1506 4167 1649 4232 cuculum

290 4257 450 4336 aequantia
473 4255 669 4322 Ptolemaeus
692 4258 829 4320 contulit.
868 4257 901 4319 ln
924 4257 996 4324 Sole
1016 4259 1168 4342 epicyclus
1186 4259 1285 4322 nullus
1304 4257 1532 4340 requirebatur3
1555 4275 1648 4338 quare

290 4345 403 4408 mansit
426 4345 474 4408 bic
497 4364 580 4408 error
602 4347 758 4410 hactenns.
806 4345 1018 4426 Deprehenaue
1042 4356 1146 4411 000000
1168 4357 1217 4411 000
1239 4369 1258 4410 a
1281 4366 1328 4410 ma
1355 4345 1452 4427 priano
1483 4363 1540 4427 por
1570 4345 1647 4410 aub-

289 4433 374 4496 tilern
397 4433 640 4498 obsemtionem
663 4434 803 4498 diametri
825 4434 964 4509 visibilia,
988 4443 1022 4498 ut
1046 4437 1125 4500 inira
1147 4436 1265 4512 dicam
1289 4435 1397 4502 deiude
1419 4453 1475 4515 per
1497 4435 1647 4498 01000000-

289 4521 388 4584 tionea
419 4522 570 4606 Tyobonis
601 4522 854 4605 exquisitissimae
886 4521 918 4584 in
946 4524 1038 4586 stalla
1059 4525 1170 4590 Martia
1202 4525 1339 4602 habitae,
1371 4531 1406 4590 00
1432 4543 1487 4586 000
1515 4525 1582 4588 loco
1614 4531 1648 4586 et

289 4617 425 4687 tempore
449 4610 617 4691 explicabo.
664 4613 802 4693 Utraque
831 4610 948 4675 ratione
977 4621 1112 4691 0000000,
1144 4613 1248 4678 Solem
1278 4615 1400 4680 dimidio
1423 4612 1521 4678 solum
1544 4614 1646 4695 spatio

290 4695 356 4774 ejus
387 4698 637 4776 eceentricitatis,
667 4701 745 4782 qood
769 4700 815 4763 illi
838 4699 877 4762 ab
898 4699 1082 4781 Albatagnio
1107 4711 1140 4766 et
1162 4703 1303 4786 ‘lycbone
1331 4703 1486 4780 tribuitur,
1516 4703 1646 4770 anobis

289 4783 442 4854 recedere,
466 4785 569 4866 itaque
592 4796 625 4851 et
646 4788 676 4851 in
699 4787 772 4852 Sole
795 4795 976 4870 aequantem
999 4789 1142 4856 circulum
1164 4810 1304 4874 regnare.
