3648 5530
351 247 419 319 178
776 251 876 302 nram
893 249 997 316 sepas
1013 249 1166 318 namqu
1182 249 1287 304 suan

354 430 479 496 Senasio
502 429 569 512 ipso
592 431 711 493 uexa'e?
734 449 772 492 au
797 429 836 490 ab
859 429 930 503 alio,
955 428 1005 510 qui
1027 437 1059 492 te
1083 430 1151 492 huic
1174 429 1364 510 obstringere
1387 432 1622 496 necessitudinis
1643 435 1709 514 jure

353 523 476 604 potuit?
507 521 554 582 Ειι
577 539 658 594 vero,
683 537 842 599 personam
866 519 956 598 paulo
979 527 1050 581 anto
1073 519 1248 598 plagosam,
1273 520 1353 582 ¹dem
1377 539 1396 581 o
1418 521 1553 584 latibulis
1577 521 1710 585 insulta-

354 619 411 687 ret,
435 629 513 673 nuuc
527 617 685 690 postquam
705 609 784 672 iutra
806 626 914 670 manus
938 624 1004 668 eam
1028 608 1113 670 tento
1134 615 1341 690 portentoque,
1366 609 1557 672 mitissimam
1584 629 1709 674 manns-

353 719 412 781 qne
435 699 585 778 supplices
606 697 792 760 tendentem.
830 695 1031 776 Opprubriuiu
1047 696 1177 758 simulat
1199 696 1229 757 iu
1253 715 1371 762 mmms
1392 695 1491 774 lande,
1514 693 1708 780 imperitiam,

352 796 425 869 post
441 787 724 848 demonstrationem
740 786 901 859 scientiam
927 792 959 847 et
981 785 1070 848 simul
1093 785 1200 848 dextro
1221 787 1301 865 pede
1324 795 1396 866 post
1418 787 1576 850 sinistrum
1589 789 1710 852 vibrato

353 877 426 938 milri
452 876 541 956 juxta
574 876 668 938 stanti
702 875 849 954 posticam
881 874 974 936 infert
1002 875 1143 954 plagam,
1178 875 1246 954 quia
1272 873 1445 938 Galilaeum
1472 879 1710 959 reprehensurus

353 983 456 1027 carere
480 965 570 1027 debui
594 964 672 1026 omni
696 983 805 1025 naevo.
851 961 934 1024 Nihil
963 963 1062 1042 patior
1091 964 1237 1026 decedere
1260 965 1380 1044 gratiae
1403 967 1603 1046 descriptioni
1627 975 1709 1042 tuae,
1771 995 1774 1006 ·

352 1053 584 1130 humanissime,
609 1055 688 1134 quod
711 1053 975 1115 instrumentorum
999 1053 1037 1114 ab
1062 1053 1127 1132 ipso
1153 1050 1293 1114 Galilaeo
1326 1055 1486 1118 missorum
1517 1055 1608 1134 copia
1639 1057 1711 1119 mibi

352 1143 471 1205 interim
495 1151 543 1204 est
567 1144 659 1216 iacta,
685 1161 722 1203 ex
746 1161 804 1222 qua
819 1151 919 1203 certus
943 1159 1018 1216 sum,
1044 1149 1075 1201 te
1098 1140 1200 1203 omnia
1216 1140 1372 1204 verissime
1387 1159 1456 1206 esse
1470 1153 1711 1223 persecuturum.

351 1232 524 1294 Videndum
546 1241 664 1306 muron,
699 1231 723 1291 si
749 1231 818 1310 quid
842 1237 895 1292 tna
920 1231 1013 1292 verba
1037 1231 1241 1310 suppeditent,
1266 1249 1323 1312 quo
1346 1251 1416 1294 mea
1440 1232 1558 1295 fabrica
1581 1234 1612 1296 in
1635 1235 1710 1296 Die-

351 1321 516 1383 scitatione
540 1321 655 1382 tradita
677 1321 885 1398 redarguatur.

441 1410 542 1472 Primo
574 1411 711 1470 canalem
744 1407 889 1470 describis
922 1407 1013 1468 tubae
1047 1407 1161 1480 forma,
1199 1407 1376 1488 ampliorem
1407 1408 1550 1471 inferiore
1583 1411 1709 1474 orificio.

350 1499 434 1562 Nihil
458 1499 514 1560 lroe
537 1505 643 1560 contra
666 1516 743 1560 mea
789 1496 910 1576 Agnovi
934 1496 964 1556 iu
987 1515 1056 1558 mea
1079 1495 1281 1575 descriptione
1312 1497 1422 1560 vitrum
1444 1499 1589 1560 extimum
1613 1500 1708 1562 latius

351 1587 477 1667 requiri:
502 1588 649 1667 reliquum
669 1587 754 1648 oculo
778 1586 974 1666 propinquum
997 1595 1146 1664 utcunque
1170 1586 1265 1646 latum
1289 1585 1375 1648 oculo
1399 1603 1456 1650 non
1480 1594 1579 1650 totum
1601 1591 1708 1652 servit

352 1677 455 1738 'lubae
479 1695 552 1737 vero
575 1677 690 1750 forma,
716 1676 793 1755 quod
818 1675 897 1736 vitra
920 1674 1044 1748 attinet,
1078 1674 1108 1734 in
1132 1673 1228 1735 libera
1250 1674 1375 1736 artificis
1399 1683 1645 1756 estpotestate,
1677 1686 1710 1740 at

350 1765 378 1826 si
402 1765 489 1828 valde
513 1766 606 1826 latum
632 1765 741 1826 vitrum
764 1763 896 1831 iuferius,
922 1783 958 1823 ee
982 1763 1077 1824 servit
1100 1780 1153 1840 pro
1178 1763 1425 1842 diaphragma,
1457 1767 1538 1845 quod
1560 1765 1709 1828 adhibent

350 1855 380 1916 in
405 1854 547 1936 cylindris
571 1854 609 1915 ad
641 1853 823 1914 avertendos
848 1871 866 1912 a
896 1850 1041 1914 lateribus
1072 1851 1191 1912 caratis
1222 1851 1324 1913 radios
1356 1852 1414 1914 diei
1449 1853 1707 1936 inducendamque

295 1954 301 1968 ·
350 1943 575 2004 obscuritatem.
622 1943 732 2022 Itaque
762 1941 790 2002 in
820 1941 1011 2002 dimetiendis
1042 1941 1199 2002 diametris
1237 1940 1414 2002 orilieiorum
1452 1951 1484 2004 et
1520 1943 1708 2022 longitudine

349 2032 466 2094 canalis
490 2031 668 2092 industriam
693 2030 921 2105 demonstrasti,
951 2030 990 2090 ad
1019 2029 1062 2090 rei
1090 2046 1235 2090 summam
1263 2029 1419 2108 prolecisti
1446 2031 1535 2093 nihil.
1582 2033 1706 2108 Fateor,
1800 2073 1801 2076 =

350 2121 465 2198 scripta
484 2120 549 2198 jaro
572 2119 815 2195 Dissertatione,
840 2129 1001 2199 postquam
1025 2118 1064 2179 ad
1092 2117 1303 2196 experimenta
1333 2119 1461 2193 woessi,
1495 2122 1708 2184 conturbatum
1800 2169 1801 2192 ,

351 2227 398 2270 me
424 2209 516 2270 fuisse
542 2209 745 2271 fenerabas.
794 2206 870 2270 Cum
894 2207 971 2270 euim
993 2225 1052 2269 non
1077 2215 1221 2287 quantum
1243 2207 1472 2270 sufficiebat-iu
1495 2210 1708 2272 instrumentis
1800 2273 1801 2292 ,

350 2301 507 2372 versarer,
532 2299 589 2358 nec'
613 2297 810 2358 admitterent
832 2315 902 2358 mea
921 2297 1131 2369 instrumenta,
1155 2303 1190 2357 nt
1212 2297 1358 2358 remotius
1380 2296 1490 2363 vitrum
1514 2306 1708 2378 quantacun·

351 2405 408 2466 que
440 2385 602 2448 fenestella
631 2394 752 2465 pateret
789 2385 978 2458 adhiberem,
1013 2386 1146 2447 mirabar
1177 2385 1226 2446 oui
1259 2385 1337 2446 bono
1369 2387 1594 2453 casamenta
1623 2397 1709 2450 tauto

351 2483 471 2556 pateret
494 2475 625 2548 orificio,
649 2475 733 2554 cujus
757 2474 918 2554 potissima
939 2493 1010 2554 pars
1035 2481 1119 2536 esset
1141 2473 1249 2536 iterem
1263 2475 1416 2553 'tegendae
1462 2474 1582 2550 Subiit,
1618 2478 1709 2539 tubae

350 2563 480 2644 effigiem
505 2568 629 2626 ornatus
654 2572 685 2624 et
705 2563 916 2626 delectationis
941 2583 1034 2625 causa
1057 2562 1203 2643 exprimi:
1225 2567 1337 2642 postea
1360 2570 1392 2625 et
1415 2564 1472 2626 boc
1495 2564 1613 2640 incidit,
1637 2567 1707 2626 dia·

350 2653 497 2734 phragma
519 2661 673 2733 pertusum
697 2660 826 2733 angusto
850 2653 995 2715 foramine
1026 2652 1092 2713 loco
1124 2651 1301 2714 intermedio
1333 2652 1418 2714 iuter¹
1442 2653 1523 2716 vitra
1549 2664 1709 2733 maestare

351 2742 574 2804 obturationem
598 2742 659 2804 laxi
682 2741 786 2804 orificii
808 2742 926 2803 canalis
950 2750 982 2802 et
1004 2739 1122 2802 ostendi
1145 2749 1243 2804 totum
1264 2741 1374 2804 vitrum
1390 2741 1472 2804 ,loris
1494 2743 1525 2804 in
1549 2744 1622 2805 laxo
1646 2745 1709 2806 ori·

352 2831 418 2892 ticio
447 2845 586 2912 ιρνψιωι
617 2827 717 2904 inno,
749 2849 815 2892 cum
843 2832 924 2892 intus
948 2830 1186 2910 diaphragmntr's
1219 2837 1348 2908 augusto
1377 2831 1522 2893 toramine
1545 2831 1709 2911 prolixitas

350 2921 470 2982 isthaec
500 2920 631 2982 exterior
664 2921 781 2981 occulte
813 2925 997 2981 coerceatur.
1049 2919 1180 2981 Rursum
1212 2919 1405 2981 necessitatis
1436 2936 1532 2982 cause
1562 2922 1709 3002 putabam

350 3009 415 3068 lieri
431 3009 521 3073 tubae
546 3010 692 3082 formam3
727 3009 822 3070 lentes
848 3008 924 3086 enim
948 3024 1099 3070 contexes
1122 3023 1293 3086 usurpasse
1316 3007 1413 3087 poliri,
1438 3008 1499 3070 nisi
1521 3009 1586 3071 siut
1604 3013 1709 3090 justae

351 3096 534 3172 latitudinis,
564 3106 604 3159 ut
634 3098 679 3158 ita
712 3116 817 3158 manns
848 3097 972 3183 artificis
1000 3097 1122 3178 stylum·
1138 3103 1267 3171 tenens,
1303 3115 1362 3176 quo
1389 3098 1500 3160 rituum
1522 3099 1708 3179 applicatur,

353 3184 413 3246 coti
436 3193 537 3247 rotato
562 3186 710 3260 subnixa,
744 3187 809 3248 lata
831 3186 901 3248 vitri
925 3185 1007 3260 basi,
1041 3185 1137 3248 miuus
1169 3185 1324 3247 incumbat
1356 3187 1386 3247 in
1418 3188 1502 3248 latus
1529 3189 1710 3252 alterutrum

351 3272 509 3354 minusque
532 3274 662 3336 decedat
684 3275 883 3350 rotunditati;
914 3276 1026 3354 politas
1057 3273 1149 3353 igitur
1177 3274 1274 3338 lentes
1306 3274 1383 3336 adeo
1417 3277 1498 3338 latas
1526 3296 1585 3338 uon
1617 3297 1712 3357 posse

353 3363 430 3423 citra
453 3362 616 3441 periculum
641 3363 763 3424 diminui
787 3363 927 3425 exteriori
950 3363 1056 3437 limbo;
1081 3363 1183 3442 itaque
1197 3371 1282 3425 totae
1297 3371 1332 3424 ut
1345 3364 1438 3426 inseri
1453 3365 1582 3443 possint,
1597 3385 1710 3428 neces-

355 3451 436 3512 sario
461 3451 534 3512 loris
557 3450 641 3512 hiare
664 3452 810 3522 canalem,
834 3463 996 3531 angustum
1018 3471 1090 3512 vero
1114 3453 1178 3513 lieri
1198 3453 1282 3518 circa
1300 3453 1426 3527 oculum,
1451 3461 1488 3514 ut·
1504 3455 1712 3518 manuteneri

350 3540 462 3619 possit·
502 3541 547 3602 At
579 3547 739 3620 postquam
771 3542 832 3603 alia
859 3551 931 3621 post
962 3542 1024 3604 alia
1052 3548 1085 3603 et
1112 3541 1239 3622 denique
1266 3541 1418 3619 quoddam
1445 3543 1541 3621 ipsius
1573 3541 1709 3606 Galilaei

351 3629 493 3702 tractavi,
519 3629 578 3690 etsi
601 3629 633 3690 id
656 3637 723 3690 erat
745 3637 827 3692 tecto
851 3631 930 3693 vitro
954 3649 1089 3693 convexo
1112 3637 1207 3709 risque
1230 3629 1269 3690 ad
1294 3631 1465 3710 angustiam
1487 3632 1588 3712 grossi
1612 3633 1709 3694 Polo·

351 3717 425 3794 uici,
449 3718 632 3799 deprehendi
655 3719 834 3799 praesertim
858 3729 947 3782 noctu
972 3721 1011 3782 ad
1036 3721 1133 3782 lumen
1157 3719 1327 3794 stellarum,
1351 3729 1450 3782 totum
1472 3729 1618 3802 quantum
1644 3729 1712 3783 erat

352 3808 463 3870 vitrum
487 3817 591 3888 patore
614 3826 722 3887 posse.
754 3809 834 3871 nullo
862 3810 956 3872 etiam
978 3810 1060 3871 intus
1085 3807 1313 3888 diaphragmate
1338 3809 1491 3874 obstante.
1536 3812 1642 3892 Atque
1665 3811 1711 3872 ita

351 3897 474 3958 taudem
497 3897 681 3976 postliminio
706 3897 809 3960 reduxi
833 3917 917 3960 meas
950 3898 1224 3960 demonstrationes
1257 3897 1458 3979 lubricamque
1489 3900 1521 3963 iu
1545 3900 1708 3962 Disserta-

351 3987 434 4048 tioue
458 3987 659 4065 descriptam,
694 3987 741 4048 oui
772 3997 897 4068 propter
930 3987 1027 4049 falsas
1060 3986 1227 4048 delationes
1260 3986 1469 4050 insufficientis
1500 3987 1709 4070 experientiae

348 4074 491 4138 nuncium
513 4075 696 4138 remiseram.
735 4076 815 4138 Nam
839 4085 906 4139 erat
928 4077 999 4138 mihi
1018 4077 1048 4139 in
1067 4076 1175 4144 animo,
1198 4076 1229 4136 in
1245 4075 1446 4155 descriptione
1461 4077 1596 4140 fabricae
1610 4087 1709 4140 toturn

350 4181 516 4225 convexum
539 4183 646 4226 versus
670 4165 777 4226 stellas
801 4175 906 4245 patere
930 4167 1049 4228 debere.
1089 4164 1231 4246 Sequitur
1246 4164 1375 4237 tubulus,
1399 4167 1449 4246 qni
1473 4187 1581 4229 cavum
1595 4167 1710 4228 vitrum

350 4253 431 4330 gerit
453 4253 574 4316 ductilis
598 4273 652 4315 sou
676 4255 834 4318 exemtilis,
881 4256 957 4335 Ejus
981 4273 1066 4318 usum
1095 4253 1226 4316 fabricae
1251 4253 1296 4316 ais
1328 4253 1468 4333 ignorare
1491 4264 1533 4320 te.
1571 4257 1706 4319 Docebo.

351 4341 445 4402 Plane
468 4342 513 4402 ita
536 4350 605 4404 est:
630 4343 687 4404 nisi
712 4343 831 4405 ductilis
855 4348 917 4419 fiat,
942 4345 1080 4422 indagari
1103 4343 1247 4404 vitrorum
1257 4343 1344 4421 jueta
1358 4343 1506 4406 distantia
1520 4363 1579 4407 uon
1603 4355 1710 4426 potest

350 4447 404 4507 pro
429 4429 565 4492 videndis
589 4433 721 4494 remotis.
767 4433 858 4495 Alter
880 4453 972 4495 usus:
998 4440 1032 4492 ut
1053 4432 1123 4512 quia
1146 4432 1371 4512 distinguuntur
1392 4433 1470 4495 oculi
1495 4435 1708 4508 facultatibus,

350 4517 441 4597 igitur
462 4519 617 4581 variabilis
643 4521 787 4582 vitrorum
812 4521 958 4585 distantia
979 4531 1087 4599 posset
1108 4520 1267 4584 sublevare
1290 4539 1415 4596 omnes;
1440 4523 1517 4586 aliua
1541 4525 1622 4586 euim
1647 4525 1709 4586 alio

350 4605 468 4685 longius
501 4609 601 4670 educit
624 4609 776 4686 tabulam,
809 4619 842 4673 ut
865 4611 1007 4672 distinete
1030 4609 1153 4683 videat;
1184 4609 1234 4690 qui
1261 4617 1362 4671 tamen
1394 4611 1570 4692 longissime
1595 4615 1708 4686 educit,

350 4693 400 4755 ille
434 4695 525 4759 ιιιιιιι
557 4699 689 4760 maxima
717 4700 761 4761 rei
793 4699 919 4762 visibilis
952 4699 1121 4778 quantitate
1152 4699 1267 4761 fruitur.
1306 4699 1419 4762 'Tertia
1449 4701 1568 4764 utilitas
1599 4703 1629 4763 iu
1660 4721 1707 4778 eo,

350 4789 385 4842 ut
411 4783 462 4862 qui
493 4803 543 4846 rea
574 4789 757 4868 propinquas
780 4789 997 4852 minutissimas
1029 4788 1060 4850 in
1094 4789 1225 4851 maxima
1246 4788 1418 4868 quantitate
1443 4791 1510 4852 vult
1536 4791 1707 4866 ridere,is
