3700 5530
727 299 752 350 m
771 253 914 362 oropum
933 295 978 350 se.
1268 241 1276 254 ἱ
1463 291 1526 360 573

174 471 260 524 diceus
288 473 400 523 dubitare
428 473 459 524 de
486 473 533 524 illis
552 480 578 524 et
603 475 635 524 nd
653 473 783 542 Maginum
808 476 883 526 dubia
909 489 955 528 sos
979 475 1096 526 referens.
1135 473 1219 526 Obiter
1236 471 1276 522 hic
1295 477 1423 532 notamus,
1444 472 1525 523 Zuch·

174 557 310 595 massarum
329 541 497 607 (styrensem)
524 559 598 612 segre
622 547 706 598 tuisse
725 548 830 598 Galilaei
856 548 943 604 rerba,
969 548 1056 611 quibos
1079 544 1283 597 Zuclrmesserum
1308 559 1357 592 nou
1377 543 1527 596 Germanum

172 615 217 667 sed
234 614 341 680 Belgam
358 618 536 678 pronunciarit.

262 691 309 756 20)
327 709 352 759 p.
372 693 431 744 520.
469 696 541 747 llaec
566 697 653 749 Pena
680 700 705 750 in
733 700 771 749 ed.
796 698 852 748 Par.
883 696 967 747 155⁷:
996 697 1128 748 concludit
1152 709 1192 746 are
1215 688 1430 758 opticuspatium
1457 695 1525 752 illud,

173 767 238 832 qnod
265 767 329 816 iuter
346 766 445 816 Lunam
471 773 496 818 et
519 767 569 818 lixa
595 769 678 821 sidera
702 770 808 820 medium
837 775 890 825 est,
914 769 962 819 hac
992 770 1054 818 airis
1082 769 1166 819 anima
1187 767 1286 832 plenum
1314 780 1376 816 esse.
1412 763 1469 814 Nec
1486 780 1527 816 me

173 842 255 888 moret
279 837 387 902 vulgaris
415 839 563 897 credulitas,
591 855 638 892 nec
668 857 708 892 me
739 843 815 891 etiam
845 845 921 890 terret
951 839 1091 890 Vitellianis
1121 837 1257 904 grsriesimi
1288 837 1363 899 optioi
1393 837 1526 892 sententia,

173 923 224 974 qua
251 909 357 972 corporis
386 909 499 960 coelestis
526 912 630 961 nitorem
655 913 771 962 rariorem
796 918 821 962 et
845 911 1006 975 limpidiorem
1035 912 1124 960 asserit
1151 911 1215 960 atris
1243 908 1432 971 perspicuitate,
1460 907 1527 958 uude

174 980 290 1044 sequitm,
312 984 371 1029 adra
390 994 406 1029 a
424 981 493 1030 coelo
512 981 636 1046 distingui.
667 983 697 1032 ld
715 984 780 1034 eninr
799 997 829 1032 ex
847 997 877 1032 eo
896 983 1063 1031 demonstrare
1081 981 1176 1038 nititur,
1196 979 1260 1045 qnod
1279 979 1382 1028 duarum
1400 976 1526 1028 stellarum

174 1051 205 1100 ah
223 1051 349 1100 horizonte
368 1053 545 1116 emergentium
565 1053 692 1112 distantia,
712 1069 756 1117 per
774 1055 963 1104 instrumentum
982 1060 1072 1116 capta,
1091 1053 1188 1102 direrea
1206 1057 1326 1115 appareat
1344 1050 1376 1098 ah
1395 1063 1434 1106 ea,
1453 1063 1526 1113 quam

174 1121 267 1172 habeut
285 1121 388 1170 eaedem
407 1123 495 1171 stellae
513 1137 557 1186 per
582 1126 698 1174 vorticem
723 1131 897 1176 mensenates:
928 1125 992 1188 quod
1010 1123 1084 1172 facile
1110 1123 1285 1176 concederem,
1314 1121 1361 1170 nisi
1379 1119 1484 1170 Gemma
1500 1121 1526 1170 iu

175 1192 338 1256 explicatione
355 1193 419 1242 radii
439 1196 596 1244 asmonomici
615 1195 722 1252 doceret,
742 1197 874 1246 distantiae
892 1195 1007 1252 siderum,
1025 1196 1051 1243 ln
1064 1193 1174 1259 qnalibet
1192 1192 1323 1243 altitudine
1334 1191 1467 1255 positorum
1484 1205 1527 1255 per

175 1265 363 1313 instrumentum
382 1264 533 1321 observatas,
553 1266 653 1316 easdem
673 1281 769 1330 semper
786 1280 913 1330 apparere.

261 1349 308 1413 21)
326 1368 350 1417 p.
373 1349 433 1402 521.
471 1352 574 1404 Pena:
603 1353 681 1404 Vetus
704 1357 816 1419 quaestio
841 1362 879 1404 est
897 1355 927 1404 de
946 1352 1057 1410 Tellure,
1082 1353 1226 1416 quiescatne
1245 1365 1278 1401 an
1296 1351 1423 1400 stellarum
1449 1349 1528 1400 instar

173 1423 298 1473 rolratar:
324 1416 433 1473 et'sitne
452 1438 484 1475 ea
501 1423 585 1474 mundi
610 1425 733 1483 medium,
753 1441 786 1476 an
803 1440 819 1476 a
837 1426 921 1476 muudi
941 1429 1026 1475 centro
1045 1428 1112 1474 certo
1131 1423 1212 1486 aliquo
1235 1421 1364 1472 intervallo
1387 1419 1527 1472 dissideat?

173 1494 267 1544 Horum
285 1496 405 1558 posterius
424 1507 440 1544 a
457 1497 536 1558 priore
554 1496 659 1560 pendet:
688 1497 746 1560 qnia
764 1498 785 1546 ai
804 1497 906 1546 Terram
928 1497 1018 1546 moreri
1045 1495 1234 1552 monstraveris,
1262 1493 1346 1543 statim
1368 1506 1424 1543 earu
1442 1493 1526 1542 muudi

175 1570 287 1616 centrum
304 1580 354 1614 uon
373 1578 427 1615 esse
446 1569 626 1616 monstraveris.
665 1567 722 1628 Qua
740 1569 770 1618 de
787 1583 814 1618 re
832 1568 911 1618 habeo
935 1567 1033 1632 quidem
1051 1565 1110 1630 quid
1133 1566 1239 1614 sentiam
1258 1579 1288 1614 ex
1306 1564 1406 1627 opticie,
1425 1563 1470 1613 sed
1487 1577 1527 1614 me

173 1635 282 1686 nonnihil
302 1636 399 1686 cohibet
416 1636 524 1702 rulgaris
542 1639 638 1702 opinio,
666 1644 845 1705 contraquam
863 1641 884 1688 si
903 1639 998 1695 dixero,
1023 1641 1110 1688 contra
1127 1635 1275 1686 clarissimos
1298 1640 1412 1684 auctores
1438 1635 1527 1684 dixisse

173 1706 338 1764 existimabor,
358 1713 384 1756 et
396 1713 482 1757 tamen
493 1710 518 1759 in
537 1711 654 1760 utramvis
670 1715 767 1773 partem
785 1711 951 1773 pronuntiem,
969 1723 1012 1773 pro
1026 1707 1166 1758 clarissimis
1180 1707 1256 1757 etiam
1276 1707 1416 1756 unctoribus
1429 1705 1526 1761 dixero;

172 1777 235 1829 adeo
255 1778 320 1826 enirn
339 1785 496 1829 controversa
513 1795 551 1830 res
571 1785 621 1838 est,
641 1788 736 1832 utnon
760 1782 841 1834 desint
863 1783 976 1845 utrinque
994 1793 1054 1844 quos
1078 1777 1196 1843 sequaris.
1234 1777 1364 1827 Oeneuerit
1382 1776 1527 1827 Aristoteles

172 1848 296 1898 Tellurem
313 1851 455 1913 quiescere:
476 1857 579 1901 censeat
597 1867 677 1902 rerum
696 1851 838 1902 coelestium
857 1852 1105 1916 experimentissimua
1121 1848 1294 1898 Ptolemaeus:
1313 1855 1416 1899 censeat
1433 1848 1528 1902 Theou,

172 1920 297 1970 censuerit
315 1920 379 1970 idem
398 1921 505 1986 vulgaris
524 1923 665 1974 credulitas.
703 1924 738 1973 At
755 1923 849 1974 nobiles
871 1923 906 1974 illi
924 1921 1092 1987 Pythagoraei
1118 1920 1190 1970 aliter
1214 1926 1365 1970 censuerunt
1382 1925 1409 1968 et
1426 1919 1528 1968 Terram

171 1991 263 2040 mereri
289 1993 489 2053 pronunciarent.
526 1993 595 2044 Idem
623 2001 736 2045 mearunt
761 1994 873 2044 Platonis
898 1995 1031 2050 Timaeus,
1049 1991 1191 2052 Philolaus,
1212 1991 1371 2055 Ecphautee,
1392 1989 1527 2040 Seleucus:

171 2061 239 2112 idem
258 2061 349 2110 docent
362 2063 518 2112 Aristarchus
532 2063 639 2124 Samios,
658 2065 820 2116 Archimedes
833 2066 918 2116 etheo
937 2069 1086 2129 tempestate
1106 2061 1255 2112 clarissimus
1274 2060 1432 2126 Gopemicus.
1459 2059 1528 2120 Quos

171 2134 193 2182 ei
205 2131 332 2182 Aristoteli
345 2139 371 2182 et
382 2132 525 2184 Ptolemaeo
539 2137 594 2184 ririe
608 2137 748 2186 clarissimis
757 2152 901 2200 opposuero,
914 2150 996 2187 nonne
1007 2135 1181 2185 anctoritatem
1199 2133 1347 2184 auctoritate
1368 2129 1528 2195 oppressero?

172 2203 223 2254 Sed
240 2203 433 2254 mathematicae
453 2207 655 2270 magnificentiae
668 2209 786 2274 graritss,
805 2207 931 2258 hominum
950 2207 1099 2257 auctoritate
1118 2205 1245 2269 despecta,
1264 2204 1372 2253 rationes
1391 2207 1490 2252 tautum
1503 2207 1529 2251 et

172 2287 263 2324 causae
282 2274 445 2337 amplectitur.
471 2275 506 2326 Ut
524 2279 598 2342 igitur
615 2281 727 2341 sepositis
746 2280 856 2342 personis
874 2294 913 2329 res
931 2293 975 2343 per
994 2291 1021 2326 ee
1040 2278 1191 2336 aestimetur,
1212 2277 1261 2338 ajo,
1281 2275 1336 2325 lnce
1356 2279 1382 2324 et
1399 2272 1528 2336 splendore

170 2346 265 2409 optines
283 2350 337 2394 tam
355 2347 489 2410 ancipitem
508 2351 699 2400 controversiam
718 2350 787 2406 eolri,
808 2351 942 2415 etquidem
961 2350 1065 2406 brevius,
1085 2362 1160 2412 quam
1177 2361 1216 2396 res
1234 2351 1308 2396 tauta
1325 2345 1438 2396 rideatur
1456 2357 1528 2407 posse

174 2413 296 2466 concludi.
334 2415 435 2466 Possem
454 2418 549 2469 adferre
569 2419 695 2470 stellarum
714 2421 817 2470 dxamm
837 2423 868 2470 ab
887 2421 993 2485 antiquis
1012 2423 1150 2482 compertas
1169 2417 1303 2468 diametros
1320 2418 1435 2473 minores,
1454 2429 1528 2480 quam

173 2501 190 2537 a
207 2487 385 2538 recentioribus
408 2489 579 2550 inveniantur,
604 2492 739 2556 exquibus
758 2491 859 2542 doceret
877 2494 973 2555 optice,
992 2491 1094 2540 Terram
1118 2489 1254 2553 propiorem
1273 2502 1327 2538 esee
1346 2501 1440 2536 summo
1459 2485 1528 2535 coelo

173 2573 240 2608 uuoo
260 2570 334 2622 quam
353 2558 418 2608 clim.
456 2559 506 2610 Sed
523 2568 621 2625 propter
639 2565 803 2627 suspicionem
821 2565 925 2612 ritintae
944 2561 1121 2612 observationis
1138 2559 1241 2610 liberum
1260 2561 1303 2620 sit,
1324 2558 1528 2608 honorationem

173 2629 284 2692 relicere.
310 2630 432 2679 Feruntur
443 2632 581 2682 inerrantes
594 2633 683 2685 stellae
702 2633 825 2699 aequabili
844 2635 981 2690 celeritate,
999 2632 1164 2696 inaequaliter
1177 2635 1262 2680 antem
1274 2629 1388 2694 progredi
1406 2628 1527 2684 ridentur,

174 2706 202 2750 ut
220 2705 357 2764 temporum
376 2701 514 2752 observatio
534 2703 613 2754 docet.
646 2705 683 2755 Ex
701 2721 748 2770 quo
766 2711 845 2768 patet,
865 2705 969 2754 Telluris
987 2703 1086 2769 globum
1104 2701 1241 2752 Ptolemaei
1259 2709 1369 2764 tempore
1387 2698 1529 2764 longissime

175 2785 192 2820 a
210 2770 279 2822 coelo
298 2771 414 2832 abfuisse,
435 2773 571 2824 Mohameti
590 2790 646 2825 rere
665 2783 775 2840 tempore
797 2777 906 2839 proxime
925 2777 958 2826 ad
976 2773 1071 2826 coelum
1090 2774 1225 2824 accessisse
1236 2789 1252 2820 :.
1266 2777 1350 2830 nostra
1369 2785 1425 2820 rere
1443 2774 1529 2820 aetate

174 2841 332 2892 mediocriter
350 2844 382 2892 ab
401 2851 503 2909 utroque
523 2861 625 2897 excessu
644 2849 738 2898 abesse.
775 2847 817 2896 Its
835 2847 902 2897 rides
923 2861 951 2896 ex
972 2845 1057 2910 opticie
1078 2843 1199 2902 concludi,
1219 2857 1321 2896 necesse
1341 2857 1395 2892 esse
1412 2847 1441 2890 nt
1453 2840 1531 2890 Terra

175 2912 284 2978 aliquem
302 2920 395 2964 motum
414 2915 515 2974 habeat,
534 2932 582 2981 quo
606 2919 688 2968 locum
714 2923 801 2968 mutet.
840 2917 866 2968 Si
885 2918 962 2968 Terra
988 2918 1069 2967 locum
1095 2922 1189 2972 mutat,
1215 2914 1334 2979 quomodo
1354 2914 1401 2963 erit
1419 2918 1530 2962 neumam

174 2983 280 3034 muudi?
299 2985 339 3035 Ita
356 2991 427 3036 retus
445 2989 680 3051 sapientissimorum
697 2991 823 3040 homiuum
843 2991 1008 3040 controversia
1026 2988 1081 3038 luce
1095 2987 1189 3050 optices
1207 2985 1369 3036 illustrabitur
1387 2989 1413 3033 et
1430 2983 1530 3048 negotio

174 3057 276 3106 minimo
297 3065 463 3120 componetur.
478 3082 513 3094 -
531 3060 586 3118 Hie,
605 3075 670 3125 quae
683 3061 770 3110 dubius
788 3061 879 3124 proiert
892 3060 962 3110 Pena
981 3060 1012 3110 de
1030 3065 1098 3108 motu
1111 3058 1212 3114 Terrae,
1232 3056 1373 3106 addendum
1392 3067 1529 3107 censemus.

172 3125 268 3177 Peuam
288 3129 376 3178 uixisse
394 3143 441 3192 quo
460 3135 570 3194 tempore
589 3129 718 3196 Copernici
737 3147 797 3196 opus
815 3131 912 3196 prodiit.
949 3131 1031 3180 Natus
1050 3143 1073 3179 a.
1097 3125 1173 3177 1518.
1192 3128 1306 3184 Parisiis,
1329 3141 1417 3176 munus
1435 3125 1529 3189 proles-

172 3199 234 3248 soris
262 3199 323 3264 regii
350 3201 491 3250 matheseos
519 3203 627 3266 suscepit
649 3216 741 3253 aunum
767 3217 845 3268 agens
865 3201 906 3250 27.
944 3202 1011 3253 Petri
1029 3199 1103 3250 llami
1130 3215 1188 3250 usus
1217 3199 1394 3257 familiaritate,
1421 3197 1487 3245 huno
1505 3196 1530 3242 in

172 3270 357 3320 mathematicis
376 3270 514 3330 erudiebat,
535 3279 560 3322 et
578 3275 631 3324 rice
650 3289 721 3324 rersa
740 3274 837 3324 abhoc
856 3274 889 3324 ad
908 3274 1033 3324 literarum
1052 3280 1078 3323 et
1096 3271 1236 3337 linguarum
1254 3269 1339 3320 studia
1356 3270 1464 3320 imbutus
1483 3272 1529 3317 est.

172 3339 285 3390 Mortuus
305 3349 344 3392 est
363 3355 428 3392 anno
449 3341 525 3393 15118.

263 3425 310 3488 22)
330 3445 354 3492 p.
368 3427 428 3478 621.
454 3429 560 3480 Pena:
579 3411 736 3480 Ptolemaeus
749 3432 836 3483 Lunae
850 3445 865 3482 a
877 3432 955 3482 Terra
967 3435 1127 3483 remotionem
1138 3433 1272 3483 maximam
1284 3429 1383 3495 quidem
1396 3423 1431 3476 64
1443 3427 1530 3476 semid.

174 3500 275 3556 Terrae,
294 3501 420 3569 minimam
440 3515 497 3550 rero
516 3499 549 3549 31
570 3517 624 3552 esse
649 3504 762 3552 asseruit.
799 3505 835 3553 At
854 3503 1017 3567 Copemicos,
1042 3506 1078 3553 rir
1097 3510 1163 3554 certe
1181 3503 1242 3552 mire
1261 3515 1351 3568 sagax,
1378 3499 1422 3549 red
1439 3499 1466 3547 in
1484 3497 1531 3548 hoe

173 3571 254 3622 minus
272 3571 398 3624 comatus,
424 3585 479 3622 cnm
497 3573 543 3622 has
561 3572 698 3624 Ptolemaei
724 3575 856 3624 distantias
875 3575 1043 3633 examinaret,
1065 3591 1107 3626 eus
1126 3575 1183 3626 iude
1201 3573 1371 3638 reprehendit,
1398 3571 1456 3635 quia
1475 3583 1531 3618 eum

173 3642 297 3692 maximae
316 3642 349 3692 ad
367 3643 494 3692 minimam
507 3646 571 3693 ratio
591 3644 667 3708 dupla
679 3647 731 3696 iere
743 3647 784 3703 sit,
805 3646 951 3698 diametrum
970 3661 1066 3711 quoque
1079 3647 1167 3696 Lunae
1181 3647 1314 3710 perigaeae
1328 3643 1400 3707 duplo
1412 3643 1531 3704 maiorem

174 3712 251 3762 rideri
272 3715 406 3777 oportuerit
424 3714 543 3764 diametro
561 3715 649 3766 Lunae
669 3731 806 3782 apogaeae.
841 3717 913 3778 Quae
934 3717 1062 3781 Copemici
1080 3718 1262 3784 argumentatio
1280 3716 1357 3766 fallax
1376 3717 1429 3762 est:
1449 3724 1530 3774 usque

174 3785 241 3836 euim
258 3785 280 3833 si
299 3783 363 3834 duae
382 3785 432 3834 siut
451 3787 568 3850 aequales
586 3789 779 3852 magnitudines,
799 3804 901 3853 quarum
921 3790 1001 3840 altera
1025 3795 1131 3846 centum,
1152 3789 1232 3838 altera
1250 3787 1364 3837 ducentis
1382 3782 1495 3847 passibus
1515 3795 1531 3829 a

174 3861 200 3906 te
219 3854 303 3917 distet,
322 3870 424 3907 necesse
444 3865 482 3907 est
501 3857 572 3922 duplo
592 3861 710 3921 majorem
724 3861 790 3909 cerui
808 3861 945 3925 propiorem
964 3861 1160 3926 magnitudinem
1173 3873 1247 3923 quam
1260 3858 1431 3907 remotiorem:
1451 3865 1531 3916 neque

171 3927 197 3978 id
216 3925 268 3976 nlla
286 3929 380 3990 optices
398 3930 580 3993 geometriaere
600 3930 777 3982 demonstratio
793 3931 877 3982 docet:
896 3933 945 3981 imo
957 3947 1013 3980 roro
1030 3933 1108 3982 dictat
1127 3931 1211 3993 cptica
1229 3943 1277 3989 ars,
1298 3926 1415 3991 aequales
1433 3923 1530 3988 magni-

171 3997 270 4050 tudines
290 3999 322 4048 ah
345 3999 415 4049 oculo
443 4000 606 4065 inaequaliter
635 4002 756 4052 distantes
784 4001 875 4052 hahere
894 4005 1012 4052 minorem
1040 4004 1160 4051 rationem
1189 3999 1342 4064 angulorum,
1370 3996 1417 4046 sub
1444 3995 1531 4060 quibus

171 4075 321 4131 cernuntur,
351 4085 425 4134 quam
449 4071 630 4124 distendamm.
669 4073 741 4124 Unde
768 4076 844 4124 etiarn
864 4074 1000 4140 colligitur,
1029 4074 1081 4124 fieri
1100 4087 1171 4135 posse
1192 4078 1219 4121 ut
1236 4069 1375 4120 Ptolemaei
1394 4066 1531 4117 &eundae

171 4155 245 4192 rerae
265 4141 315 4190 siut
334 4149 360 4192 et
378 4149 462 4192 tamen
481 4144 593 4194 diametri
612 4145 700 4195 Lunae
718 4145 786 4196 haud
805 4159 955 4212 magnopere
975 4146 1122 4208 discrepent.

262 4226 308 4290 23)
327 4246 350 4294 p.
372 4229 431 4281 523.
468 4233 579 4282 Libellus
608 4234 769 4286 Germanicus
802 4235 948 4298 inscriptus:
979 4231 1180 4292 „husidhrlioher
1206 4228 1323 4278 Bericht“
1353 4225 1417 4282 so..
1444 4225 1534 4290 prodiit

171 4303 255 4354 lidae
281 4302 407 4353 Saxonum
434 4318 500 4354 anuo
524 4301 597 4353 1608.
637 4305 704 4368 Opus
734 4305 838 4354 latinum
866 4305 956 4368 prodiit
982 4306 1111 4368 Augustae
1136 4301 1211 4352 Vind.
1239 4300 1358 4350 sumtibus
1387 4297 1443 4348 Seb.
1463 4295 1533 4358 Mylii

171 4389 237 4424 suno
259 4370 336 4434 1619,
360 4377 520 4438 inscriptum:
548 4375 587 4425 De
616 4376 723 4426 cometis
748 4376 822 4426 libelli
846 4383 903 4426 tres.
941 4377 970 4426 ln
997 4377 1072 4425 literis
1098 4375 1121 4424 d.
1148 4372 1174 4424 1.
1193 4373 1257 4439 Aug·
1279 4369 1355 4421 1619.
1375 4371 1408 4421 ad
1427 4367 1533 4419 Remum

172 4455 237 4506 datis
255 4454 492 4518 scutitKeplerns:
521 4449 622 4502 haeret
651 4451 721 4502 liber
750 4466 826 4504 meus
857 4451 889 4504 de
919 4449 1037 4502 Cometis
1068 4465 1200 4504 annorum
1233 4445 1437 4502 leot-1619.
1471 4442 1532 4512 jam

173 4535 301 4600 quartum
323 4529 349 4582 in
371 4545 491 4582 mensem
511 4532 675 4600 Augustae,
698 4528 725 4581 in
747 4545 799 4598 quo
821 4536 885 4584 suut
905 4531 1079 4583 theoremata
1100 4531 1133 4582 ed
1157 4529 1203 4592 30,
1226 4527 1324 4600 quibus
1346 4526 1436 4596 posito
1457 4529 1530 4578 notu

173 4609 277 4662 Terrae
299 4626 391 4662 ornnes
413 4609 597 4678 apparentiae
619 4615 794 4672 cometarum,
816 4609 899 4664 etiam
914 4610 960 4662 ria
981 4611 1114 4672 flexuosa,
1133 4625 1183 4680 per
1197 4623 1341 4664 ascensum
1362 4603 1533 4660 rectilineum

175 4687 404 4742 ordinatissimum
425 4685 463 4756 (ei
485 4689 627 4760 quisquam
649 4687 806 4742 rectilineus
827 4698 917 4744 motus
939 4690 966 4742 iu
988 4689 1163 4744 naturalibus
1183 4688 1325 4744 ordinatus
1344 4681 1402 4755 est)
1423 4688 1531 4738 demon·

178 4771 311 4822 etrautur.
351 4767 496 4822 Pollicitus
517 4776 562 4823 eet
582 4770 720 4823 excudere
741 4767 804 4822 Seb.
825 4769 941 4840 Myliua
964 4771 1010 4823 sed
1032 4770 1078 4822 diu
1099 4769 1168 4824 nihil
1188 4767 1307 4838 scripsit.
1357 4770 1456 4835 (Mense
1484 4771 1532 4822 Oc·
1589 4801 1592 4806 ·

175 4843 239 4893 tobri
257 4843 283 4892 iu
302 4845 415 4909 catalogo
434 4846 600 4896 nundinarum
618 4845 733 4896 Tranooi.
753 4845 895 4896 iudicatum·
908 4855 947 4898 est
965 4844 1046 4911 opus.)
