3702 5532
681 247 712 298 ιι
729 246 798 298 aava
816 245 969 300 saansaan
987 239 1035 302 aa.
1467 252 1533 322 455

182 417 268 482 Haec
292 417 406 498 effigies
431 436 495 483 cum
519 435 598 498 gena
621 421 729 484 dextra
752 421 902 484 latissima
924 423 1040 486 macula
1068 425 1254 488 connectitur
1284 429 1418 492 flexuoso
1442 431 1536 496 ductu

184 505 337 582 maculae,
363 506 411 586 qui
436 507 679 586 quamproxime
704 507 889 574 Graecorum
912 509 929 584 ξ
951 521 1163 591 repraesentat
1185 514 1213 575 in
1238 517 1317 597 typis
1341 517 1433 582 Henr.
1458 519 1532 582 Ste·
1621 523 1623 526 ’

181 593 284 676 phani.
310 595 344 656 ln
367 613 447 674 gena
469 595 537 676 ipsa
558 592 755 660 6distinctas
778 619 901 662 numero
924 600 1040 662 lucidas
1064 601 1178 664 insulas
1201 603 1230 664 in
1255 614 1338 666 recta
1361 616 1536 674 transversa

183 701 290 746 versus
314 701 359 744 os.

270 771 350 834 Dum
381 771 458 832 haee
484 770 609 846 scribo,
646 771 675 835 in
708 793 814 837 manue
847 793 930 836 meas
962 776 1046 838 venit
1069 777 1239 858 importuna
1271 779 1377 842 charta
1405 782 1533 846 hominis

183 859 320 936 Bohemi,
344 859 480 922 Mutinae
505 879 625 926 excusa.
673 863 782 925 Miram
807 863 1008 926 adolescentis
1032 867 1253 940 temeritatem,
1278 869 1341 947 qui,
1367 871 1533 933 mussitan-

185 956 209 1012 tr
232 969 268 1012 us
291 949 426 1012 omnibus
451 949 730 1028 doctisindtgenis,
754 952 836 1012 solus
860 952 1039 1032 obloquitur,
1063 954 1127 1032 ipse
1142 956 1326 1034 peregrinus,
1353 976 1384 1017 re
1404 961 1533 1023 noudum

183 1047 348 1117 comperta.
381 1035 490 1113 Credo,
516 1046 549 1098 ut
564 1037 757 1101 histrionibus
776 1058 906 1118 persona
929 1040 974 1102 sic
997 1041 1025 1101 ei
1048 1042 1167 1104 novitas
1192 1053 1223 1104 et
1246 1045 1373 1105 nominis
1397 1047 1533 1109 obscuri-

183 1138 233 1188 tas
257 1126 413 1188 audaciam
437 1126 563 1188 addidit.
611 1129 660 1188 An
684 1127 778 1190 habes
801 1137 833 1190 tu
859 1128 998 1190 fortassis
1022 1130 1155 1192 aemulos
1173 1131 1279 1208 Italos,
1306 1135 1354 1212 qui
1379 1135 1534 1196 conduxe-

183 1223 254 1277 runt
267 1234 389 1295 operam
407 1214 565 1295 peregrini,
591 1223 625 1278 ut
638 1235 734 1278 meam
751 1215 895 1278 Germani
915 1216 1093 1280 invidiosam
1109 1219 1352 1282 dissertationem
1365 1224 1535 1301 petulantia

183 1303 310 1368 Bohemi
328 1304 562 1367 ulciscerentur?
599 1304 743 1384 Indignae
758 1305 886 1384 paginae
911 1305 940 1366 in
966 1305 1070 1385 quibus
1094 1316 1212 1386 tempus
1236 1316 1336 1384 teras;
1360 1311 1413 1371 sed
1432 1320 1535 1375 tamen

185 1391 256 1472 quia
283 1411 350 1454 mea
373 1392 505 1473 epistola
528 1392 679 1468 abutitur,
704 1394 796 1456 statui
821 1395 965 1455 rationem
989 1394 1044 1456 tibi
1069 1396 1286 1474 quodammodo
1311 1399 1436 1460 reddere
1460 1401 1534 1462 facti

185 1480 285 1542 alieni.
329 1481 463 1542 Noscere
492 1499 538 1542 me
562 1481 661 1560 coepit
682 1482 819 1560 Pragae,
850 1483 919 1543 anui
943 1493 1013 1544 sunt
1042 1484 1163 1562 aliquot.
1211 1483 1365 1564 Superiori
1388 1486 1532 1549 Januario

184 1588 250 1632 curu
270 1587 362 1648 opera
384 1589 451 1631 mea
465 1568 622 1648 indigeret,
649 1571 743 1631 literis
757 1569 894 1631 Bononia
917 1570 1017 1632 missis
1041 1572 1120 1632 fores
1145 1573 1294 1635 amicitiae
1310 1593 1396 1636 meae
1414 1577 1535 1655 pulsare

184 1658 293 1737 coepit.
331 1657 394 1719 Vix
409 1659 529 1719 tandem
555 1659 664 1736 agnovi
688 1658 753 1736 quis
777 1667 870 1721 esset.
908 1657 1002 1737 Coepi
1027 1660 1063 1720 de
1088 1679 1164 1720 novo
1188 1659 1289 1724 favere
1313 1663 1433 1736 homini,
1456 1666 1534 1744 quod

184 1746 338 1808 studiosus
361 1754 444 1807 esset
467 1745 621 1807 literarum
645 1753 676 1806 et
699 1746 767 1806 mei.
815 1747 858 1809 Ut
879 1747 1005 1825 primum
1030 1748 1163 1810 intellexi
1189 1769 1226 1810 ex
1250 1751 1314 1829 ejus
1335 1751 1441 1828 literis,
1467 1771 1534 1814 esse

185 1834 240 1896 tibi
269 1835 504 1908 obtrectatores,
538 1833 634 1914 ipsum
659 1853 729 1894 vero
754 1835 838 1914 sequi
861 1835 961 1895 studia
984 1835 1079 1912 vulgi,
1111 1854 1240 1913 gnarus,
1275 1857 1364 1918 quam
1387 1859 1423 1901 ea
1446 1841 1533 1902 novis

186 1924 308 1986 obstent
331 1921 480 1994 inventis,
503 1921 661 2000 properavi
686 1923 724 1984 ad
748 1931 778 1983 te
802 1923 947 1992 scribere,
972 1923 998 1984 si
1022 1925 1098 1985 forte
1122 1925 1323 2005 praeriperem
1348 1928 1532 1991 occasiones.

184 2012 235 2074 Ad
259 2011 356 2092 ipsum
380 2010 533 2088 exemplar
557 2009 705 2088 epistolae
729 2011 892 2089 impressae
916 2010 998 2083 misi,
1024 2020 1057 2072 ut
1077 2031 1114 2072 ex
1137 2031 1172 2073 eo
1202 2004 1332 2076 disceret
1355 2017 1403 2076 vel
1427 2036 1534 2097 sapere

186 2101 234 2161 vel
257 2107 338 2160 certe
358 2095 478 2180 ι’πιχιιι.
516 2094 596 2168 Quid
620 2117 692 2161 vero
716 2099 741 2160 is
766 2119 801 2162 eo
825 2098 938 2173 fecerit,
964 2099 1057 2160 vides.
1095 2101 1269 2163 Amicitiam
1293 2104 1378 2179 hauc,
1403 2105 1534 2184 inquam,

186 2187 307 2250 vixdum
331 2185 543 2250 obscurissime
567 2187 680 2266 spirare
700 2187 805 2263 visam,
830 2194 925 2248 morte
949 2187 1152 2250 famosissima
1170 2189 1331 2269 jugulavit.
1378 2191 1532 2254 Arcanum

186 2276 243 2338 hoc
266 2277 359 2350 effert,
384 2275 511 2364 scillcet,
534 2283 705 2337 revocatum
728 2284 758 2338 te
782 2297 801 2340 a
823 2294 870 2338 me
894 2276 932 2336 ad
956 2276 1102 2354 principia
1124 2285 1242 2339 tuarum
1271 2279 1514 2342 observationum
1522 2299 1533 2356 3

187 2363 306 2426 scilicet
327 2384 386 2426 non
410 2363 474 2442 ipse
497 2364 554 2426 hoc
576 2362 607 2426 in
629 2363 817 2443 praefatione
841 2363 998 2426 dixeram?
1034 2365 1100 2426 Hoc
1119 2367 1289 2445 conjectore
1314 2375 1367 2429 aut
1379 2369 1530 2447 proditore

186 2471 261 2532 opus
283 2452 363 2514 fuit?
386 2453 432 2514 At
454 2471 513 2514 uon
535 2452 604 2514 ideo
627 2452 771 2527 recensui,
796 2452 874 2532 quod
898 2452 995 2514 simile
1019 2461 1110 2514 antea
1133 2453 1224 2514 fuerit
1255 2455 1466 2529 observatum,
1499 2463 1534 2516 ut

184 2541 250 2620 ipse
274 2542 467 2614 obtrectaret,
492 2542 546 2602 sed
569 2548 603 2601 ut
626 2540 718 2602 ceteri
741 2542 897 2602 crederent
920 2540 1046 2619 plurium
1069 2540 1259 2614 testimonio,
1290 2551 1322 2602 et
1344 2549 1379 2603 ut
1401 2543 1533 2622 epistola

184 2649 252 2692 mea
272 2630 337 2691 lucc
354 2635 481 2704 careret,
505 2628 690 2709 ingenuitate
710 2647 765 2690 sua
788 2629 982 2690 lucrefacieus
1007 2631 1139 2692 aemulos
1163 2637 1194 2690 et
1211 2630 1393 2708 pertinaces.
1431 2629 1531 2710 Saepe

184 2718 253 2779 irati
277 2716 428 2800 satiantur
451 2717 560 2796 exigua
582 2717 665 2779 exosi
688 2718 815 2778 mulcta:
850 2722 884 2777 at
906 2735 964 2777 non
994 2713 1055 2778 ille.
1102 2715 1181 2786 Quin
1213 2717 1391 2798 exprobrat,
1420 2719 1531 2796 jactat,

184 2805 318 2880 insultat,
344 2814 445 2884 auget.
479 2803 514 2866 Si
537 2805 606 2884 quid
630 2812 661 2867 te
684 2805 795 2866 habere
821 2803 881 2864 dixi
896 2822 1029 2866 meorum
1049 2804 1145 2866 simile
1169 2803 1249 2866 circa
1267 2806 1400 2867 maculas
1414 2805 1529 2880 Lunae,

184 2902 218 2957 at
240 2901 272 2956 et
294 2895 381 2974 plura
404 2893 515 2954 habere
538 2901 569 2954 te
593 2893 663 2968 dixi,
687 2911 742 2955 nec
766 2899 932 2954 mutuatum
955 2893 1018 2953 dixi
1049 2893 1104 2954 hoc
1128 2893 1156 2953 in
1180 2893 1233 2954 illa
1255 2892 1530 2972 publicaepistola,

184 2981 365 3046 temeritatis
388 2981 523 3060 profecto
547 2989 632 3043 esset
653 2981 683 3043 id
707 2982 874 3044 affirmare:
912 2999 1003 3062 saepe
1033 2980 1160 3042 diversis
1190 2980 1228 3042 ad
1260 2981 1385 3043 eundem
1409 2999 1531 3061 scopum

184 3069 358 3133 convenitur
380 3069 448 3131 viis.
495 3068 529 3131 Si
553 3088 599 3132 me
623 3069 719 3132 credit
742 3069 843 3148 aliqua
865 3068 964 3130 obiter
977 3067 1098 3130 innuere
1121 3069 1262 3144 voluisse,
1287 3088 1324 3131 ne
1348 3088 1459 3148 quaeso
1483 3088 1531 3130 me

183 3159 330 3222 oscitasse
352 3165 450 3238 putet,
476 3158 524 3239 qui
548 3157 729 3238 neglexerim
752 3157 782 3219 id
806 3165 909 3238 aperte
934 3157 1042 3219 dicere.
1090 3157 1139 3226 Me
1164 3157 1236 3219 mihi
1258 3156 1429 3236 relinquat..
1464 3156 1532 3236 Ego

182 3266 241 3310 nou
270 3245 409 3309 existimo
418 3261 432 3318 ,¹
459 3246 596 3327 cuiquam
626 3247 736 3320 licere,
770 3245 800 3306 in
829 3263 975 3324 quoquam
1005 3245 1104 3306 alicua
1130 3243 1454 3322 recognoscere,.nisi
1482 3243 1532 3324 qui

183 3336 274 3398 etiam
296 3334 475 3415 peculiaria,
505 3354 597 3410 nova,
627 3353 713 3406 rara,
736 3332 874 3413 pulchra,
900 3351 976 3412 quae
1000 3331 1131 3406 invenit,
1161 3351 1343 3412 agnoscere,
1367 3350 1475 3412 capere
1500 3337 1532 3392 et

183 3425 352 3486 discernere
376 3431 465 3502 aptus
489 3430 547 3484 est
594 3421 656 3484 Sed
678 3421 752 3483 nihil
775 3421 871 3499 magia
895 3439 943 3482 me
966 3419 1081 3509 pungit,
1106 3439 1194 3499 quam
1218 3421 1295 3500 quod
1321 3420 1459 3481 laudibus
1482 3437 1529 3478 me

183 3513 278 3588 effert,
302 3519 422 3592 sputum
444 3511 581 3573 hominis.
629 3508 849 3572 Contumeliam
873 3509 947 3570 mihi
969 3508 1060 3569 infert
1083 3509 1248 3588 quicunque
1272 3508 1391 3568 laudem
1414 3505 1531 3568 crimini

184 3601 300 3680 quaerit
323 3619 360 3662 ex
383 3617 451 3661 mea
468 3598 663 3679 qualicunque
688 3599 778 3660 lama.
824 3595 1051 3658 Dubitationem
1074 3596 1145 3657 mihi
1168 3595 1307 3674 impingit
1321 3615 1359 3656 ex
1382 3611 1427 3668 eo,
1452 3592 1531 3672 quod

183 3688 299 3750 salvum
327 3687 407 3749 volui
430 3687 573 3768 cujusque
591 3685 745 3765 judicium.
793 3684 953 3747 Ovanum
985 3684 1206 3763 argumentum!
1254 3681 1342 3752 Quod
1372 3698 1427 3760 ego
1458 3697 1530 3758 per-

180 3777 297 3856 pendo,
331 3781 363 3836 tn
397 3787 454 3837 nou
485 3774 655 3855 perpendis.
701 3775 831 3836 Possum
863 3781 894 3834 st
926 3790 981 3851 ego
1014 3773 1136 3832 credere
1169 3779 1200 3851 et
1232 3769 1286 3830 tibi
1311 3787 1368 3828 nou
1393 3765 1529 3828 credenti

179 3863 345 3945 ignoscere.
391 3860 454 3926 Sed
478 3863 623 3943 dogmata
651 3861 774 3942 propria
805 3859 932 3939 subjicio
968 3859 1121 3921 examini?
1167 3855 1247 3926 Quid
1280 3873 1350 3917 vero
1384 3855 1460 3928 haec
1492 3852 1531 3914 ad

179 3953 268 4014 fidem
290 3950 426 4013 habitam
444 3951 543 4012 alieno
558 3950 732 4012 affirmato?
768 3947 961 4028 Exaggeravi
980 3946 1087 4019 scelus,
1113 3946 1139 4006 si
1162 3963 1214 4023 pro
1238 3943 1318 4004 veris
1341 3943 1412 4002 ficta
1431 3939 1530 4002 tradi-

179 4040 287 4102 disses.
333 4039 399 4102 Hoc
425 4039 476 4102 ille
499 4040 565 4101 vult
586 4037 756 4118 impugnari
778 4035 866 4098 fidem
889 4034 1022 4096 Nunoii?
1068 4035 1112 4094 At
1144 4033 1217 4093 haec
1251 4030 1368 4110 quidem
1400 4029 1447 4090 vis
1473 4034 1555 4110 est„

177 4126 245 4207 Ego
269 4127 356 4190 fidem
377 4126 489 4190 Nuncii
512 4133 626 4188 astruo.
673 4123 835 4187 Certamen
858 4122 914 4184 hoc
947 4121 1067 4183 virtutis
1100 4127 1148 4180 est
1181 4137 1246 4180 cum
1277 4117 1362 4178 vitio.
1409 4115 1476 4195 Ego
1501 4123 1536 4176 ut

178 4215 275 4278 bonus
298 4214 344 4277 vir
365 4216 403 4276 de
427 4213 560 4277 Galilaei
584 4213 739 4275 affirmatis
759 4209 879 4286 judico,
910 4229 968 4270 non
992 4210 1100 4270 cadere
1124 4206 1153 4267 in
1177 4206 1261 4267 illum
1283 4212 1401 4266 tautam
1423 4203 1531 4281 nequi-

126 4307 135 4318 '
179 4305 271 4365 tiam:
310 4301 361 4365 ille
384 4302 465 4364 nullo
489 4301 586 4363 adhuc
611 4307 701 4380 gustu
725 4297 914 4366 honestatis,
945 4315 1039 4376 eoque
1063 4313 1129 4357 eam
1153 4311 1263 4372 susque
1287 4292 1382 4370 deque
1406 4290 1533 4363 habens,

179 4391 288 4452 cadere
312 4389 458 4466 affirmat,
482 4408 520 4451 ex
544 4407 597 4451 suo
621 4389 698 4448 forta
722 4386 840 4469 ingenio
864 4391 982 4446 ceteros
1005 4382 1181 4444 aestimans.
1226 4378 1303 4441 Esto
1330 4386 1365 4439 ut
1389 4377 1534 4455 deceptus

181 4478 236 4540 sim
259 4478 355 4558 (quod
378 4477 493 4553 absit),
527 4494 583 4555 ego
616 4493 684 4536 mea
707 4473 885 4535 credulitate
909 4471 1020 4543 bouus,
1053 4471 1134 4530 facto
1158 4466 1249 4528 miser
1278 4465 1431 4538 habebor,
1465 4464 1532 4541 ipso

181 4573 290 4628 eventu
313 4565 403 4640 felix,
436 4563 604 4626 calliditate
628 4561 788 4642 pessimus.
836 4558 916 4630 Quia
948 4559 1023 4618 haec
1054 4555 1106 4616 via
1131 4555 1211 4634 juris
1244 4562 1310 4627 est,
1344 4559 1379 4613 ut
1410 4549 1536 4631 quilibet

181 4661 389 4730 praesumatur
412 4653 518 4726 bonus,
544 4651 613 4712 dum
638 4647 821 4710 contrarium
844 4665 902 4708 non
925 4645 1076 4724 probetur,
1102 4648 1213 4721 quanto
1237 4638 1334 4719 magis
1358 4640 1385 4701 si
1404 4639 1533 4701 circum-

184 4741 316 4802 stantiae
340 4740 431 4802 fidem
454 4737 606 4800 fecerint?
641 4735 685 4798 Et
706 4751 778 4804 vero
801 4752 860 4795 non
883 4732 1039 4811 problema
1055 4727 1303 4812 philosophicum,
1327 4726 1381 4790 sed
1399 4724 1537 4810 quaestio
