3684 5518
296 213 364 300 248⁴
764 231 953 295 Paralipomana
970 232 996 280 in
1013 230 1181 282 Vitellianus.

297 413 401 488 sectio,
427 411 607 492 geometrice
640 407 797 488 designare
829 404 1004 486 desperavi:
1039 423 1149 486 quaeso
1173 413 1204 467 ts
1228 407 1341 481 lector,
1367 405 1415 468 hic
1438 425 1486 468 me
1510 399 1645 483 adiuves.

298 499 370 574 (Dic
390 501 494 581 quibus
513 501 543 562 in
563 496 692 578 punctis,
717 493 825 556 eteris
845 493 916 554 milri
932 511 1057 572 maguus
1072 495 1279 571 Apollonius.)
1315 493 1432 556 lulinite
1453 511 1512 556 nun
1533 493 1647 554 distare

298 596 427 651 constat.
464 588 543 650 Nam
557 605 611 665 per
625 581 656 646 8.
676 583 764 662 hujus
789 581 924 660 probavi,
949 599 1051 642 omnes
1072 583 1121 644 axi
1140 582 1303 662 parallelus
1327 581 1446 660 gemina
1468 579 1647 643 refractione

299 678 383 738 lacta
406 693 579 737 concurrere
603 691 669 735 cum
685 689 751 734 axe.
791 669 853 732 Cur
876 678 976 731 autem
999 688 1058 730 nou
1082 671 1292 750 dispergantur
1317 669 1432 748 longius
1448 671 1522 732 haec
1537 676 1648 747 puncta

298 783 502 836 concursuum,
528 762 582 823 sed
606 759 742 822 conferta
766 759 871 820 sintin
894 759 951 820 fine
971 777 1006 820 ac
1029 777 1105 837 pene
1119 778 1208 822 unum
1232 758 1424 837 plurimarum
1448 757 1647 819 radiatiunum

298 853 348 914 axi
379 851 560 912 vicinarum:
596 848 840 928 qualitercunque
873 848 1086 908 demonstrabo
1110 866 1148 908 ex
1178 846 1380 926 propositione
1405 843 1436 910 9.
1469 845 1645 926 praemissa.

296 941 374 1002 Nam
398 938 526 1018 primurn
550 937 757 1006 retractiones,
782 944 815 996 ut
833 954 918 1014 prup.
936 932 967 1010 8,
981 935 1038 997 IV.
1055 936 1163 1014 capitis
1179 936 1425 1003 demonstratum,
1441 935 1529 1014 plane
1544 933 1646 994 insen·

297 1027 382 1089 sibile
407 1037 468 1101 est,
499 1025 569 1107 quin
593 1023 856 1104 proportionentur
888 1022 1058 1085 incidentiis
1081 1043 1173 1103 prope
1206 1023 1481 1102 perpendicularem
1504 1022 1534 1082 in
1559 1020 1646 1082 incli-

299 1115 420 1178 natione
443 1133 547 1195 parva.
586 1111 688 1184 Quare
711 1111 853 1173 retractio
878 1111 1046 1174 remotioris
1070 1113 1108 1172 ab
1128 1131 1184 1172 axe
1209 1111 1378 1190 (proximae
1401 1119 1502 1172 tamen
1526 1127 1580 1189 per
1597 1110 1647 1182 se)

296 1203 512 1265 insensibiliter
536 1209 584 1262 est
606 1202 703 1281 major
731 1219 819 1280 quam
848 1201 990 1261 retractio
1018 1200 1165 1279 propioris
1193 1208 1333 1277 respectu
1356 1218 1427 1260 suae
1456 1197 1646 1260 incidentiae.

298 1291 330 1352 lu
355 1291 496 1352 lemmate
521 1309 660 1370 veropr.
686 1285 716 1352 9.
742 1289 834 1350 etiam
859 1286 939 1350 ΟΕΒ
964 1294 1029 1362 (sig.
1049 1293 1096 1358 78)
1129 1287 1344 1350 insensibiliter
1368 1295 1414 1348 est
1441 1286 1536 1350 minor
1560 1305 1646 1364 quam

295 1377 389 1440 BEA.
420 1379 502 1456 Ergo
524 1378 648 1439 refracti
667 1377 801 1456 proxime
821 1383 1087 1456 repraesentantur
1108 1377 1137 1437 in
1159 1393 1268 1455 magna
1286 1375 1509 1454 propinquitate
1528 1395 1548 1436 a
1562 1373 1648 1435 lineis

296 1466 363 1539 ΑΕ,
375 1465 438 1535 ΒΕ,
455 1466 492 1526 ad
508 1467 587 1528 idem
602 1485 678 1544 pene
694 1474 834 1544 puuctum
851 1464 1095 1526 concurrentibus
1112 1473 1142 1524 et
1154 1463 1205 1526 ΟΡ
1223 1463 1374 1544 (proxima
1390 1465 1439 1526 axi
1456 1463 1527 1536 ΑΕ)
1545 1462 1646 1523 insen-

298 1555 425 1615 sibiliter
439 1556 574 1634 superius
588 1554 706 1616 secabit
721 1553 777 1617 ΑΕ
793 1573 881 1633 quam
896 1554 961 1628 BE,
979 1553 1023 1614 sic
1039 1561 1073 1614 ut
1088 1553 1157 1620 [ts
1173 1553 1234 1614 sint
1248 1552 1383 1630 proxime
1400 1551 1478 1612 idem
1494 1559 1646 1631 punctum.

385 1643 604 1721 Propositio
624 1641 711 1705 XVI.
751 1640 899 1718 Puncti‚
925 1641 1059 1722 quoda
1082 1641 1239 1720 sphaera
1262 1639 1415 1719 longius
1438 1647 1650 1702 removetur·

298 1750 402 1812 quam
427 1730 581 1792 ultimus
614 1729 920 1792 intersectionum
954 1731 1145 1804 terminus,
1178 1729 1413 1791 radiationes
1438 1745 1563 1790 omues
1587 1745 1650 1806 ge-

297 1820 393 1880 mina
432 1819 661 1880 refractione
702 1819 807 1880 facta
845 1837 923 1880 cum
957 1838 1022 1879 axe
1055 1824 1291 1880 concurrunt.
1347 1816 1578 1878 Demonstratnr
1610 1813 1649 1875 ad

299 1908 418 1970 modum
446 1904 495 1969 13.
520 1907 705 1984 praemissae
730 1915 823 1968 etex
847 1907 1057 1969 antecedenti:
1082 1926 1137 1968 uec
1159 1906 1258 1965 verbis
1283 1922 1357 1984 opus
1382 1913 1438 1966 est.

389 1995 468 2056 Hinc
492 1995 625 2057 existunt
644 1996 718 2056 liuec
743 1994 911 2057 corollaria.
961 1995 989 2058 i.
1015 1993 1089 2056 Cum
1110 1995 1224 2056 infinite
1244 1992 1340 2054 distat
1357 2000 1498 2073 punctum
1519 1989 1651 2059 radians,

300 2083 421 2145 termini
445 2084 691 2145 intersectiunum
715 2092 746 2144 et
770 2083 858 2162 globo
884 2095 915 2144 et
938 2083 996 2145 sibi
1019 2083 1094 2163 ipsis
1118 2093 1189 2143 sunt
1210 2079 1348 2160 proximi.

386 2169 417 2232 2.
458 2169 532 2232 Cum
557 2171 690 2250 proxime
715 2171 850 2233 ultimum
874 2171 1119 2234 intersectionum
1143 2172 1178 2244 (a
1200 2169 1355 2249 parallelis
1384 2167 1651 2230 determinatarum

297 2277 351 2339 per
378 2257 427 2322 15.
451 2259 664 2340 praemissam)
688 2259 846 2321 terminum
875 2260 1041 2322 accesserit
1072 2268 1214 2338 punctum
1242 2258 1379 2330 radians,
1412 2255 1530 2318 termini
1554 2253 1650 2315 inter·-

298 2347 463 2409 sectiouum
488 2348 525 2407 ab
555 2347 601 2407 his
629 2348 715 2409 novis
746 2366 804 2409 non
834 2349 987 2426 parallelis
1019 2347 1122 2426 puncti
1155 2346 1372 2408 radiationibus
1406 2345 1553 2406 factarum
1577 2351 1650 2403 eta

297 2435 389 2516 globo
415 2444 446 2495 et
473 2456 490 2495 a
515 2455 546 2496 se
574 2443 675 2498 mutuo
698 2435 872 2515 longissime
897 2437 1063 2498 discedunt.

387 2521 418 2586 3.
454 2524 599 2586 Paralleli
622 2525 743 2604 globum
774 2525 921 2588 densioris
946 2523 1035 2586 medii
1065 2521 1257 2584 dimetientes
1285 2519 1489 2598 refringuutur
1512 2518 1650 2596 utrinque

300 2620 331 2674 et
355 2631 420 2674 cum
445 2631 501 2674 axe
526 2624 714 2689 concurrunt,
739 2614 875 2676 terminis
899 2611 1143 2674 intersectionum
1167 2611 1335 2690 aequaliter
1358 2609 1495 2688 utrinque
1519 2604 1649 2686 agluba

299 2700 492 2762 distantibus.
506 2699 539 2772 *l

395 2912 420 2980 ¹¹)
443 2915 470 2969 Si
486 2915 626 2968 desideras
641 2914 780 2968 corollarii
793 2916 817 2967 1.
833 2911 1101 2973 demonstrationem,
1116 2909 1220 2979 inspice
1235 2911 1346 2965 schema
1360 2911 1404 2966 77.
1434 2912 1528 2968 Distat
1541 2914 1651 2968 radians

300 2996 326 3047 in
347 2995 399 3047 AD
429 3012 525 3048 versus
546 2996 572 3047 D
599 2995 702 3047 inlinit-o
734 2994 824 3062 spatio
853 2995 887 3045 ad
916 3009 1037 3054 sensum,
1068 2989 1214 3047 irradiabit
1243 2991 1329 3063 igitur
1358 2993 1482 3060 proxime
1513 2993 1651 3065 integrum

300 3073 533 3141 hemisphaerium
555 3075 647 3136 MBG,
679 3079 708 3125 et
734 3073 935 3126 radiationibus
965 3071 1072 3141 quidem
1092 3069 1158 3133 KB,
1183 3070 1234 3124 LG
1259 3070 1383 3140 proxime
1413 3074 1571 3141 parallelis,
1601 3089 1652 3142 per·

301 3153 474 3220 postulatum
495 3153 605 3205 secundi
626 3151 733 3220 capitis.
775 3153 851 3224 Ergo
873 3168 923 3222 per
940 3149 984 3206 13.
1005 3149 1089 3220 hujus
1112 3150 1125 3202 1
1144 3158 1189 3203 est
1208 3149 1367 3203 intersectis
1388 3152 1505 3205 omniurn
1525 3152 1652 3222 proxima

300 3232 395 3302 globo,
418 3247 489 3301 quae
511 3239 605 3298 potest
626 3249 696 3284 esse.

390 3309 442 3362 Sed
464 3316 493 3361 et
515 3309 589 3363 alter
610 3309 833 3362 intersectionum
855 3309 1022 3365 terminusF
1042 3315 1086 3364 est
1107 3308 1224 3363 omnium
1244 3309 1393 3379 proximus.
1427 3311 1557 3366 Transfer
1577 3329 1652 3367 nam·

300 3407 353 3458 que
375 3387 559 3458 cogitationes
582 3389 608 3440 in
636 3395 743 3458 partem
772 3389 919 3442 schematis
951 3390 1134 3459 superiorem,
1167 3389 1296 3461 attinge
1321 3388 1432 3443 radians
1463 3398 1595 3460 punctum
1616 3412 1652 3446 ex

300 3467 403 3521 infinito
434 3467 583 3520 intervallo
616 3469 850 3538 appropinquare,
881 3469 952 3522 radii
979 3469 1039 3538 ejus
1068 3485 1177 3538 semper
1206 3485 1367 3539 semperque
1394 3486 1486 3524 omnes
1512 3489 1572 3525 cum
1599 3489 1652 3526 axe

300 3554 473 3610 concurrent,
505 3549 590 3598 donec
618 3546 743 3617 proxime
765 3549 786 3600 F
806 3547 916 3612 veniat,
947 3566 998 3618 per
1021 3547 1066 3602 13.
1107 3550 1171 3602 Jarn
1192 3548 1228 3600 ab
1250 3549 1272 3601 F
1299 3551 1432 3618 quaedam
1456 3568 1509 3604 uon
1535 3553 1653 3621 amplius

300 3633 477 3679 concurrunt.
505 3628 545 3678 At
565 3641 624 3679 cum
646 3645 682 3680 ex
703 3627 862 3680 secantibus
877 3626 957 3681 lineis
972 3629 1042 3681 fiunt
1061 3627 1202 3698 paralleli,
1225 3627 1311 3681 sectio
1326 3627 1354 3682 in
1374 3627 1509 3684 infinitum
1531 3632 1654 3686 excurrit

299 3706 459 3775 priusquam
489 3705 516 3757 in
547 3707 698 3774 parallelos
730 3706 847 3760 desinat.
897 3708 973 3777 Ergo
1003 3707 1131 3760 radiante
1161 3716 1264 3776 puncto
1294 3710 1330 3762 ad
1359 3709 1474 3778 globum
1504 3713 1652 3765 accedente
1690 3743 1693 3752 ·

299 3802 387 3854 usque
409 3785 443 3835 ad
464 3785 696 3854 propinquitatem
717 3787 754 3848 F,
783 3785 869 3839 sectio
900 3787 999 3840 ultima
1019 3786 1046 3839 in
1077 3786 1209 3840 infinitum
1241 3788 1347 3858 effugit.
1389 3788 1470 3842 Prius
1498 3806 1563 3843 vero
1593 3808 1651 3844 cunr

299 3863 402 3917 infinite
424 3861 541 3916 distaret
560 3866 674 3918 radians
705 3873 853 3934 punctum,
883 3867 980 3918 ultima
1004 3866 1089 3919 sectio
1111 3882 1196 3935 supra
1216 3867 1237 3920 F
1257 3867 1342 3937 paulo
1368 3867 1431 3937 plus
1452 3868 1651 3922 semidiametro

298 3942 392 4013 globi,
425 3942 463 3995 nil
493 3943 609 4012 amplius
641 3945 737 3999 abfuit.
789 3945 866 4015 Ergo
895 3962 955 3999 curu
983 3945 1111 3999 continue
1145 3962 1248 3999 causae
1286 3955 1451 4002 excrescant
1480 3949 1516 4002 ab
1547 3949 1653 4002 infinita

298 4021 433 4075 radiantis
464 4021 598 4075 distantia
629 4025 663 4076 ad
692 4023 898 4078 brevissimam:
930 4027 1056 4078 effectum
1087 4042 1194 4096 quoque
1224 4043 1274 4079 seu
1303 4027 1538 4096 propinquitatem
1567 4029 1651 4082 inter-

298 4089 426 4154 sectiimis
456 4101 572 4154 ultimae
594 4118 612 4153 a
633 4103 794 4157 brevissima
815 4105 851 4156 ad
877 4104 1009 4157 infinitam
1042 4121 1165 4158 crescere
1194 4105 1321 4159 continue
1353 4113 1479 4174 oportet,
1512 4125 1567 4162 uon
1587 4126 1652 4163 reru

223 4235 225 4240 ,
298 4180 467 4248 interrumpi.
501 4179 546 4232 Sic
567 4197 635 4249 ergo
656 4181 732 4234 initio
753 4181 806 4235 erit
827 4184 944 4238 omnium
965 4184 1093 4253 proxima
1112 4186 1206 4255 globo,
1229 4187 1298 4255 quod
1320 4193 1383 4239 erat
1404 4187 1651 4242 demonstrandum.

391 4259 571 4312 Corollarium
601 4263 747 4312 secundum
768 4279 805 4314 ex
824 4271 905 4330 parte
929 4263 990 4331 jarn
1011 4271 1055 4318 est
1075 4265 1261 4328 declaratum,
1290 4268 1360 4335 quud
1382 4264 1486 4320 attinet
1509 4267 1652 4322 terminum

298 4339 519 4391 intersectionum
541 4338 673 4392 ultimum.
717 4339 793 4400 Quod
814 4351 950 4409 superest,
973 4343 1123 4399 clarissime
1146 4344 1266 4398 cernitur
1288 4344 1315 4398 in
1338 4345 1479 4399 schemate
1500 4347 1547 4400 80.
1580 4349 1651 4402 Natu

297 4434 349 4487 quo
370 4418 459 4488 magis
481 4418 686 4487 appropinquat
706 4419 745 4480 D,
767 4419 818 4470 boc
838 4421 926 4490 magis
948 4422 1021 4492 fugit
1041 4427 1075 4476 A.
1118 4425 1155 4476 Et
1176 4423 1203 4477 in
1232 4425 1373 4478 schemate
1396 4425 1443 4479 77.
1474 4427 1601 4481 radiante
1622 4427 1649 4481 in

297 4495 411 4550 termino
432 4497 509 4550 adF
535 4495 686 4559 collocato,
718 4497 886 4552 radiationes
918 4515 1009 4554 omnes
1041 4511 1223 4557 concurrunt:
1254 4522 1287 4557 eo
1313 4504 1385 4557 infra
1407 4505 1428 4558 F
1458 4508 1649 4569 descendente,

295 4585 460 4630 concurrunt
489 4583 597 4629 tantum
627 4577 795 4639 exteriores,
827 4594 897 4647 quae
924 4577 1030 4634 scilicet
1055 4591 1119 4649 post
1148 4584 1262 4652 globum
1292 4583 1443 4654 designant
1463 4583 1505 4638 aui
1527 4585 1649 4639 sectione

296 4653 439 4707 terminum
469 4655 597 4709 citimum.
639 4657 765 4727 Denique
795 4655 921 4710 radiante
948 4656 975 4710 iu
997 4659 1010 4712 l
1036 4660 1187 4724 collocato,
1220 4660 1274 4728 jam
1305 4662 1389 4716 etiam
1420 4664 1508 4718 ultimi
1538 4673 1651 4719 cessant

295 4731 463 4786 intersecare
485 4739 514 4786 et
543 4735 628 4790 sectio
659 4735 759 4807 elingit
784 4735 811 4788 in
841 4735 992 4792 inlinitum:
1026 4745 1056 4790 at
1084 4739 1107 4792 si
1136 4741 1247 4796 radians
1269 4759 1305 4798 ex
1336 4743 1429 4798 altera
1458 4751 1540 4814 parts
1570 4745 1648 4820 globi
