3674 5538
329 261 390 334 1θῖ
764 266 769 278 ’
799 263 989 334 Paralipomeua
1007 271 1033 320 ln
1052 261 1216 320 Vitelliorum.

324 453 387 508 tam
415 443 561 506 minutam
593 445 742 524 picturam
766 447 831 507 luce
862 453 925 508 tam
953 446 1085 525 maligna
1118 446 1300 508 illustratam
1328 445 1484 525 capiant..
1507 443 1625 509 Contra
1655 445 1680 508 si

325 533 410 595 laxes
435 533 588 605 foramen,
620 541 706 596 tanto
737 533 856 614 quidem
888 533 997 594 clarior
1020 544 1051 596 et
1082 533 1250 598 evidentior
1273 534 1326 596 sed
1350 542 1494 596 attento
1523 534 1625 596 rudior
1649 544 1681 595 et

324 621 475 684 confusior
502 621 561 684 erit
590 621 717 700 pictura.
765 623 871 700 ltaque
904 622 1089 684 moderatum
1120 623 1253 684 foramen
1288 631 1408 700 oportet
1437 641 1516 685 esse.
1562 622 1680 686 Deinde

326 711 352 772 si
375 710 478 789 parias
502 729 520 769 a
544 709 688 772 foramine
712 711 838 772 multum
862 709 965 784 distet,
989 711 1109 790 pictura
1128 710 1246 789 quidem
1270 709 1471 790 distinguetur
1493 710 1681 791 exquisitius,

324 805 508 860 vanescente
532 799 724 877 proportione
749 798 902 862 foraminis
926 799 965 860 ad
989 799 1184 861 distantiam:
1211 806 1244 860 at
1266 799 1322 860 hoc
1346 799 1477 860 vicissim
1502 798 1680 862 incommodi

324 887 468 968 sequitur,
494 887 572 966 quod
597 887 863 950 lucentlscolores
888 894 1089 949 extenuantur
1107 887 1234 966 longius,
1258 895 1291 948 et
1308 887 1407 950 visum
1429 888 1581 950 tenuiores
1606 887 1679 950 facti

325 973 502 1038 imbecillius
535 983 672 1050 movent,
707 976 843 1056 quodque
874 981 946 1050 altr,
979 975 1029 1055 qni
1059 983 1109 1041 est
1132 975 1162 1036 iu
1192 995 1330 1050 camera,
1365 977 1477 1038 mixtus
1508 976 1683 1056 pulvisculis

325 1061 501 1144 profundius
536 1063 708 1126 inclarescit
740 1073 772 1124 et
807 1063 933 1142 parietis
970 1063 1118 1143 picturam
1154 1063 1333 1126 claritudine
1366 1064 1517 1145 opprimit.
1573 1065 1682 1144 Itaque

325 1153 444 1214 colores
468 1151 597 1230 maligne
621 1153 660 1214 ad
689 1152 835 1232 parietem
859 1151 947 1214 nimis
976 1151 1139 1214 distantem
1172 1152 1362 1231 perveniunt,
1397 1155 1483 1231 longe.
1513 1151 1683 1214 evidentius

324 1258 471 1320 papyrum
495 1240 594 1302 albam
620 1240 731 1302 feriunt
754 1248 786 1301 et
813 1241 950 1302 colorant
974 1260 993 1300 a
1015 1241 1180 1324 propinquo
1210 1241 1364 1304 foramine.
1412 1241 1494 1302 Idem
1518 1241 1681 1304 tenendum
1707 1307 1711 1314 ,

326 1330 362 1391 de
387 1334 456 1389 aere
481 1335 513 1390 et
536 1328 684 1390 distantia
707 1329 866 1390 forinseca.
903 1329 983 1390 Nam
1007 1329 1066 1390 etsi
1090 1329 1155 1408 quis
1179 1325 1360 1392 directores
1384 1339 1516 1392 remotas
1540 1337 1678 1392 contem-

325 1417 432 1497 pletur,
457 1417 539 1478 color
562 1435 664 1479 earnm
689 1424 868 1480 extenuatus
893 1417 1069 1478 imbecillius
1093 1425 1194 1478 movet
1216 1417 1368 1478 visum-et
1391 1417 1517 1497 tingitur
1539 1418 1679 1480 caeruleo

326 1504 440 1584 copiosi
456 1503 536 1566 aeris
551 1503 702 1584 interjecti
721 1506 820 1566 colore
835 1505 1067 1585 offuscaturque,
1092 1505 1193 1585 sicque
1210 1506 1300 1566 etiam
1316 1506 1345 1569 in
1364 1525 1513 1568 cameram
1531 1507 1678 1586 pervenit.

296 1616 303 1632 ‘
418 1591 568 1656 Condncit
592 1601 623 1654 et
651 1593 722 1654 foris
753 1593 862 1654 vallum
897 1594 1046 1674 quoddam
1080 1593 1165 1673 quasi
1194 1593 1322 1656 frontem
1351 1613 1500 1674 opponere
1531 1593 1679 1665 foramini,

328 1701 364 1744 ne
389 1680 502 1743 coelum
527 1681 575 1741 vel
599 1687 651 1743 atr
674 1681 825 1760 regionem
858 1681 984 1761 parietis
1008 1681 1065 1744 sibi
1096 1682 1244 1761 objectam
1276 1682 1368 1746 nimia
1398 1685 1538 1746 claritate
1568 1683 1680 1746 imbuat

326 1772 429 1850 sicque
452 1769 603 1830 imbecilla
621 1770 713 1848 juxta
728 1770 819 1832 fortia
841 1770 943 1850 posita
967 1771 1156 1840 delitescant,
1180 1778 1233 1831 aut
1247 1775 1301 1830 atr
1315 1771 1395 1834 intus
1420 1771 1507 1834 nimis
1531 1772 1682 1834 clarescat

326 1866 359 1922 et
381 1858 497 1921 colores
521 1857 549 1918 iu
577 1859 695 1936 pariete
723 1858 826 1920 diluat.
876 1857 1014 1920 Ornnium
1047 1857 1215 1920 clarissima
1247 1859 1305 1920 erit
1334 1860 1470 1939 pictura,
1504 1860 1530 1922 si
1554 1859 1609 1922 Sol
1632 1877 1681 1920 res

329 1946 603 2026 repraesentandae
627 1946 825 2008 illustraverit
848 1948 961 2010 directe
986 1945 1132 2009 horizonti
1156 1946 1280 2008 vicinus.

416 2032 586 2096 Foraminis
619 2035 714 2098 conici
751 2035 1007 2114 importunitatem
1038 2036 1067 2096 in
1100 2034 1242 2098 crassiori
1270 2040 1353 2096 muro
1387 2035 1470 2096 rimis
1498 2035 1526 2098 in
1556 2043 1682 2116 utraque

326 2122 402 2186 muri
425 2121 579 2202 superficie
596 2123 709 2202 apertis
725 2124 900 2198 declinabis,
924 2124 970 2185 ita
984 2123 1146 2186 manebunt
1170 2124 1305 2202 integrae
1320 2122 1383 2185 fere
1397 2122 1473 2186 muri
1497 2123 1679 2203 superficies.

417 2209 572 2290 Expectat
596 2213 727 2274 fortasse
748 2211 850 2286 lector,
874 2221 908 2274 ut
921 2212 952 2273 J.
968 2212 1005 2274 B.
1020 2212 1145 2275 Portam
1167 2211 1216 2272 lric
1230 2219 1284 2291 per
1306 2210 1421 2292 reliqua
1444 2212 1581 2284 artificia,
1605 2231 1682 2292 quae

326 2299 417 2362 habet
449 2299 524 2360 libro
561 2298 612 2362 17.
637 2299 758 2380 Magiae
790 2319 911 2380 sequar,
947 2300 1001 2361 sed
1029 2301 1085 2372 hoc
1114 2318 1208 2380 nequo
1242 2299 1401 2362 methodus
1428 2292 1482 2362 uec
1509 2299 1682 2364 institutum

327 2405 425 2450 meum
449 2387 517 2448 fert.

414 2474 504 2556 Prop.
530 2475 616 2536 Vlll.
670 2475 806 2554 Figura
837 2474 932 2538 radii
955 2474 1057 2538 Solis
1095 2474 1152 2537 vel
1175 2475 1300 2536 Lunae
1331 2473 1461 2557 plenae
1493 2493 1558 2555 per
1582 2476 1682 2538 fene-

326 2573 441 2626 stram
474 2563 623 2644 figurae
655 2563 846 2644 angularis
879 2563 1043 2642 ingressi
1077 2580 1254 2643 eousque,
1289 2572 1328 2625 ut
1359 2562 1479 2626 minor
1512 2566 1565 2626 sit
1597 2582 1682 2643 pro-

321 2651 453 2734 portio
479 2652 673 2714 lensetrae
698 2652 743 2713 ad
770 2671 869 2714 suam
893 2672 911 2712 a
933 2653 1083 2730 pariete
1115 2650 1352 2725 distantiam,
1385 2669 1487 2731 quam
1510 2651 1613 2716 Solis
1637 2652 1682 2714 ad

327 2759 446 2815 suam,
479 2741 666 2820 paulatim
699 2741 817 2821 magis
850 2748 961 2820 atque
994 2739 1108 2820 magis
1141 2740 1185 2801 ad
1217 2739 1489 2802 rotunditatem
1522 2741 1683 2812 accedit,

326 2848 396 2910 quo
430 2829 583 2908 longius
607 2849 627 2890 a
650 2830 818 2892 fanestra
846 2828 1102 2908 progreditur.
1148 2825 1224 2891 Oura
1249 2848 1277 2890 n.
1311 2829 1465 2893 circularis
1489 2829 1683 2892 luminaribus

330 2919 427 2998 figura
450 2917 509 2990 sit,
540 2937 599 2996 qua
632 2917 785 2980 incurrunt
808 2918 839 2980 in
862 2917 984 2993 oculos,
1017 2935 1071 2995 per
1094 2923 1213 2978 sextam
1245 2915 1337 2996 igitur
1368 2925 1455 2996 patet
1486 2918 1682 2997 propositum.

327 3005 434 3086 Itaque
450 3023 508 3066 non
524 3014 572 3067 est
587 3024 689 3066 verum
703 3006 889 3086 simpliciter,
904 3024 959 3084 per
977 3005 1138 3085 angulares
1154 3005 1303 3068 fenestras
1323 3006 1499 3085 angularem
1514 3006 1681 3086 ingressum

326 3095 356 3156 in
380 3111 543 3173 progressu
578 3093 726 3173 exquisite
759 3095 918 3156 rotundum
942 3095 1015 3156 lieri.
1062 3093 1208 3156 Defectus
1231 3113 1259 3156 n.
1286 3094 1459 3156 insensum
1487 3094 1629 3168 incurrit,
1655 3093 1680 3156 si

329 3181 500 3243 accuratius
523 3181 675 3261 inspicias.
714 3180 799 3254 Quae
815 3182 895 3243 falsa
917 3182 1073 3262 persuasio
1094 3187 1230 3244 veterum
1255 3182 1376 3260 ingenia
1395 3189 1553 3264 tantopere
1582 3183 1681 3246 torsit.

326 3270 421 3332 Porro
447 3287 485 3330 ex
515 3269 623 3332 iisdem
656 3271 810 3349 principiis
840 3279 943 3350 patet,
975 3271 1002 3332 si
1034 3271 1169 3332 fenestra
1197 3270 1238 3332 sit
1270 3270 1441 3345 circularis,
1473 3271 1589 3334 radium
1620 3271 1683 3332 fore

327 3357 512 3432 circularem,
537 3358 563 3418 si
588 3359 795 3439 quadrangula
819 3361 929 3440 ampla,
951 3359 1067 3421 radium
1087 3378 1144 3419 uon
1169 3359 1258 3438 plane
1282 3359 1518 3440 quadrangulum
1543 3361 1683 3434 futurum,

331 3446 385 3507 sed
410 3447 583 3508 obtusorum
608 3447 781 3526 angulorum
806 3447 836 3510 iu
860 3448 1000 3510 circulum
1024 3447 1224 3510 reductorum.

374 3593 378 3602 .
416 3536 506 3614 Prop.
531 3533 588 3597 IX.
634 3535 802 3598 Deficiente
831 3534 903 3600 Sole
943 3537 1063 3598 deliciet
1092 3544 1124 3597 et
1151 3536 1268 3616 species
1301 3535 1445 3598 illustrati
1477 3535 1602 3617 parietis
1630 3553 1684 3615 par

328 3625 532 3705 qualecunque
557 3625 691 3686 forauren
715 3632 780 3686 tam
804 3626 865 3688 alte
889 3625 1080 3698 intromissa,
1105 3634 1138 3686 ut
1161 3625 1256 3686 minor
1280 3623 1321 3686 sit
1345 3623 1496 3686 fenestrae
1528 3623 1683 3704 proportio

325 3713 367 3776 ad
391 3713 577 3785 distantiam,
603 3731 691 3792 quam
715 3711 797 3775 Solia
820 3714 859 3775 ad
883 3733 977 3776 suam.
1025 3711 1101 3776 Curru
1124 3733 1153 3776 n.
1183 3711 1342 3793 deliquium
1367 3710 1449 3776 Solis
1479 3711 1629 3777 consistat
1652 3712 1682 3774 iu

327 3809 409 3864 motu
432 3802 535 3864 Lunae
559 3800 615 3864 snb
630 3801 711 3864 Solis
736 3819 869 3881 corpore,
895 3821 952 3881 quo
976 3809 1059 3864 motu
1083 3821 1102 3862 a
1124 3800 1271 3880 principio
1296 3801 1335 3862 ad
1358 3801 1446 3886 linem
1471 3801 1597 3864 subinde
1621 3800 1682 3863 alia

329 3897 419 3970 atque
444 3891 505 3952 alia
529 3889 611 3952 Solis
635 3891 771 3969 species,
805 3892 909 3953 laicata
942 3901 1042 3952 tanuen
1076 3909 1194 3969 seraper
1217 3909 1269 3950 seu
1298 3890 1486 3952 corniculata
1516 3889 1684 3958 exhibetur,

328 3981 380 4041 fiet
404 3979 482 4060 quod
506 3979 534 4039 in
566 3979 771 4058 propositione
805 3979 936 4058 septima
969 3978 1146 4052 didicimus,
1181 3979 1265 4056 cujus
1297 3979 1353 4038 huc
1386 3997 1501 4058 quoqne
1533 3979 1685 4040 translata

329 4068 414 4128 valet
436 4067 664 4129 demonstratio.
702 4067 816 4128 Eodem
836 4069 924 4129 modo
944 4067 1145 4146 depinguntur
1165 4067 1203 4128 ad
1218 4065 1365 4146 parietem
1381 4075 1412 4128 et
1427 4067 1530 4130 Lunae
1554 4065 1684 4146 eclipses

330 4155 455 4235 ejusque
479 4157 590 4236 phases
615 4164 704 4217 noctu
727 4157 812 4218 visae
836 4157 889 4217 sed
914 4155 1079 4219 obscurius.

419 4245 509 4324 Prop.
526 4243 567 4304 X.
605 4244 642 4304 lu
668 4244 794 4322 specie
819 4245 875 4305 vel
900 4244 1004 4306 radio
1024 4241 1128 4305 Solis
1152 4242 1374 4306 deficientis
1392 4261 1459 4322 per
1484 4243 1684 4305 fenestram

331 4325 775 4410 orbicularem'legitime
805 4331 1028 4394 intromissa
1056 4351 1192 4394 cornua
1222 4351 1293 4394 non
1318 4340 1356 4394 ut
1378 4333 1413 4394 iu
1438 4331 1541 4394 coelo
1566 4341 1684 4398 acuta.

331 4421 395 4480 sed
423 4421 456 4480 iu
491 4420 657 4482 obtusum
690 4421 844 4482 reducta
876 4428 1057 4501 apparent
1089 4420 1252 4483 orbiculo
1287 4422 1492 4482 fenestrae.
1540 4417 1590 4482 Sit
1613 4439 1685 4480 vera

273 4525 279 4532 ·
332 4509 449 4588 species
486 4509 606 4572 inversa
634 4506 716 4570 Solis
755 4509 920 4572 deficientis
949 4507 1065 4570 DACE
1106 4509 1203 4590 qualis
1236 4518 1267 4571 et
1307 4517 1419 4589 quanta
1459 4527 1514 4587 per
1551 4517 1685 4570 centrum

334 4596 484 4658 fenestrae
518 4597 615 4658 influit
642 4615 696 4678 per
728 4598 914 4659 corollarium
948 4597 1076 4672 tertiae,
1106 4598 1134 4657 in
1168 4599 1252 4678 cujus
1284 4597 1427 4660 extremis
1454 4597 1499 4671 D,
1524 4596 1565 4668 Ε,
1591 4595 1686 4672 0,Α

331 4683 503 4748 scribantur
531 4685 632 4748 circuli
657 4686 798 4768 aequales
823 4687 988 4762 fenestrae,
1014 4685 1086 4756 ΒΗ,
1109 4684 1185 4763 EG,
1210 4685 1278 4762 CF,
1303 4684 1358 4748 AB
1382 4705 1437 4767 per
1459 4685 1632 4748 secundam.
