3718 5528
297 283 362 354 302
789 285 1042 340 maeatarum
1061 285 1159 352 opelos.

297 464 451 525 existeret.
500 460 587 532 Quod
612 481 682 523 vero
708 461 837 524 Gemma
861 463 947 524 addit
977 463 1081 524 horam
1112 462 1208 523 noctis
1236 463 1372 536 tertiam,
1403 459 1525 522 videtur
1553 459 1655 540 potins

298 571 335 614 ex
364 550 613 631 premeridibus
647 549 747 612 Stadii
779 553 911 613 scribere
945 571 1033 631 qnam
1065 571 1102 611 ex
1134 551 1347 612 observatione
1382 558 1486 610 certa:
1525 547 1656 609 medium

298 641 375 702 enim
400 641 487 718 hujus
511 640 658 717 eclipseos
682 659 739 700 non
764 639 853 719 longe
877 641 915 702 ab
936 639 1010 701 hora
1033 648 1103 719 post
1122 641 1250 700 mediam
1275 645 1394 700 noctem
1416 637 1513 717 prima
1527 636 1655 698 Maeuii

297 747 442 810 apparere
466 728 572 807 potuit,
598 729 714 789 calculo
738 729 888 808 Tycllonis
912 747 951 790 ex
974 730 1146 791 certissima
1169 728 1356 807 experientia
1379 733 1559 789 attestante.

386 817 509 878 Memini
541 837 608 877 cum
642 819 670 877 in
701 817 948 897 Wtirtembergia
980 836 1054 895 puer
1087 818 1246 878 admodum
1279 837 1298 878 a
1330 823 1455 896 parente
1489 815 1545 877 snb
1575 815 1656 874 dium

297 925 422 968 vocarer
446 905 484 966 ad
509 906 795 986 contemplationem
820 907 978 986 eclipseos,
1004 907 1101 967 noctis
1125 907 1199 968 hora
1224 906 1341 967 decima
1359 923 1389 984 p.
1404 923 1442 966 rn.
1457 904 1544 966 Luna
1566 904 1657 984 plane

297 995 461 1058 rubicunda
495 994 680 1076 undiquaque
715 996 865 1076 apparuit.
914 995 1169 1057 Circumstantiae
1204 1003 1347 1073 arguunt,
1381 991 1471 1055 aliam
1501 1011 1567 1054 esse
1597 1011 1655 1052 non

296 1083 432 1164 potuisse
467 1103 554 1162 qnam
588 1103 663 1162 quae
698 1081 749 1147 31.
773 1084 911 1145 Januarii
945 1083 1015 1144 anni
1043 1079 1126 1147 1580
1155 1084 1221 1144 risa
1249 1092 1312 1158 est,
1348 1083 1432 1162 cnjus
1466 1081 1656 1142 latitudinem

298 1173 449 1235 borealem
473 1171 654 1233 Maestlinus
679 1172 707 1232 in
723 1173 852 1252 Isagoge
876 1174 965 1252 paulo
990 1173 1133 1234 minorem
1159 1173 1250 1234 lirisse
1271 1173 1315 1233 ait
1338 1190 1427 1253 quarn
1452 1179 1519 1231 erat
1542 1187 1658 1231 summa

298 1259 606 1324 semidiametrorum:
640 1271 801 1341 propterea
831 1261 1006 1324 brevissime
1037 1269 1133 1322 totam
1163 1261 1191 1322 in
1223 1261 1328 1323 umbra
1360 1261 1496 1322 latuisse.
1546 1255 1658 1320 Confer

299 1371 365 1413 cum
389 1351 442 1412 illa
464 1349 639 1410 Frodoardi.

387 1441 477 1500 Anno
505 1436 598 1501 1588.
629 1438 687 1499 diei
713 1433 743 1500 3.
768 1437 872 1500 Martii
901 1458 988 1500 mane
1016 1439 1045 1498 in
1076 1437 1285 1500 observatione
1310 1437 1505 1518 Tychoniana
1535 1435 1658 1516 eclipsis

302 1533 328 1602 (ζ
352 1527 500 1589 maximae
525 1530 563 1587 ad
589 1528 691 1587 lrorarn
714 1523 745 1588 2.
777 1525 831 1590 58’
855 1529 973 1590 invenio
999 1537 1186 1602 annotatum,
1214 1538 1321 1592 Lunam
1338 1536 1449 1608 jarnad
1469 1535 1660 1590 ortumrisam

299 1646 360 1682 esse
381 1627 548 1690 lucidiorem,
573 1625 733 1698 propterea
757 1615 899 1696 apposita
921 1625 991 1678 sunt
1014 1619 1075 1677 ista
1098 1617 1207 1678 verba:
1232 1645 1300 1699 ergo
1321 1623 1606 1697 praeteriitmediurn.
1620 1621 1656 1688 οἵ)

299 1711 345 1770 At
377 1707 406 1766 id
440 1708 556 1784 aliquot
586 1704 706 1765 minutis
740 1705 937 1786 sequebatur,
971 1713 1004 1766 ut
1032 1725 1070 1766 ex
1098 1705 1197 1780 initio,
1231 1707 1288 1766 fine
1312 1706 1479 1785 ceterisque
1511 1703 1657 1784 plrasibus

299 1803 395 1877 patet.
442 1794 552 1856 Hicin
578 1814 638 1854 una
670 1795 834 1874 eademque
868 1795 972 1874 eclipsi
1000 1795 1087 1856 Luna
1116 1795 1254 1856 ruborem
1283 1795 1384 1868 illum,
1418 1812 1503 1874 quem
1537 1802 1657 1853 veteres

299 1885 403 1948 Lunae
427 1882 577 1964 proprium
604 1875 700 1944 lumen
725 1903 793 1945 esse
817 1891 1010 1958 censuerunt,
1037 1885 1133 1944 altera
1156 1891 1242 1961 parte
1267 1883 1412 1964 paulatim
1435 1881 1534 1952 exuit,
1559 1882 1657 1942 altera

300 1973 407 2036 induit.
461 1970 593 2052 Cumque
625 1973 753 2034 nondum
788 1972 825 2033 ad
858 1972 987 2034 medium
1018 1974 1140 2034 umbrae
1173 1971 1325 2047 venisset,
1360 1971 1466 2034 rubore
1500 1969 1657 2031 orientalis

300 2063 381 2144 gibbi
411 2061 559 2134 ostendit,
593 2061 716 2122 latiores
741 2080 808 2122 esse
842 2061 943 2122 radios
967 2061 1050 2124 Solis
1074 2062 1103 2124 iu
1128 2067 1197 2122 atre
1223 2062 1372 2124 Terrestri
1403 2062 1552 2124 retractos
1576 2060 1658 2119 circa

300 2151 519 2213 occidentalem
544 2169 632 2228 quam
656 2151 736 2211 circa
759 2151 936 2212 orientalem
961 2151 1082 2211 umbrae
1106 2159 1233 2230 partem.

392 2239 527 2302 Similem
551 2239 675 2316 eclipsin
691 2238 795 2301 Lunae
820 2239 880 2300 vidi
897 2237 996 2301 Gratii
1023 2259 1099 2300 anno
1123 2235 1215 2302 1599.
1239 2239 1318 2300 inter
1337 2235 1388 2301 30.
1406 2249 1437 2298 et
1453 2234 1505 2300 31.
1520 2235 1660 2297 Januarii

302 2325 402 2392 velli.
427 2335 459 2388 et
485 2323 533 2390 10.
558 2327 727 2403 Februarii,
753 2349 810 2409 qua
835 2327 871 2389 de
895 2347 986 2408 supra
1010 2347 1125 2409 quoque
1150 2346 1215 2406 cap.
1243 2327 1296 2390 Vl.
1321 2329 1394 2390 Nro.
1412 2323 1442 2390 9.
1480 2323 1555 2388 Cum
1580 2323 1657 2386 enim

304 2419 389 2480 Luna
416 2415 481 2495 jam
514 2416 739 2496 immergeretur
772 2419 906 2490 umbrae,
940 2427 1074 2478 restante
1108 2419 1217 2498 exigua
1247 2418 1321 2478 lucis
1350 2439 1368 2478 a
1396 2415 1467 2478 Sole
1499 2413 1658 2493 particula,

302 2508 408 2570 rubore
432 2515 533 2567 tamen
558 2523 612 2566 suo
641 2506 732 2583 juxta
755 2515 822 2568 tota
852 2506 1049 2580 cernebatur;
1084 2507 1159 2569 adeo
1193 2503 1317 2566 evidens
1347 2505 1435 2567 mbor
1464 2505 1528 2567 tuit.
1576 2501 1660 2564 Tunc

301 2598 394 2678 igitur
417 2616 433 2656 e
458 2595 577 2674 regione
612 2595 687 2655 lucis
716 2613 753 2656 ex
776 2593 848 2657 Sole
878 2597 981 2673 (paulo
1015 2596 1168 2674 superius)
1201 2595 1362 2656 videbatur
1392 2593 1487 2655 denuo
1521 2591 1658 2666 delicere,

302 2687 408 2748 rubore
433 2685 549 2744 scilicet
573 2683 638 2762 ipso
663 2683 754 2744 etiam
777 2684 923 2763 paulatim
948 2685 1082 2756 cedente,
1108 2703 1160 2746 seu
1185 2684 1282 2764 magis
1304 2683 1391 2745 Luna
1415 2681 1553 2744 orientali
1577 2699 1660 2740 mar-

302 2776 369 2855 gine
389 2775 453 2855 jam
477 2773 505 2835 in
531 2773 652 2834 umbrae
678 2773 917 2852 caliginosiorem
941 2783 1059 2853 partem
1083 2774 1279 2852 ingrediente.
1318 2773 1434 2834 Ultima
1457 2791 1493 2831 ex
1513 2767 1585 2831 Sole
1609 2768 1662 2828 lux

302 2863 462 2926 desinebat
484 2864 514 2923 in
537 2860 631 2940 dapqr
659 2863 788 2932 ruboris,
812 2873 846 2924 ut
869 2864 1000 2926 nescires
1032 2863 1230 2942 distinguere,
1262 2861 1318 2923 nisi
1343 2881 1380 2922 err
1405 2880 1439 2923 eo
1469 2858 1546 2940 quod
1571 2877 1661 2918 cornu

301 2955 364 3016 late
389 2951 511 3014 rubeum
537 2953 666 3012 colorem
697 2950 831 3013 habebat
854 2961 885 3012 et
914 2952 1085 3032 aequalem,
1116 2973 1172 3013 non
1201 2970 1272 3012 vero
1301 2950 1474 3011 lucidiorem
1498 2949 1528 3010 in
1551 2945 1659 3008 medio.

302 3042 396 3104 Paulo
422 3052 582 3119 antequam
606 3059 673 3100 sese
696 3050 906 3120 postmontes
931 3041 1087 3120 reciperet,
1114 3039 1202 3101 rubor
1222 3039 1356 3118 quamvis
1381 3040 1462 3100 claro
1486 3035 1662 3116 crepusculo

303 3139 335 3190 et
366 3131 450 3190 Luna
482 3129 628 3207 profunde
660 3127 688 3188 in
719 3131 854 3192 umbram
889 3129 1030 3191 immersa
1065 3129 1160 3191 videri
1193 3140 1293 3190 tamen
1331 3128 1431 3208 potuit
1463 3125 1598 3204 adeoque
1631 3131 1664 3182 et

304 3218 456 3295 distingui,
482 3217 560 3297 quod
584 3235 655 3296 pars
680 3219 875 3281 occidentalis
895 3219 992 3279 adhuc
1016 3230 1100 3279 esset
1123 3218 1321 3280 rubicundior.
1360 3217 1433 3278 Fuit
1457 3224 1557 3276 tamen
1581 3212 1663 3274 circa

303 3307 432 3369 medium
457 3306 577 3366 umbrae
602 3324 667 3366 cum
692 3307 858 3368 occideret:
893 3309 975 3368 nulla
1005 3326 1133 3388 natuque
1156 3317 1211 3386 per
1244 3313 1344 3367 adrem
1369 3307 1437 3379 lnr,
1462 3304 1574 3365 nullum
1598 3301 1663 3379 ejus

303 3393 464 3472 vestigium
486 3395 576 3473 paulo
600 3403 670 3472 post
695 3396 848 3475 apparuit,
873 3401 957 3470 aere,
984 3397 1032 3475 qui
1056 3397 1206 3458 montibus
1231 3405 1279 3457 est
1301 3395 1471 3475 proximus,
1502 3390 1663 3452 admodum

304 3484 424 3548 humido
449 3492 481 3543 et
505 3501 617 3543 crasso.

393 3572 471 3632 Vide
495 3573 559 3632 tale
584 3570 734 3652 quippiam
758 3580 789 3633 et
812 3573 892 3634 inira
915 3591 979 3652 cap.
998 3573 1055 3636 XI.
1081 3573 1176 3654 probl.
1202 3569 1255 3636 3l.
1281 3573 1309 3634 in
1334 3570 1438 3648 eclipsi
1464 3569 1568 3631 Lunae
1592 3565 1663 3628 anni

308 3659 402 3726 1603.
428 3654 513 3742 8118.
537 3661 683 3722 Novemb.

395 3749 456 3812 Sed
482 3751 593 3812 nullum
616 3749 726 3811 clarius
751 3749 918 3829 exemplum
943 3749 1127 3828 suppeditari
1150 3757 1262 3828 potest,
1288 3765 1376 3827 qnam
1398 3747 1475 3826 quod
1500 3743 1561 3806 vidi
1585 3759 1664 3804 anno

307 3837 401 3905 1598.
428 3834 665 3922 tutamenti
689 3855 781 3917 prope
798 3837 946 3912 Gratiam,
972 3838 1059 3898 Luna
1082 3847 1150 3898 orta
1173 3839 1202 3898 in
1227 3836 1371 3908 tenebris,
1396 3837 1511 3896 coelum
1535 3831 1664 3894 nubibus

305 3923 516 3992 obvelantibus
548 3929 629 3988 circa
658 3928 863 4002 horizontem,
898 3938 931 3988 ot
959 3928 1097 3988 exoriens
1128 3945 1184 3988 uun
1218 3927 1448 4004 conspiceretur.
1496 3921 1573 3984 Cum
1598 3920 1663 3999 jam

307 4021 422 4099 aliquot
455 4018 603 4096 graduum
636 4016 762 4076 haberet
792 4017 999 4090 altitudinem,
1032 4013 1159 4076 nubibus
1198 4015 1350 4076 hiantibus
1387 4012 1509 4074 emicuit
1541 4009 1664 4070 dimidio

305 4109 425 4170 circiter
448 4123 573 4184 corpore
598 4105 766 4167 clarissima
783 4123 837 4181 per
855 4106 1001 4178 ruborem,
1026 4113 1136 4166 utnon
1161 4111 1335 4164 censeretur
1354 4121 1391 4162 ea
1410 4110 1497 4180 parte
1523 4099 1664 4170 deficeres

306 4195 428 4260 dimidio
453 4195 504 4254 vix
528 4194 697 4274 conspicua,
724 4211 790 4253 cunr
813 4203 880 4254 tota
905 4192 1050 4254 tamenin
1070 4193 1175 4254 umbra
1198 4199 1292 4254 esset.
1330 4192 1472 4252 lnsoetus
1495 4206 1551 4267 ego
1575 4183 1664 4264 hujus

306 4285 423 4348 roboris
447 4283 597 4354 mirabar;
631 4301 727 4362 neque
760 4281 838 4342 euim
868 4292 1004 4362 poteram
1029 4301 1075 4342 me
1100 4281 1196 4358 ipsum
1226 4281 1344 4343 firmare
1368 4279 1397 4339 in
1423 4279 1484 4339 olla
1513 4276 1663 4356 opinione,

307 4375 441 4436 umbram
470 4372 676 4452 ingrederetur
700 4389 737 4429 au
763 4369 924 4430 desereret.
971 4369 1050 4430 Illud
1079 4373 1169 4431 etiam
1197 4371 1286 4431 valde
1322 4367 1441 4430 dubium
1470 4365 1583 4438 tenuit,
1612 4379 1665 4424 cur

307 4480 365 4524 nou
400 4461 635 4538 distingueretur
667 4458 823 4520 evidenter
854 4475 926 4536 pers
960 4456 1058 4518 lucida
1082 4479 1100 4519 a
1123 4459 1300 4531 tenebrosa,
1335 4475 1389 4518 nec
1419 4456 1546 4517 haberet
1575 4451 1666 4513 rubor

307 4550 482 4620 terminum,
507 4550 561 4610 sed
585 4547 725 4610 continuo
755 4547 899 4617 minutus,
929 4546 1052 4606 tandem
1081 4548 1196 4624 potiore
1220 4549 1324 4608 Lunae
1348 4553 1435 4624 parte
1459 4542 1611 4604 desineret
1634 4538 1665 4600 in

308 4638 460 4701 tenebras.
507 4639 557 4698 lta
580 4637 651 4699 mihi
674 4635 891 4714 contemplanti
915 4632 1007 4696 nobes
1027 4653 1145 4697 rursum
1169 4654 1236 4698 sese
1261 4651 1437 4715 opposuere.
1475 4631 1570 4693 Paulo
1594 4637 1666 4708 post

308 4727 406 4787 tribas
430 4725 646 4804 quadrantibus
668 4735 739 4805 post
762 4725 921 4804 septimam
945 4721 974 4782 in
998 4723 1071 4784 urbe
1094 4723 1343 4803 personantibus,
1367 4722 1521 4784 discessus
1543 4717 1667 4779 nubium

309 4811 527 4876 dubitationem
551 4829 669 4876 omnem
693 4813 845 4877 discussit.
884 4808 963 4874 Orto
982 4809 1061 4872 enim
1080 4810 1159 4874 intra
1182 4829 1274 4874 corno
1298 4809 1396 4874 lucido
1419 4807 1510 4872 robor
1532 4821 1665 4868 evanes-
