3694 5528
345 281 412 349 534
956 286 1083 352 oroma

346 460 494 524 distantia
524 482 543 521 a
570 479 720 536 convexo,
759 479 846 541 quam
870 467 919 522 est
948 461 1097 525 diameter
1133 463 1349 538 convexitatis,
1388 463 1427 524 ad
1462 472 1606 544 punctum
1629 483 1702 526 con-

346 549 449 612 fluent.
617 553 620 561 ¹
1634 583 1647 616 ο

383 685 387 692 .
437 635 632 714 convergunt
664 637 743 697 enim
767 643 831 709 (rig.
853 643 881 706 θ)
908 636 967 708 OQ
991 644 1022 698 et
1045 639 1102 701 LN
1134 657 1238 700 versus
1263 637 1331 708 QN.
1379 639 1420 700 Bt
1449 640 1491 700 sit
1523 640 1618 721 ipsius
1643 637 1701 710 Qo

346 725 510 806 parallelus
534 725 598 796 NZ,
623 725 771 785 refractus
796 725 825 785 in
849 723 912 787 NS.
960 723 1075 787 Secaut
1096 745 1168 806 ergo
1192 745 1225 788 se
1249 735 1352 788 mutuo
1376 727 1431 788 LN
1456 735 1488 788 et
1511 727 1578 789 ZN.
1620 727 1702 808 Ergo

346 814 496 875 retractus
529 813 623 891 ipsius
646 812 702 873 LN
727 811 884 874 exterioris
918 833 1005 894 qnam
1028 815 1085 878 ’ΖΝ
1115 815 1149 875 fit
1181 815 1304 876 interior
1338 834 1426 895 quam
1453 814 1521 890 NS,
1554 818 1703 878 refractus

346 901 441 982 ipsius
465 901 519 963 ZN
545 902 612 981 (per
634 901 719 974 XL).
769 898 928 962 Concurrit
960 921 1031 980 ergo
1065 921 1131 965 cum
1155 901 1209 973 Qs
1239 923 1330 982 supra
1353 897 1392 977 S',
1421 913 1496 984 puta
1519 904 1548 966 in
1571 904 1615 965 Μ.
1661 903 1703 964 Et

323 985 413 1059 ὈΜ
437 997 486 1050 est
508 990 625 1050 brevior
649 1007 737 1068 qnam
761 989 908 1051 diameter
931 988 995 1059 QS.
1587 995 1604 1016 ⁸

437 1076 604 1138 XXXVII.
651 1077 877 1157 Propositio.
925 1076 959 1138 Si
982 1087 1123 1160 punctum
1152 1079 1275 1140 radians
1298 1079 1420 1160 propius
1449 1079 1540 1142 luerit
1569 1099 1702 1142 convexo

347 1165 494 1226 diametro
519 1166 721 1225 convexitatis
734 1185 742 1239 ;
768 1165 843 1225 radii
867 1165 930 1245 ejus
953 1167 1056 1246 puncti
1080 1167 1203 1228 refracti
1227 1168 1308 1228 intus
1330 1167 1359 1227 in
1380 1187 1502 1248 corpora
1527 1168 1620 1229 denso
1646 1187 1701 1228 nou

342 1252 482 1334 paralleli
507 1253 597 1314 bituri
622 1253 771 1315 suntsed
796 1254 963 1332 divergent.

329 1417 331 1424 γ
432 1340 594 1402 Existeute
618 1343 696 1402 enim
721 1340 774 1412 QS
799 1341 945 1402 diametro
970 1343 1181 1416 convexitatis,
1207 1343 1294 1403 sitlll
1317 1353 1459 1423 puuctum
1481 1345 1605 1406 radians
1627 1361 1700 1422 pro-

343 1430 409 1509 pius
430 1429 504 1490 lenti
528 1448 616 1509 quam
641 1429 664 1491 S
689 1437 720 1490 et
742 1429 819 1490 radii
842 1430 918 1504 MN,
943 1429 1009 1502 Mo
1037 1431 1238 1510 dIvergentes.
1288 1430 1456 1511 Divergent
1485 1433 1578 1511 igitur
1610 1431 1701 1493 etiam

342 1535 445 1579 eorum
468 1518 592 1579 refracti
615 1517 686 1592 NL,
713 1515 771 1588 Qo
796 1536 900 1578 versus
925 1516 999 1592 LO,
1024 1525 1058 1579 ut
1083 1538 1168 1600 prop.
1200 1519 1292 1600 priori
1316 1521 1385 1600 (per
1406 1520 1491 1595 XL),
1517 1520 1701 1582 etsiverum

341 1613 404 1680 est,
429 1625 481 1666 eos
504 1606 595 1686 paulo
619 1607 717 1668 miuus
741 1606 906 1686 divergere.

430 1745 619 1808 Hactenus
643 1747 817 1810 solitarie
842 1747 885 1808 de
909 1749 1019 1809 unica
1046 1747 1250 1829 superlicio
1280 1767 1448 1809 convexa
1475 1747 1611 1809 lentis:

804 1835 906 1914 'jam
931 1837 972 1896 do
997 1836 1097 1898 lente
1121 1843 1211 1898 tota.

430 1957 616 2020 XXXVIII.
661 1958 888 2039 Propositio.
934 1958 1027 2020 Badii
1050 1977 1088 2019 ex
1115 1977 1173 2020 uno
1204 1957 1342 2020 radiante
1369 1965 1480 2038 puncto
1508 1956 1650 2037 paralleli
1672 1958 1701 2017 in

344 2048 457 2108 lentem
472 2047 679 2128 crystallinam
694 2045 741 2107 vel
756 2047 884 2109 vitream
899 2047 1036 2127 utrinque
1055 2063 1219 2108 convexam
1241 2045 1530 2127 perpendiculariter
1551 2044 1701 2124 objectam

346 2135 534 2210 incidentes,
565 2135 687 2215 propius
716 2143 789 2214 post
818 2136 928 2197 lentem
959 2143 1139 2197 concurrunt
1167 2136 1207 2196 ad
1239 2153 1328 2196 uuum
1361 2142 1502 2215 punctum
1537 2152 1625 2212 quam
1654 2143 1702 2194 est

346 2222 495 2284 diameter
517 2223 633 2296 ctrculi,
659 2222 708 2302 qui
733 2224 845 2284 format
867 2242 1006 2286 aversam
1029 2223 1237 2304 superficiem:
1269 2231 1300 2284 et
1322 2223 1445 2303 propius
1468 2241 1557 2302 quam
1581 2221 1700 2302 sesqui-

347 2309 497 2372 diameter
520 2313 676 2373 obversae.
798 2323 805 2338 ·

304 2401 306 2408 ’
436 2395 485 2460 Sit
508 2398 574 2462 leus
588 2395 649 2460 DG
673 2398 821 2478 utrimque
845 2417 988 2474 convexa,
1009 2397 1127 2460 ADGF
1139 2397 1395 2480 perpendicularis
1419 2417 1473 2478 per
1497 2405 1603 2460 centra
1625 2416 1699 2458 con-

344 2486 523 2549 vexitatum.
570 2486 704 2550 Veniant
727 2505 798 2566 ergo
823 2507 841 2548 a
863 2487 983 2550 radiosn
1006 2495 1116 2569 puncto
1147 2487 1308 2569 longinquo
1338 2487 1478 2568 paralleli
1510 2495 1699 2566 quotcunque

443 2647 448 2660 ι
610 2575 683 2651 AD,
713 2573 777 2637 CB.
825 2574 901 2638 Oum
932 2595 1004 2654 ergo
1026 2577 1086 2637 AD
1118 2585 1150 2636 et
1174 2574 1226 2638 CB
1258 2582 1289 2638 et
1319 2577 1485 2654 quicunque
1509 2573 1561 2636 alii
1585 2575 1700 2636 sintin

421 2646 474 2711 Frg.
496 2645 537 2696 ¹⁰·
611 2670 682 2724 aere
714 2663 801 2744 quasi
831 2665 971 2744 paralleli
1005 2665 1074 2744 (per
1104 2664 1259 2738 XXIH.):
1295 2661 1370 2736 DG,
1403 2662 1458 2723 BE
1490 2662 1520 2724 in
1557 2662 1700 2744 crystallo

399 2801 414 2846 ὓ
534 2807 541 2824 ,
611 2770 716 2815 versus
739 2751 1005 2834 EGtcouvergent
1031 2753 1101 2832 (per
1121 2751 1280 2826 XXXIV)
1304 2752 1390 2830 quasi
1413 2752 1586 2813 concursuri
1609 2752 1639 2812 in
1664 2751 1699 2812 F.

512 2817 533 2856 Π
609 2839 692 2920 Ergo
709 2841 777 2921 (per
792 2839 961 2914 XXXVI.)
975 2849 1118 2920 punctum
1137 2841 1171 2914 F,
1196 2842 1236 2901 ad
1257 2841 1337 2921 quod
1358 2839 1453 2920 ipsius
1474 2839 1529 2900 ΒΕ
1552 2840 1701 2900 refractus

544 2915 565 2956 ¹
609 2928 662 2990 BF
685 2928 849 3003 concurrit,
883 2928 1005 3010 propius
1036 2930 1094 2990 erit
1124 2929 1181 3009 ipsi
1206 2927 1237 2990 G
1260 2947 1349 3010 quam
1376 2936 1425 2990 est
1455 2927 1603 2989 diameter
1626 2945 1699 2990 cou-

529 3039 549 3076 x
610 3017 754 3078 vexitatis
779 3013 850 3086 GE,
884 3017 1025 3096 quaesit
1049 3014 1113 3078 GS.
1161 3016 1276 3078 Eodem
1298 3016 1386 3078 modo
1417 3035 1484 3078 cum
1507 3014 1568 3077 DG
1591 3025 1623 3077 et
1648 3015 1699 3076 BE

611 3105 782 3167 concursuri
807 3105 936 3166 fuissent
954 3104 1202 3183 sesquidiametro
1225 3104 1319 3186 ipsius
1333 3104 1389 3166 BD
1409 3103 1611 3166 convexitatis
1629 3111 1700 3184 post

610 3192 639 3252 D
670 3194 737 3272 (per
767 3192 957 3265 XXXIV.):
988 3193 1014 3254 si
1045 3193 1182 3254 nimirum
1212 3193 1286 3255 nihil
1324 3193 1450 3272 amplius
1483 3200 1587 3253 essent
1616 3191 1700 3273 passi
1811 3179 1812 3260 l

495 3279 498 3288 “
609 3289 822 3362 praeterquam
845 3280 874 3341 iu
898 3281 943 3340 B:
970 3281 1036 3360 jam
1067 3299 1138 3343 vero
1162 3281 1192 3342 iu
1215 3281 1243 3342 Ε
1266 3282 1398 3342 secunda
1430 3281 1495 3342 vice
1523 3281 1701 3360 frangantur

610 3385 715 3429 versus
751 3369 1027 3450 perpendicularem
1065 3367 1138 3443 Gr,
1177 3368 1284 3451 quippe
1316 3391 1335 3431 a
1371 3389 1425 3430 suo
1460 3367 1699 3450 perpendiculari

609 3456 712 3536 puncti
735 3457 761 3517 Ε
786 3460 854 3536 (per
876 3457 955 3530 II.):
983 3463 1072 3538 patet
1098 3457 1164 3537 jam
1191 3459 1313 3538 propius
1338 3477 1426 3538 quam
1450 3457 1697 3537 sesquidiametro
1810 3457 1811 3480 ¹

608 3543 703 3623 ipsius
722 3545 778 3605 BD
802 3563 985 3607 concurrere.
1022 3547 1108 3608 Haec
1122 3545 1191 3608 ideo
1210 3546 1336 3609 seorsim
1350 3547 1596 3610 demonstranda.
1629 3545 1697 3607 Non

608 3631 688 3693 enim
710 3633 854 3714 seqnitur,
879 3633 905 3694 si
928 3633 1051 3715 propius
1075 3633 1220 3698 diametro
1239 3632 1293 3696 DS
1317 3633 1411 3714 ipsius
1426 3632 1484 3696 EG
1509 3641 1697 3705 concurrunt,
1809 3639 1810 3684 ἒ

609 3738 680 3799 ergo
704 3727 736 3782 et
759 3721 882 3802 propius
907 3721 1158 3802 sesquidiametro
1181 3722 1236 3784 Dr
1263 3723 1358 3802 ipsius
1382 3721 1449 3783 BD.
1495 3721 1576 3784 Nam
1598 3727 1700 3803 potest

607 3807 660 3870 illa
684 3809 829 3871 diameter
854 3829 922 3872 esse
945 3811 1042 3890 major
1065 3829 1155 3890 quam
1177 3811 1252 3872 haec
1276 3809 1538 3892 sesquidiameter.

694 3897 845 3960 XXXIX.
904 3898 1138 3979 Propositio.
1185 3899 1379 3962 Manentibus
1416 3917 1492 3979 quae
1530 3898 1635 3972 modo,
1673 3896 1697 3958 si
1808 3901 1809 3956 l

345 3983 520 4046 convexitas
545 3993 671 4064 utraque
695 4005 733 4046 ex
756 3987 863 4048 eodem
891 3986 1001 4048 circulo
1035 3986 1144 4061 buerit,
1174 4005 1335 4049 concursus
1362 3994 1433 4067 post
1460 3987 1572 4048 lentem
1595 3983 1697 4048 detio

341 4081 461 4151 puncto,
488 4074 565 4153 qnod
581 4073 669 4135 abest
692 4075 914 4136 semidiametro
936 4073 1056 4136 obversi
1079 4075 1295 4149 convexitate,
1319 4076 1375 4136 hoc
1397 4081 1444 4136 est
1458 4073 1488 4136 in
1503 4083 1607 4138 centro
1621 4074 1696 4152 ejus.

418 4159 504 4236 xSint
527 4162 605 4224 euim
628 4162 658 4222 in
683 4162 836 4224 schemate
855 4161 905 4226 10.
929 4161 986 4222 BD
1010 4169 1041 4223 et
1059 4161 1119 4223 EG
1142 4163 1284 4243 aequales
1308 4162 1517 4225 convexitates
1541 4170 1574 4225 et
1596 4167 1699 4223 centra
1807 4193 1808 4198 κ

345 4248 521 4312 circulorum
544 4249 584 4324 A,
609 4249 642 4310 P.
690 4249 802 4312 Secent
824 4269 858 4312 se
886 4249 988 4312 circuli
1015 4249 1044 4310 in
1068 4251 1099 4325 I,
1128 4251 1283 4332 productis
1308 4249 1354 4312 GI
1375 4251 1405 4312 in
1429 4251 1458 4311 Κ
1482 4259 1513 4313 et
1535 4251 1580 4313 Dl
1602 4249 1632 4312 iu
1655 4249 1696 4312 M.

249 4389 257 4399 ,
344 4335 386 4398 Et
408 4357 463 4416 per
487 4338 651 4399 sectionem
673 4338 689 4397 l
711 4339 973 4417 perpendiculares
998 4337 1144 4401 ducantur
1163 4358 1200 4401 ex
1223 4340 1335 4401 centris
1360 4339 1427 4410 AL,
1446 4339 1512 4402 ΡΝ.
1548 4339 1593 4402 Et
1613 4339 1698 4418 perl
1806 4407 1807 4434 1

343 4427 510 4487 sectionem
533 4433 672 4487 transeat
694 4425 752 4505 ipsi
776 4427 831 4487 AB
852 4425 1016 4505 parallelus
1039 4425 1107 4487 ΗΟ.
1148 4425 1225 4490 Cum
1248 4428 1328 4488 enim
1344 4427 1401 4488 BD
1426 4435 1457 4488 et
1474 4427 1533 4489 EG
1555 4427 1585 4488 in
1609 4426 1698 4509 priori
1806 4449 1807 4454 ¹

341 4513 545 4594 propositione
577 4531 684 4594 parum
715 4513 871 4587 differant,
900 4519 1050 4593 ponantur
1082 4516 1224 4595 aequales
1248 4523 1281 4577 et
1302 4533 1356 4595 pro
1385 4515 1423 4576 iis
1451 4521 1608 4588 sumantur
1629 4533 1696 4576 vere

342 4602 484 4680 aequales
508 4601 562 4669 DI,
588 4599 644 4662 GI.
692 4597 772 4670 Quia
794 4602 886 4680 igitur
907 4599 954 4661 HI
982 4599 1143 4663 inclinatur
1166 4621 1257 4682 super
1279 4603 1376 4677 DIM,
1409 4603 1563 4665 declinans
1586 4622 1606 4665 a
1627 4622 1697 4684 per·

342 4689 530 4766 pendiculari
552 4689 598 4749 IN
622 4687 732 4766 angulo
756 4689 841 4762 HIN,
866 4688 913 4749 cni
937 4688 1072 4768 aequalis
1096 4697 1144 4750 est
1168 4688 1238 4752 OlP
1261 4709 1316 4752 seu
1331 4691 1412 4760 IPD,
1436 4691 1585 4753 refractus
1609 4691 1699 4772 igitur

213 4861 220 4874 .
340 4775 436 4852 ipsius
455 4775 500 4836 HI
523 4775 605 4836 iutra
628 4775 850 4840 convexitatem
868 4774 960 4839 tertia
980 4783 1067 4854 parto
1087 4777 1181 4856 ipsius
1197 4775 1269 4840 OIP
1292 4778 1456 4842 declinabit
1474 4780 1513 4843 ab
1529 4779 1574 4844 01
1592 4798 1696 4843 versus
