3702 5532
769 281 932 332 Prooemium·
1464 284 1526 352 cn

176 457 416 532 circumvolutis,
441 476 529 538 quos,
555 455 662 520 nemini
687 457 716 518 in
735 455 813 522 hanc
837 477 930 540 usque
953 460 1031 522 diem
1056 461 1204 538 cognitos,
1231 461 1391 526 novissime
1423 471 1528 530 auctor

175 547 372 627 deprehendit
395 547 522 628 primus,
547 554 637 626 atque
662 547 828 609 Medicea
848 545 987 610 Sidera
1009 551 1223 629 nuncupandos
1238 550 1382 615 decrevit.
1420 552 1526 616 Vene-

175 636 227 698 tiis
253 631 348 700 1610.
396 636 496 708 (Idem
520 653 594 715 opus
617 634 729 714 prodiit
752 637 856 698 eodem
881 656 959 700 anno
980 637 1175 700 Fraukolurti
1200 638 1248 714 „in
1276 639 1526 717 Paltheniauo.“)

173 723 337 788 Dedicavit
373 724 480 786 librum
517 744 603 786 snum
637 721 793 787 Galilaeus
830 723 964 786 Cosmo
997 726 1181 802 Medices,
1219 728 1332 806 Magno
1365 729 1525 792 Hetruriae

174 811 251 876 Duci
273 812 330 877 IV.
371 812 512 888 „Patavii
534 807 566 874 l.
604 813 676 872 Idus
699 811 804 874 Martii
835 808 947 889 1610st
973 833 1096 896 eumque
1120 815 1214 895 primo
1244 835 1359 896 qnoque
1391 825 1526 897 tempore

174 901 304 981 Pragam
335 900 506 964 transmisit
537 900 689 963 Juliano
719 899 897 976 Medicas,
930 902 1032 978 magni
1058 903 1218 966 Hetmriae
1252 903 1335 966 ducis
1370 907 1522 978 „oratori“

175 991 255 1070 apud
272 991 487 1070 Imperatorem
501 988 703 1069 Rndolphum,
728 989 840 1052 additis
865 989 972 1065 literis,
996 992 1026 1052 in
1050 991 1156 1070 quibus
1175 991 1319 1072 judicium
1339 993 1464 1074 Kepleri
1486 997 1524 1058 de

174 1079 226 1140 illo
248 1079 307 1142 sibi
328 1077 465 1158 expetiit.
1447 1143 1449 1148 ,

263 1167 411 1248 Keplerus
434 1166 573 1230 nuncium
595 1165 632 1226 de
658 1163 789 1228 Galilaei
811 1165 1034 1228 inventionibus
1057 1167 1182 1244 primum
1207 1168 1326 1248 accepit
1349 1190 1367 1231 a
1389 1169 1523 1237 Matthia

171 1255 362 1332 Wackherio,
387 1254 558 1318 consiliario
574 1252 733 1330 Caesaris3
757 1252 888 1318 nondum
912 1255 990 1318 lecto
1019 1254 1098 1317 illius
1127 1256 1202 1318 libro
1226 1256 1419 1332 existimarit,
1445 1279 1521 1340 qna-

173 1352 242 1408 tuor
263 1364 357 1407 novos
380 1365 400 1406 a
423 1342 562 1406 Galilaea
586 1343 723 1406 detectos
748 1343 927 1423 „planetas“
953 1342 1079 1406 comites
1109 1363 1176 1406 esse
1207 1343 1389 1424 singulorum
1414 1348 1520 1427 plane-

171 1439 268 1496 tarum
292 1431 381 1496 trium
405 1433 589 1512 superiorum
613 1441 644 1494 et
668 1432 815 1507 Veneris,
850 1433 947 1494 instar
970 1431 1074 1492 Lunae
1098 1433 1221 1497 Terram
1244 1434 1426 1497 comitantis.
1471 1436 1520 1500 Re

169 1521 238 1600 ipsa
271 1539 340 1582 uero
374 1521 496 1600 cognita
523 1521 707 1601 (Imperator
734 1520 911 1600 Rndolphns
943 1519 1002 1599 ipsi
1034 1522 1202 1602 exemplum
1235 1521 1302 1584 libri
1335 1524 1519 1598 tradiderat)

170 1610 372 1692 perlectisque
404 1609 520 1686 literis,
559 1628 633 1689 quas
666 1607 825 1672 Galilaeus
857 1610 897 1670 ad
927 1608 1078 1688 Legatum
1109 1610 1210 1687 magni
1242 1611 1402 1680 Hotrnriae
1425 1612 1519 1674 Ducis

170 1699 311 1772 dederat,
345 1697 540 1760 suadentibus
570 1706 602 1759 et
633 1697 848 1779 imperantibus
878 1696 1040 1777 Rndolpho
1069 1707 1101 1760 et
1132 1698 1334 1778 Waclrheriq,
1366 1701 1518 1781 Keplems

166 1787 314 1866 judicium
336 1805 422 1848 sunm
445 1787 482 1848 de
507 1785 639 1849 Galilaci
663 1785 810 1860 „nuncio“
836 1785 1031 1865 conscripsit,
1061 1786 1200 1866 redigens
1230 1787 1303 1850 illud
1331 1787 1360 1850 in
1391 1788 1517 1850 formam

167 1875 336 1954 epistolae,
369 1895 456 1956 quam
480 1875 623 1955 scriptam
648 1873 787 1937 Galilaeo
812 1873 997 1949 transmisit,
1032 1875 1213 1954 descriptam
1246 1894 1316 1938 vero
1340 1876 1518 1956 Imperatori

166 1963 292 2044 aliisque
316 1963 488 2043 petentibus
512 1962 655 2026 exhibuit.
703 1959 801 2033 Quam
827 1981 914 2043 quum
938 1960 990 2023 alii
1012 1962 1113 2042 plures
1137 1963 1295 2044 legendam
1319 1963 1376 2026 sibi
1390 1971 1517 2044 expete-

166 2059 244 2128 rent,
268 2053 378 2115 statuit
400 2053 481 2114 illam
504 2051 731 2132 imprimendam
753 2069 875 2126 curare,
909 2049 1119 2132 inscripsitque
1143 2051 1247 2115 illam:
1280 2051 1515 2114 Dissertatio

166 2159 242 2204 cum
265 2141 406 2204 Nuncio
430 2140 600 2210 Sidereo,
624 2158 717 2221 nuper
740 2140 779 2202 ad
802 2139 945 2202 mortales
969 2139 1061 2202 misso
1085 2161 1104 2202 a
1127 2137 1320 2202 Galilaeo.
1400 2147 1406 2160 '

256 2229 348 2290 Plane
373 2237 438 2291 stat
459 2229 609 2310 Keplerus
632 2229 663 2291 in
687 2228 745 2291 hac
768 2228 899 2308 epistola
916 2247 983 2290 cum
1007 2226 1158 2302 Galilaeo,
1183 2247 1362 2309 quamquam
1385 2227 1516 2292 nondum
1568 2274 1571 2282 a

167 2317 332 2380 instructus
346 2318 554 2392 instrumento,
579 2335 637 2398 qno
660 2315 725 2397 ipse
748 2316 876 2396 propriis
895 2335 966 2378 usus
981 2317 1119 2379 sensibus
1134 2335 1197 2380 rem
1210 2318 1339 2398 probare
1353 2316 1514 2397 potuisset,

167 2407 335 2468 rationibus
359 2407 487 2479 innixus,
512 2425 586 2486 quas
609 2405 844 2485 suppeditabant
869 2402 1001 2467 Galilaei
1023 2406 1128 2469 modus
1152 2404 1309 2476 scribendi.
1334 2405 1415 2468 illius
1439 2423 1514 2466 con-

73 2510 76 2518 *
165 2495 241 2558 ditio
265 2495 293 2556 in
319 2495 476 2556 academia
492 2493 679 2567 Pataviensi,
699 2493 898 2568 necessitudo,
924 2511 1000 2571 qnae
1023 2493 1068 2554 illi
1095 2493 1305 2556 intercedebat
1327 2512 1394 2556 cnm
1412 2492 1514 2556 Medi-

164 2583 259 2657 escis,
283 2583 390 2662 quibus
414 2583 520 2644 librum
544 2601 629 2644 snum
652 2581 815 2662 dedicavit.
863 2577 1205 2662 ConfirmatKeplerum
1229 2581 1257 2643 in
1282 2579 1436 2642 sententia
1458 2599 1515 2641 sua
1576 2638 1587 2664 1

165 2671 328 2750 descriptio
351 2670 415 2732 tubi
439 2670 551 2753 optici,
575 2689 663 2752 quam
686 2667 843 2750 praemisit
869 2666 1037 2746 Galilaens,
1062 2668 1181 2750 opticae
1203 2668 1358 2751 principiis
1382 2687 1512 2730 cousen-

164 2769 264 2836 tanea,
291 2761 336 2822 ita
354 2767 388 2821 ut
409 2758 474 2840 ipse
496 2759 683 2840 polliceatur,
708 2757 811 2838 optica
833 2758 907 2819 duce
931 2776 964 2819 se
987 2759 1049 2820 tale
1065 2758 1268 2822 confecturum
1282 2757 1512 2820 instrumentum

165 2848 212 2924 ,si
235 2849 307 2910 talis
331 2847 390 2909 sibi
412 2867 479 2910 sors
495 2848 651 2928 affulgeat,
677 2855 711 2909 nt
733 2845 907 2909 mechanica
926 2847 1048 2909 remotis
1064 2845 1228 2909 obstaculis
1244 2853 1362 2908 tentare
1381 2843 1510 2924 possit.“

163 2935 305 3016 Opticam
329 2955 415 2998 snam
439 2945 471 2999 ot
492 2936 604 3000 Portae
629 2934 832 2999 testimoninm
854 2953 908 3017 pro
929 2931 1072 3006 ,Galilaeo
1096 2934 1232 3009 adducit,
1257 2941 1369 2997 certum
1393 2941 1509 3006 tenens,

165 3026 395 3089 instrumentum
419 3025 522 3089 confici
545 3043 645 3106 posse,
669 3043 727 3105 quo
750 3029 908 3086 restante
932 3023 1049 3104 majora
1063 3029 1236 3102 appareant,
1261 3029 1404 3104 quantum
1419 3019 1510 3082 Gali-

164 3115 248 3178 laeus
263 3113 386 3176 indicet.
423 3113 502 3176 Hinc
519 3113 630 3176 transit
642 3113 793 3194 Keplerus
811 3112 851 3176 ad
866 3130 912 3186 ea,
933 3130 1008 3192 quae
1024 3109 1181 3174 Galilaeus
1201 3111 1238 3173 de
1253 3111 1379 3173 Lunae
1402 3126 1511 3187 super·

161 3203 227 3264 ficis
242 3220 295 3281 per
318 3203 422 3266 tubum
440 3210 604 3282 conspecta
622 3209 737 3264 namet.
774 3200 922 3274 Maculss,
947 3219 1021 3280 quas
1044 3199 1075 3262 in
1098 3199 1151 3262 illa
1175 3197 1356 3270 observavit,
1381 3196 1511 3259 sinuosis

161 3292 190 3352 in
215 3291 310 3352 Terra
332 3291 470 3364 vallibus,
495 3309 571 3372 quae
594 3290 624 3352 in
647 3288 705 3351 hac
727 3307 840 3370 paucae
865 3297 1048 3368 appareant,
1072 3294 1242 3368 comparat,
1267 3293 1298 3348 et
1320 3305 1387 3348 cum
1409 3285 1510 3346 nullae

160 3379 223 3442 illic
245 3380 307 3442 siut
330 3379 426 3442 vallea
449 3379 566 3460 longae,
591 3379 695 3458 quales
718 3377 748 3440 in
766 3377 862 3440 Terra
885 3377 1061 3458 complures,
1085 3376 1144 3440 imo
1166 3375 1337 3456 pleraeque,
1360 3373 1510 3454 Keplerus

162 3467 280 3530 Lunam
302 3467 474 3547 suspicatur
498 3467 611 3544 „veluti
633 3465 779 3547 pumicem
794 3466 941 3545 quendam
959 3485 1038 3541 esse,
1061 3463 1143 3545 poris
1158 3463 1286 3544 undique
1302 3461 1509 3536 distinctam,“

163 3575 196 3616 se
219 3555 317 3634 ipsum
340 3574 411 3617 vero
435 3555 540 3618 statim
563 3553 701 3636 corrigit,
723 3553 887 3634 respiciens
911 3552 950 3614 ad
973 3572 1024 3628 ea,
1048 3571 1125 3634 quae
1150 3550 1307 3615 Galilaeus
1330 3551 1367 3612 de
1392 3549 1510 3630 „apici-

163 3644 239 3706 bus“
265 3644 364 3718 refert,
390 3644 439 3724 qui
470 3643 631 3706 inLuuari
654 3659 778 3724 corpore
801 3650 984 3721 consurgant
1006 3641 1104 3704 instar
1125 3640 1339 3704 altissimorum
1364 3637 1510 3701 montium

161 3731 300 3796 Telluris.
355 3732 496 3796 Errorem
528 3751 630 3808 suum,
668 3749 755 3812 quem
788 3729 818 3793 in
851 3727 964 3809 Optica
995 3729 1202 3804 commiserat,
1236 3728 1362 3807 ingenue
1395 3726 1509 3788 tatetm

159 3820 326 3901 Keplems‚
350 3822 485 3884 maculas
514 3827 625 3906 putans
648 3839 716 3882 esse
739 3826 861 3894 terram,
885 3819 1001 3881 lucidas
1024 3820 1132 3898 partes'
1151 3835 1219 3878 esse
1242 3815 1349 3877 maria.
1395 3812 1509 3875 Aerem

158 3908 241 3971 circa
267 3927 375 3989 corpus
398 3911 502 3971 Lunae
526 3910 624 3971 fusum
646 3914 728 3971 reete
751 3907 911 3988 probatum
935 3926 1002 3969 esse
1026 3927 1045 3968 a
1069 3903 1208 3968 Galilaeo
1233 3902 1320 3976 dicit,
1346 3901 1507 3980 laudatque

159 3998 277 4060 modum
293 3998 517 4061 demonstratae
532 3995 701 4060 altitudinis
720 3995 862 4058 montium
881 3995 1052 4070 Lunarium,
1075 4009 1194 4072 semper
1216 3991 1257 4054 ad
1278 4009 1316 4052 ea
1334 3988 1508 4070 respiciens,

161 4105 236 4166 quae
261 4087 290 4148 in
315 4083 428 4166 Optica
450 4105 506 4149 sna
527 4087 636 4167 partim
660 4092 763 4160 certa,
786 4083 896 4164 partim
920 4083 1011 4148 dubia
1032 4081 1210 4160 protulerat.

249 4173 487 4238 Observationes
511 4175 706 4237 stellarum
729 4173 901 4250 lixarum,
925 4192 1000 4254 quas
1025 4169 1182 4233 Galilaens
1203 4167 1318 4248 prodit,
1343 4163 1508 4244 Keplerum

158 4263 188 4324 iu
219 4264 297 4324 hanc
321 4262 471 4326 deducunt
492 4262 692 4335 seutentiam,
731 4279 859 4341 „corpus
889 4261 985 4324 nostri
1009 4257 1090 4322 Solis
1122 4253 1336 4320 inoestimabili
1367 4271 1509 4315 mensura

159 4369 228 4413 esse
251 4350 390 4424 lucidius,
412 4369 502 4431 quam
524 4350 680 4413 universas
699 4349 795 4412 lixas“
821 4355 853 4410 et
866 4350 1006 4411 mundum
1030 4351 1166 4409 nostrum
1190 4344 1279 4424 longe
1302 4338 1507 4423 praestantius

158 4457 226 4500 esse
250 4437 387 4500 omnibus
409 4438 469 4500 illis
491 4438 569 4514 fixis,
593 4437 664 4498 hinc
687 4456 758 4517 ergo
782 4437 986 4500 deducendum
1013 4439 1220 4514 argumentum
1252 4439 1358 4494 contra
1379 4429 1508 4494 Jordani

136 4525 250 4590 'Bruni
276 4525 601 4602 „innumerabilitatem
624 4523 829 4590 mundomm.“

247 4613 299 4678 Ao
319 4613 341 4676 J
348 4615 427 4677 oris
451 4615 577 4696 denique
602 4619 760 4693 quatuor
783 4613 980 4676 satellites
1003 4617 1212 4690 transgressus
1235 4605 1384 4687 Keplerus
1408 4605 1507 4668 maxi-

159 4719 238 4764 mam
261 4721 298 4765 ex
320 4702 368 4766 his
395 4702 580 4786 prodituram
604 4707 709 4780 sperat
731 4701 931 4765 astronomiae
954 4697 1134 4772 utilitatem,
1168 4700 1345 4776 argumenta
1377 4713 1415 4756 ax
1446 4693 1508 4757 illis

160 4789 267 4854 deduci
288 4808 379 4870 posse
400 4799 491 4872 putat
511 4809 566 4872 pro
583 4787 741 4869 Oopernici
763 4790 800 4851 de
824 4789 932 4853 mundo
956 4789 1073 4851 ratione
1097 4793 1129 4848 et
1151 4801 1205 4864 pro
1219 4781 1393 4847 harmonica
1406 4781 1508 4850 muudi

1235 4886 1297 4943 20*
