3694 5528
728 315 932 370 ριν-ιω.
1051 321 1054 328 ’
1130 351 1133 364 »
1442 317 1508 386 ore

151 489 327 572 penicillum
356 490 493 557 OAI'BG
521 494 624 573 puncti
648 492 694 570 0,
728 495 781 558 sed
804 495 900 558 solem
923 501 1040 575 partem
1065 493 1272 572 calvolus,
1305 496 1390 577 cujus
1416 498 1508 576 junc-

152 589 221 643 tura
244 581 275 643 in
297 588 384 662 parte
413 582 503 644 lentis
526 583 596 646 ΑΗ.
644 582 780 654 Quilibet
808 584 900 663 igitur
926 585 1077 648 radiorum
1101 588 1178 649 inter
1200 587 1256 660 KI,
1278 584 1338 648 BG
1361 593 1510 649 monstrat

152 676 296 750 punctum
319 671 360 746 Ε,
386 670 493 731 dexter
515 672 663 733 dextrum.
709 671 752 734 lit
774 673 900 751 quilibet
923 673 1072 736 radiorum
1096 674 1175 737 inter
1197 675 1252 748 Al,
1277 673 1339 736 HG
1361 681 1510 737 monstrat

152 765 295 838 punctum
319 756 365 833 0,
399 757 523 820 sinister
555 760 720 822 sinistrum.
767 759 869 831 Quare
892 778 950 842 quo
983 762 1044 824 situ
1066 761 1175 827 AHGI
1199 769 1231 825 et
1252 761 1358 825 XBGI
1381 763 1509 842 penicil-

155 847 249 909 lorum
272 854 377 926 partes
400 847 439 908 ad
463 848 581 910 oculum
613 845 660 910 GI
688 847 874 925 allabuntur,
899 849 1003 911 eodem
1027 845 1087 913 situ
1111 853 1202 914 etiam
1227 849 1252 915 Ο
1276 857 1308 913 et
1330 851 1358 912 Ε
1379 851 1510 914 vertices

154 934 357 1015 penicillorum
382 953 434 996 seu
458 944 571 1015 puncta
592 935 726 998 visibilia
747 955 780 998 re
798 956 872 998 vera
894 936 946 998 siti
970 946 1051 1000 sunt.

242 1023 357 1085 LXXI.
403 1021 627 1103 Propositio.
674 1022 781 1088 Omnis
804 1043 859 1106 per
885 1044 1037 1088 convexas
1067 1028 1165 1090 lentes
1196 1033 1298 1090 erecta
1330 1045 1509 1108 repraesen-

154 1111 230 1174 tatio
258 1119 426 1173 erectorum
459 1111 621 1176 visibilium
654 1113 881 1194 longinquorum
905 1121 953 1176 est
980 1116 1152 1178 necessario
1186 1116 1332 1178 confusa:
1365 1123 1398 1179 et
1423 1123 1510 1178 tanto

154 1199 314 1274 confusior,
340 1207 452 1281 quanto
475 1201 540 1263 lens
564 1219 700 1264 convexa
724 1202 763 1264 ab
785 1203 872 1265 oculo
896 1203 1050 1266 remotior.
1551 1209 1554 1214 '

242 1288 322 1351 Nam
344 1307 398 1369 per
420 1288 590 1368 superiores
615 1309 633 1351 a
655 1289 807 1354 XXXIV.
839 1292 869 1353 in
901 1291 970 1354 XL.
1003 1291 1234 1371 uniuscujusque
1266 1291 1370 1371 puncti
1404 1291 1441 1354 de
1476 1311 1510 1354 re

157 1376 225 1438 visa
247 1376 410 1458 longinqua
433 1377 488 1449 (sit
511 1378 541 1438 in
573 1376 665 1457 priori
696 1379 849 1441 schemate
879 1379 982 1460 puncti
1007 1377 1048 1455 C)
1071 1380 1148 1444 radii
1173 1377 1243 1456 CA,
1269 1379 1325 1443 GH
1349 1388 1381 1441 et
1403 1379 1511 1460 reliqui

155 1464 294 1544 parelleli
319 1466 387 1544 (per
409 1464 531 1540 XXII.)
554 1485 648 1547 usqne
671 1469 709 1530 ad
732 1467 843 1530 lentem
866 1485 1040 1543 convexam,
1064 1475 1144 1549 post,
1169 1468 1350 1530 refractione
1373 1469 1456 1530 iacta
1480 1469 1527 1529 in·

158 1555 241 1616 lente
264 1573 409 1628 convexa,
439 1555 502 1634 jam
526 1575 632 1618 versus
656 1555 773 1618 oculum
796 1555 843 1618 IG
866 1565 1058 1635 convergunt.
1106 1556 1151 1618 At
1178 1575 1232 1636 per
1255 1557 1356 1618 LXV.
1381 1575 1510 1618 conver-

157 1641 299 1721 gentibus
331 1641 424 1705 radiis
458 1643 545 1704 unius
576 1644 680 1724 puncti
709 1644 748 1705 ad
781 1646 916 1719 oculum,
945 1643 1131 1724 impossibile
1162 1651 1210 1707 est
1240 1644 1416 1708 distinctam
1449 1644 1512 1706 lieri

155 1729 311 1791 visionem.
360 1728 492 1810 Cumque
524 1733 738 1811 convergentia
760 1733 802 1794 sit
825 1753 917 1795 causa
948 1732 1147 1810 confusionis,
1180 1733 1276 1812 major
1299 1733 1513 1814 converguntia

156 1818 215 1880 erit
247 1817 371 1897 majoris
404 1820 588 1882 confusionis
621 1840 721 1882 causa.
769 1822 870 1902 Major
900 1827 1001 1884 antem
1030 1829 1080 1884 est
1108 1821 1323 1900 convergentia
1344 1821 1375 1883 in
1405 1821 1513 1901 majori

155 1913 244 1985 parte
267 1905 399 1986 peniciili
423 1907 461 1968 ab
486 1909 571 1971 oculo
595 1909 773 1989 intercepta,
798 1929 865 1973 cum
883 1909 1002 1972 scilieet
1026 1911 1129 1973 oculus
1152 1917 1200 1972 est
1220 1911 1334 1973 alente
1358 1909 1511 1972 remotior.

157 1994 259 2074 Major
281 1995 372 2074 igitur
387 2002 420 2056 et
433 1998 568 2060 confusio
588 1999 646 2060 erit
660 2006 778 2060 erectae
801 1998 935 2073 visionis,
960 1999 987 2061 si
1003 1998 1068 2060 lens
1083 2000 1121 2062 ab
1136 1999 1227 2062 oculo.
1246 1998 1388 2062 remotior
1411 1999 1511 2061 fuerit.

244 2083 376 2145 LXXII.
425 2084 649 2165 Propositio.
696 2086 809 2166 Aliqua
831 2106 886 2167 per
908 2105 1059 2150 convexas
1083 2087 1181 2150 lentes
1204 2094 1309 2150 erecta
1331 2105 1512 2168 repraesen-

157 2170 235 2232 tatio
257 2169 419 2234 visibilium
441 2175 674 2256 propinquorum
697 2183 747 2237 est
767 2195 828 2246 τοις
851 2177 1032 2256 reproperata
1054 2177 1208 2239 distincta.

244 2259 412 2340 Presbytae
445 2262 582 2325 dicuntur
604 2263 781 2338 Aristoteli,
817 2265 875 2344 qui,
904 2283 970 2326 cum
993 2272 1111 2328 remota
1133 2263 1277 2326 distincte
1309 2260 1444 2333 videant,
1475 2261 1513 2322 ad

155 2345 323 2427 pronisque
344 2356 416 2410 sunt
438 2349 572 2426 lusciosi,
599 2359 633 2414 nt
655 2351 771 2416 LXIV.
818 2353 902 2415 Talis
930 2354 1022 2436 igitur
1050 2353 1157 2435 aliquia
1180 2370 1235 2432 per
1256 2351 1378 2415 XXIII.
1409 2350 1512 2411 oculos

157 2436 322 2498 assuefecit
344 2435 384 2498 ad
406 2437 508 2500 radios
531 2433 760 2521 uniuscujusque
783 2441 886 2520 puncti
909 2441 1082 2520 parallelos.
1120 2442 1191 2504 Jam
1213 2458 1286 2502 vero
1308 2458 1363 2520 per
1375 2437 1511 2500 XXXV.

157 2531 191 2584 st
212 2523 363 2588 xxxix.
383 2533 435 2588 est
458 2526 579 2607 aliquod
602 2536 745 2608 punctum
768 2537 853 2590 trans
882 2531 994 2591 lentem
1018 2549 1070 2592 seu
1098 2528 1318 2610 perspicillum,
1351 2528 1381 2588 in
1406 2545 1463 2606 qno
1488 2526 1515 2586 si

158 2619 301 2694 punctum
331 2612 375 2675 rei
407 2614 537 2678 visibilis
567 2623 710 2696 ponatur,
743 2615 821 2679 radii
852 2617 932 2680 illins
965 2617 1069 2699 puncti
1100 2617 1231 2681 transita
1260 2617 1340 2678 lente
1375 2611 1515 2694 paralleli

159 2700 304 2763 incedunt
333 2719 440 2764 versus
473 2704 601 2766 oculum.
648 2705 804 2768 Distincta
832 2706 925 2785 igitur
956 2713 1204 2787 repraesentatur
1226 2703 1287 2768 illis
1310 2723 1359 2766 res
1386 2702 1515 2764 visibilis

157 2804 214 2870 per
237 2785 358 2850 lentium·
371 2807 546 2856 convexam.

248 2875 291 2938 Et
313 2883 394 2954 nota,
419 2878 638 2943 demonstratio
663 2881 768 2944 definit
789 2881 901 2944 limites
925 2899 1023 2945 rerum
1047 2881 1207 2944 subtiliter.
1244 2880 1363 2944 Natura
1385 2896 1457 2954 vero
1471 2878 1516 2940 cis

160 2974 193 3027 et
215 2966 297 3028 nltra
319 2974 466 3045 evagatur
488 2969 571 3032 nullo
586 2987 696 3048 magno
719 2969 845 3032 visionis
870 2970 1067 3044 incommodo,
1091 2971 1149 3032 nisi
1164 2989 1231 3032 cum
1248 2969 1339 3031 nimio
1358 2975 1515 3047 evagatur.

249 3053 399 3117 LXXIII.
455 3057 684 3137 Propositio.
742 3057 856 3121 Oculus
889 3059 919 3120 in
955 3067 1067 3139 puncto
1105 3077 1267 3121 concursus
1303 3056 1516 3137 parallelorum

158 3143 326 3206 collocatus
350 3143 433 3205 videt
455 3147 622 3227 propinqua
645 3147 742 3209 adhuc
766 3155 877 3210 erecta.

248 3232 328 3295 Nam
366 3233 468 3295 oculus
505 3235 672 3298 collocatus
704 3235 734 3298 in
766 3243 878 3316 puncto
914 3252 1078 3296 concursus
1114 3233 1328 3313 parallelorum
1365 3231 1437 3304 (hoc
1469 3239 1518 3292 est

158 3321 341 3383 venientium
374 3341 393 3382 a
423 3329 536 3400 puncto
569 3329 685 3386 remoto
718 3332 749 3387 et
781 3317 941 3405 longinquo
974 3340 1027 3401 per
1055 3321 1194 3397 XXIII.)
1227 3331 1275 3384 est
1306 3320 1402 3382 adbuc
1435 3318 1516 3382 iutra

158 3409 304 3472 terminos
337 3427 498 3472 concursus
530 3412 680 3474 radiomm
713 3415 816 3492 puncti
850 3411 977 3473 visibilis
1010 3411 1167 3493 propinqui
1201 3429 1256 3492 per
1278 3409 1368 3472 XLI.
1415 3407 1516 3479 Quare

159 3515 213 3577 per
236 3497 335 3562 LXX.
360 3498 478 3560 visibile
503 3500 600 3562 adbuc
624 3507 756 3562 erectum
779 3499 1067 3580 repraesentabitur.

250 3584 400 3648 LXXIV.
439 3587 671 3667 Propositio.
710 3588 823 3652 Oculus
843 3589 872 3651 in
890 3596 1001 3669 puncto
1021 3607 1182 3651 concursus
1200 3587 1351 3648 ra'diorum
1374 3590 1517 3663 apnnete

161 3671 206 3734 rei
229 3673 422 3737 defluentium
452 3677 634 3740 constitutus
663 3687 805 3758 punctum
829 3679 903 3740 illud
932 3677 1054 3740 radians
1076 3695 1131 3757 per
1154 3677 1265 3738 lentem
1293 3673 1435 3736 distincte
1459 3689 1516 3732 non

162 3761 257 3834 videt,
282 3762 336 3822 sed
359 3762 488 3825 omnium
511 3765 731 3830 confusissime.

250 3849 330 3912 Nam
354 3851 430 3912 radii
454 3852 540 3917 unius
573 3855 676 3933 puncti
707 3854 890 3917 refractione
913 3853 1047 3916 inlente
1079 3851 1163 3914 lacta
1194 3853 1378 3928 convergunt
1410 3865 1515 3908 versus

160 3945 304 4019 punctum
326 3957 497 4004 concursus.
545 3941 578 4006 Si
603 3961 674 4023 ergo
699 3944 801 4006 oculus
825 3943 853 4004 in
878 3950 990 4022 puncto
1014 3959 1190 4014 concursus,
1216 3942 1402 4015 convergunt
1424 3933 1518 4013 igitur

160 4046 267 4089 versus
301 4028 427 4089 oculum.
475 4029 519 4092 At
544 4049 598 4112 per
624 4032 725 4094 LXV.
759 4030 1009 4110 convergentibns
1044 4029 1109 4103 bis,
1144 4029 1213 4088 lons
1241 4034 1273 4087 et
1300 4025 1384 4104 origo
1414 4041 1517 4084 eornm

163 4115 308 4178 distincte
341 4135 400 4178 non
434 4116 562 4181 videtur.
616 4117 749 4201 Cumque
781 4121 914 4182 maxima
945 4119 986 4180 sit
1016 4115 1231 4196 convergentia
1262 4113 1292 4175 in
1323 4113 1374 4175 illo
1407 4120 1519 4191 puncto

161 4205 292 4267 omnium
316 4223 427 4281 earum,
452 4225 527 4287 qnae
551 4227 717 4289 perunum
740 4209 852 4271 lentem
872 4225 940 4269 esse
963 4213 1101 4286 possunt,
1126 4202 1261 4267 confusio
1285 4201 1378 4281 igitur
1395 4200 1454 4261 erit
1476 4198 1518 4260 ibi

162 4293 293 4355 maxima
316 4294 456 4356 omnium.

250 4381 381 4444 LXXV.
428 4383 654 4463 Propositio.
702 4383 816 4447 Oculus
849 4383 1032 4446 constitutus
1061 4387 1148 4443 extra
1178 4385 1338 4460 punctum,
1371 4377 1410 4438 ad
1442 4376 1520 4456 quod

163 4478 343 4533 concurmnt
366 4471 452 4533 nnius
476 4471 605 4533 visibilis
626 4473 729 4552 puncti
748 4473 834 4549 radii,
858 4473 942 4533 videt
961 4471 1041 4533 illins
1061 4469 1188 4542 visibilis
1212 4475 1326 4547 puncta
1339 4485 1394 4546 per
1407 4466 1520 4528 lentem

163 4575 327 4620 convexam
351 4577 457 4622 everso
481 4559 551 4622 situ.

252 4646 321 4708 Non
354 4645 420 4709 dico
454 4648 533 4727 quod
560 4648 590 4709 in
624 4666 798 4730 quacunque
829 4647 1021 4728 elongatione
1049 4668 1069 4708 a
1095 4651 1206 4725 puncto
1238 4661 1401 4706 concursus
1433 4643 1521 4704 unius

165 4733 267 4811 puncti
289 4735 439 4797 radiorum
467 4737 571 4798 videat
599 4743 696 4798 toturn
722 4736 840 4800 visibile
869 4755 1017 4799 eversum.
1063 4735 1143 4797 Nam
1165 4742 1200 4796 ut
1226 4750 1367 4812 magnam
1390 4729 1519 4793 visibilis
