3674 5538
757 273 839 340 capa
860 273 905 326 ιιι.
925 273 949 324 a.
1467 271 1526 342 167

174 445 273 510 visum
294 446 327 512 in
357 448 482 528 plagam
512 449 691 530 oppositam.
740 447 816 512 (ium
849 451 926 514 enim
956 451 985 512 iu
1019 451 1164 530 superiori
1196 451 1350 514 schemate
1373 454 1399 514 B
1424 452 1528 516 oculus

176 536 215 598 ad
236 535 361 615 plagam
384 537 443 598 BD
466 546 658 601 convertatur
681 557 735 600 nec
758 539 856 617 possit
878 557 1085 618 repercussum
1109 537 1183 601 radii
1202 540 1288 602 ADB
1312 541 1340 602 in
1359 541 1389 602 D
1413 542 1527 604 iactum

177 623 395 703 persentiscere
421 624 513 704 (Cap.
538 629 594 700 ΙΙΙ,
621 625 672 700 2),
697 626 786 689 situm
810 646 880 706 ergo
905 628 946 688 rei
976 627 1005 690 in
1030 628 1059 689 A
1088 627 1271 705 imaginatur
1297 628 1354 690 sibi
1377 628 1406 690 in
1435 631 1528 709 plaga

176 712 398 798 BD,„scilicet
421 713 450 774 in
474 714 520 774 E:
553 716 598 776 ita
624 715 722 794 imago
747 737 766 778 a
787 735 820 779 re
843 736 899 778 sua
931 735 1025 778 causa
1052 717 1109 778 loci
1142 713 1303 778 divellitur.
1350 718 1433 780 Idem
1461 727 1527 780 esto

172 799 318 880 judicium
342 800 374 862 in
397 801 587 866 refractione.
634 803 711 866 Nam
737 802 794 865 etsi
823 803 872 866 hic
903 805 1012 885 plagae
1036 823 1095 866 nou
1127 811 1336 883 permutantur
1367 806 1525 885 oppositis,

177 887 363 950 sensibiliter
385 897 486 952 tamen
511 891 660 954 differunt.
1580 897 1583 902 '

261 977 436 1056 Propositio
461 978 501 1042 V.
548 980 679 1042 Rursum
704 997 769 1041 curn
794 979 869 1041 visio
894 979 935 1040 sit
967 980 1070 1059 passio
1090 989 1126 1064 ιι
1152 978 1254 1058 passio
1278 979 1319 1039 sit
1350 979 1429 1042 inter
1451 999 1526 1042 cou-

176 1064 278 1138 traria,
305 1082 430 1144 qnorum
453 1076 502 1129 est
525 1069 603 1130 idem
626 1085 733 1147 genus,
760 1075 993 1129 cousentaneum
1017 1077 1079 1142 est,
1109 1085 1301 1147 quaecunque
1330 1085 1427 1129 rerum
1450 1068 1528 1129 visi-

176 1152 278 1214 bilium
302 1153 480 1216 affectiones
503 1166 573 1220 snut
592 1157 677 1218 oculo
701 1175 872 1218 communes
895 1157 1012 1218 ratione
1027 1157 1159 1234 ejusdem
1179 1155 1305 1236 generis,
1332 1174 1434 1218 omnes
1456 1155 1526 1217 illas

176 1241 214 1302 ab
237 1242 325 1304 oculo
349 1243 566 1320 quadamtenus
591 1245 713 1326 percipi,
739 1244 950 1325 adjuvantibus
974 1243 1169 1306 facultatibus
1194 1243 1310 1304 visoriis
1326 1251 1357 1306 et
1375 1245 1525 1308 mediante

176 1329 228 1390 illa
249 1329 418 1394 affectione.
1537 1357 1542 1362 ·

261 1417 435 1496 Propositio
459 1419 516 1482 Vl.
562 1418 694 1482 Primum
718 1419 821 1482 oculus
845 1428 966 1482 constat
989 1419 1161 1482 humoribus
1183 1419 1357 1497 pellucidis:
1382 1419 1439 1482 hoc
1463 1419 1525 1482 ita·

177 1523 232 1586 que
256 1517 397 1584 respectu
422 1507 496 1570 lucis
520 1517 552 1570 et
575 1509 704 1570 colorum
729 1527 827 1588 capax
850 1516 907 1570 est.
954 1509 1034 1570 Vide
1058 1509 1116 1582 III,
1140 1502 1192 1569 59.
1218 1507 1399 1570 Vitellianis.

146 1665 152 1674 ,
263 1591 531 1673 Propositio'VIl.
578 1598 695 1659 Deinde
718 1597 812 1676 ligura
837 1597 902 1675 ejus
925 1597 1055 1658 rotunda
1079 1605 1127 1657 est
1156 1613 1250 1675 eaque
1274 1596 1358 1657 varia
1382 1596 1410 1656 in
1434 1596 1525 1658 variis

177 1679 288 1742 tunicis
310 1690 342 1744 et
364 1683 538 1746 humoribus
560 1686 642 1747 intus
665 1693 697 1746 et
720 1692 816 1746 extra.
862 1685 993 1747 Mundus
1017 1703 1087 1746 vero
1110 1683 1158 1745 hic
1187 1683 1382 1763 aspectabilis
1407 1685 1524 1762 etipse

176 1788 325 1832 concavus
358 1779 389 1832 et
421 1773 565 1834 rotundus
595 1781 661 1847 est,
696 1781 727 1834 et
758 1772 896 1852 quioquid
926 1773 962 1833 de
994 1773 1214 1854 hemisphaerio
1247 1780 1300 1834 aut
1330 1791 1365 1834 eo
1397 1772 1525 1854 amplius

177 1857 324 1920 intuemur
347 1878 406 1921 uno
430 1859 548 1934 obtutu,
574 1862 604 1923 id
627 1881 698 1941 pars
723 1871 770 1922 est
794 1861 881 1940 hujus
909 1861 1114 1924 rotunditatis.
1164 1859 1408 1924 Consentaneum
1435 1861 1527 1940 igitur

177 1955 233 2019 est,
261 1947 488 2026 proportionem
521 1950 704 2028 singularum
736 1968 833 2010 rernm
858 1951 897 2012 ad
924 1957 1021 2012 totum
1054 1949 1303 2029 hemisphaerium
1331 1949 1483 2011 aestimavi
1508 1970 1527 2009 a

175 2033 240 2095 vien
262 2035 459 2115 proportione
487 2036 598 2116 speciei
628 2039 783 2118 ingressae
808 2039 847 2100 ad
876 2037 1127 2117 hemisphaerium
1151 2037 1237 2098 oculi.
1283 2037 1383 2116 Atque
1405 2037 1454 2098 hic
1479 2045 1526 2097 est

175 2122 263 2201 vulgo
287 2123 387 2186 dictus
419 2127 547 2204 angulus
576 2125 706 2188 visorins
730 2145 783 2188 seu
812 2135 918 2188 vertex
947 2127 1112 2208 pyramidis
1143 2125 1273 2188 visoriae
1297 2127 1377 2188 intra
1400 2125 1524 2198 oculum,

175 2211 258 2289 cujus
286 2211 425 2274 basisiu
450 2213 581 2293 reipsa.
627 2213 741 2276 Oculus
774 2213 905 2276 enimin
937 2235 995 2277 nno
1027 2214 1161 2296 quolibet
1192 2215 1298 2277 obtutu
1326 2213 1360 2275 lit
1392 2221 1525 2274 centrum

174 2298 386 2378 hemisphaerii
413 2301 618 2379 aspectabilis.
658 2304 724 2364 Hac
748 2321 819 2382 ergo
843 2304 997 2384 superficie
1021 2303 1212 2365 instrumenti
1227 2303 1274 2366 sui
1292 2301 1385 2375 (sitne
1408 2302 1527 2362 interna

174 2405 211 2449 au
234 2395 362 2450 externa
386 2389 466 2450 infra
480 2390 509 2450 in
533 2391 771 2453 consideratione
791 2391 869 2454 oculi
893 2392 1023 2466 dicetur)
1048 2393 1143 2454 fretus
1158 2391 1239 2452 visus
1255 2389 1378 2451 metitur
1397 2390 1524 2468 angulos

173 2474 327 2538 visionum.
373 2475 454 2538 Nam
487 2479 623 2557 quamvis
655 2498 759 2541 omnes
787 2479 888 2557 anguli
918 2479 1006 2542 solidi
1031 2481 1059 2542 in
1090 2487 1201 2560 puncto
1234 2478 1341 2553 insint,
1376 2478 1454 2558 quod
1478 2487 1527 2538 est
1595 2491 1601 2502 ·

173 2571 308 2626 centrum
333 2572 387 2626 aut
411 2565 489 2627 oculi
513 2575 567 2628 aut
589 2567 655 2646 ejus
679 2574 780 2629 certae
805 2567 932 2646 alicujus
964 2568 1098 2642 tunicae,
1129 2574 1280 2648 nequeunt
1303 2575 1402 2628 tamen
1427 2565 1471 2628 illi
1494 2565 1524 2626 in

171 2659 280 2730 puncto
306 2653 456 2716 discerni:
481 2655 641 2734 requiritur
663 2655 755 2730 igitur
778 2655 958 2731 superficies,
984 2675 1042 2735 qua
1061 2655 1188 2718 solidum
1207 2655 1348 2733 angulum
1372 2654 1522 2728 metiatur,

172 2748 203 2801 ut
223 2749 314 2818 patet
336 2759 375 2802 ex
398 2743 598 2821 geometricis.
645 2743 766 2806 Sufficit
790 2743 879 2830 igitur
902 2744 968 2823 ipsa
991 2744 1069 2805 oculi
1092 2745 1187 2821 ligura
1215 2742 1358 2816 rotunda,
1390 2750 1424 2802 ut
1446 2742 1524 2803 inter

171 2828 319 2908 principia
342 2830 484 2892 crassiori
507 2831 648 2894 Minerva
671 2832 813 2908 sciamus,
838 2833 953 2920 oculum
977 2851 1097 2894 sensum
1112 2831 1222 2894 habere
1246 2824 1523 2912 angulorum'apnd

170 2935 202 2978 se
225 2917 470 2981 constitutomm.

259 3005 433 3084 Propositio
458 3007 545 3069 VIII.
593 3008 710 3082 Tertio,
734 3026 800 3071 cnm
823 3006 886 3068 sint
908 3006 1033 3086 singulis
1062 3005 1263 3069 animantibus
1287 3025 1306 3066 a
1328 3011 1437 3066 natura
1461 3005 1524 3066 dati

172 3092 232 3154 bini
256 3093 354 3166 oculi,
388 3113 462 3174 quos
494 3095 645 3158 interest
677 3096 779 3175 aliqua
810 3095 972 3170 distantia,
1003 3096 1060 3156 hoc
1093 3092 1272 3156 adminiculo
1306 3112 1412 3155 sensus
1439 3093 1523 3154 visus

171 3181 342 3243 rectissime
366 3183 460 3245 utitur
483 3185 521 3244 nd
550 3184 732 3261 judicandas
764 3184 925 3245 visibilium
958 3183 1136 3256 distantias,
1167 3183 1325 3244 dummodo
1349 3181 1523 3244 sensibilem

172 3269 284 3332 habeat
307 3269 454 3332 distantia
477 3271 530 3335 illa
552 3271 774 3352 proportionem
789 3272 826 3332 ad
851 3271 1028 3334 distantiam
1052 3271 1213 3334 oculomm.
1252 3271 1331 3332 Nam
1345 3271 1371 3332 si
1384 3269 1523 3332 immanis

172 3375 317 3419 excessus
340 3357 400 3432 sit,
434 3377 492 3420 nou
516 3359 606 3422 aliter
633 3360 781 3422 distantia
808 3359 861 3421 illa
892 3359 1169 3440 comprehenditur,
1203 3377 1292 3440 quam
1315 3359 1439 3439 quaevis
1463 3359 1524 3420 alia

172 3445 296 3508 infinitis
320 3446 457 3525 partibus
481 3450 586 3528 major.
633 3448 691 3510 Est
713 3449 791 3510 enirn
819 3448 866 3509 hio
889 3450 978 3527 plane
1003 3447 1145 3526 trianguli
1174 3447 1354 3526 geometria,
1387 3453 1421 3510 nt
1443 3447 1522 3508 infra

171 3534 206 3594 de
229 3535 439 3613 parallaxibns
468 3537 620 3616 copiosius
648 3537 824 3598 disseretur.
871 3536 962 3599 Datis
989 3537 1067 3597 enim
1097 3537 1210 3597 duobus
1239 3535 1522 3614 augulistriauguli

171 3641 236 3684 cam
260 3623 422 3700 iuterjeotc
451 3624 546 3687 latere
577 3625 686 3686 dantur
709 3626 807 3688 latera
829 3625 954 3704 reliqua.
1003 3625 1036 3685 ln
1060 3621 1173 3684 visione
1197 3631 1282 3684 tenet
1309 3641 1415 3684 sensus
1439 3641 1523 3683 com-

171 3711 266 3772 munis
291 3711 444 3773 oculorum
468 3731 586 3774 suorum
611 3712 786 3774 distantiam
811 3731 848 3773 ex
872 3711 1109 3785 assuefactione,
1134 3712 1260 3790 angulos
1284 3727 1354 3770 vero
1379 3710 1416 3769 ud
1441 3710 1522 3771 illam

172 3797 349 3860 distantiam
383 3807 472 3862 notat
502 3819 539 3861 ex
572 3819 662 3864 sensu
694 3801 891 3862 contortionis
924 3802 1083 3862 oculomm.
1134 3798 1181 3860 Re
1215 3798 1292 3859 enim
1326 3796 1401 3858 adeo
1434 3798 1522 3874 longe

171 3893 296 3958 remota,
320 3894 354 3948 ut
377 3897 542 3951 evanescat
565 3889 604 3950 ad
627 3907 694 3950 eam
722 3897 897 3969 comparata
925 3889 1062 3950 binorum
1092 3885 1243 3948 oculorum
1268 3885 1422 3969 distantia,
1449 3903 1522 3946 axes
1613 3925 1622 3933 .

171 3976 321 4038 oculorum
346 3977 561 4054 propemodum
582 3977 721 4056 paralleli
746 3978 923 4056 diriguntur.
972 3975 1039 4047 Quo
1063 3991 1134 4036 vero
1158 3992 1206 4034 res
1229 3972 1351 4054 propior
1374 3973 1441 4046 erit,
1466 3971 1522 4032 hoc

171 4063 266 4142 magis
289 4064 369 4126 oculi
392 4064 676 4146 contorquebantur.

255 4151 327 4213 Etsi
350 4150 443 4230 igitur
465 4153 495 4214 in
519 4153 687 4234 catoptrioa
709 4171 766 4214 uon
796 4159 914 4214 tantum
942 4160 1012 4213 tunc
1037 4151 1073 4210 de
1097 4148 1163 4210 loco
1192 4146 1332 4227 imaginis
1362 4145 1522 4208 statuimus

172 4257 234 4302 num
253 4241 340 4302 binos
370 4241 549 4304 adhibemus
573 4241 692 4310 oculos,
722 4241 892 4303 sedetiam
920 4248 992 4301 tnnc
1022 4255 1088 4300 cum
1111 4255 1170 4317 uno
1194 4237 1259 4298 solo
1289 4235 1416 4298 utimur:
1447 4234 1522 4295 haec

173 4335 269 4392 lemen
299 4329 468 4392 distantias
501 4327 697 4410 dignoscendi
728 4328 859 4390 facultas
891 4328 1017 4407 primum
1042 4346 1060 4388 a
1084 4325 1230 4386 societate
1253 4324 1310 4385 hac
1333 4324 1413 4385 inter
1434 4323 1521 4383 binos

173 4417 268 4480 oculos
300 4423 387 4491 crta,
421 4423 533 4494 postea
555 4417 584 4478 in
613 4417 782 4495 singulares
814 4416 905 4477 etiam
939 4415 1042 4478 oculos
1074 4413 1227 4474 derivatur
1254 4430 1308 4490 per
1339 4410 1416 4474 alias
1444 4409 1522 4472 oculi

170 4505 374 4658 mathim
389 4592 473 4654 sicut
487 4559 578 4654 antea
601 4590 824 4672 proportionem
833 4571 882 4652 rei
897 4591 936 4650 ad
960 4588 1211 4666 hemisphaerium
1227 4586 1287 4648 dixi
1311 4585 1522 4665 comprehendi

164 4685 199 4748 ab
220 4687 307 4750 oculo
333 4681 500 4757 (crassiori
523 4689 555 4742 et
577 4679 727 4742 usitatiori
752 4678 981 4757 imaginatione,
1011 4695 1099 4754 quam
1122 4675 1200 4744 iufra
1223 4691 1288 4751 cap.
1314 4673 1344 4736 5.
1370 4674 1521 4746 evolvam)

159 4793 210 4855 per
231 4775 366 4839 solidam
391 4768 575 4850 pyramide,
598 4769 682 4848 cnjus
706 4767 806 4830 estin
830 4765 909 4827 oculi
931 4771 1042 4844 puncto
1066 4770 1190 4836 vertex,
1219 4761 1248 4824 iu
1273 4781 1304 4824 re
1327 4762 1395 4823 visa
1417 4761 1521 4824 basis:
