3718 5528
324 265 391 333 332
817 265 988 322 &benonim
1005 259 1066 315 Pare
1083 263 1186 328 Optloa

326 445 498 524 speculator
519 444 644 514 futurus,
670 442 700 502 in
724 443 788 520 ejus
811 439 975 502 meditullio
1000 457 1054 500 ceu
1076 441 1106 500 in
1130 440 1233 501 clauso
1262 437 1396 500 eubiculo
1428 434 1607 506 resideret;
1638 445 1695 512 quo

324 533 413 594 modo
446 533 484 592 ad
517 529 798 610 contemplationem
824 537 887 590 tam
920 538 1101 592 remotorum
1135 527 1265 589 sidemm
1296 543 1449 606 nunquam
1484 519 1696 603 pervenisset,

326 623 396 704 quin
419 621 518 701 potius
541 619 570 680 in
595 619 651 680 hoc
674 619 856 699 amplissimo
881 617 1031 691 aedificio,
1061 617 1263 679 translatione
1288 635 1386 676 annua
1408 613 1567 687 Telluris,
1594 609 1696 670 domi·

325 709 387 773 eilii
410 709 464 783 sui,
490 708 736 770 circumambulat
758 716 790 769 et
804 708 962 788 spatiatur,
988 715 1022 768 ut
1036 707 1154 786 singula
1173 708 1278 768 domus
1299 703 1432 766 membra
1460 708 1555 764 tanto
1581 698 1697 762 rectius

325 798 434 862 intueri
458 805 490 858 et
512 794 640 858 dimetiri
663 797 770 877 possit.
818 797 923 860 Simile
948 795 1018 877 quid
1042 813 1091 857 ars
1115 795 1300 876 geometrica
1323 793 1350 855 in
1373 791 1579 854 dimetiendis
1604 788 1697 850 rebus

325 886 488 950 inaccessis
512 885 656 948 imitatur.
701 885 771 948 Nisi
794 887 872 947 enim
904 904 1024 948 mensor
1047 885 1086 946 ab
1110 904 1169 946 una
1201 884 1334 946 statione
1358 882 1398 943 ad
1421 881 1522 944 aliam
1553 885 1698 941 transeat

326 984 358 1037 et
381 975 515 1055 utrinque
540 974 682 1048 collinet,
707 975 747 1036 ad
769 994 939 1037 mensuram
962 974 1128 1054 expetitam
1152 975 1308 1052 pervenire
1331 991 1390 1033 non
1413 976 1537 1050 potest.

412 1066 449 1127 In
472 1064 587 1125 ratione
602 1063 774 1144 Tycbonica
796 1065 839 1125 sit
852 1066 882 1125 A
896 1065 999 1131 Terra,
1023 1071 1158 1125 centrum
1173 1060 1226 1124 BC
1250 1062 1332 1123 orbis
1352 1061 1432 1122 Solis
1449 1067 1484 1120 at
1501 1057 1563 1118 DF
1578 1055 1696 1136 sphae-

326 1173 377 1218 rae
401 1155 535 1214 fixarum.
583 1151 674 1214 Sidus
698 1153 792 1216 sitin
816 1151 860 1227 G,
896 1162 928 1214 at
949 1150 1103 1232 proportio
1126 1151 1217 1213 trium
1240 1151 1385 1212 linearum
1409 1149 1489 1222 BA,
1518 1144 1600 1219 AG,
1627 1141 1696 1216 AB,

325 1242 486 1304 sensibilis.
521 1239 591 1303 Sint
608 1241 703 1321 primo
726 1241 757 1302 A
776 1241 879 1315 Terra,
905 1239 929 1303 Ο
952 1241 1014 1316 Sol,
1041 1239 1174 1302 Gsidus
1198 1240 1226 1301 iu
1251 1239 1358 1300 eadem
1381 1247 1478 1312 recta,
1509 1232 1696 1315 eritparal-

325 1331 402 1395 laxis
425 1332 516 1403 nulla,
542 1331 612 1410 quia
636 1328 694 1393 OG
718 1338 749 1391 et
771 1329 842 1405 AG,
869 1330 965 1392 lineae
989 1349 1027 1391 ex
1043 1329 1114 1392 Sole
1134 1337 1166 1391 et
1183 1329 1278 1391 Terra
1297 1328 1325 1389 in
1346 1327 1428 1389 sidus
1450 1327 1581 1397 ductae,
1610 1321 1695 1384 coin-

326 1420 436 1482 cident.
474 1418 524 1480 Sit
542 1420 608 1497 jam
632 1417 686 1481 Sol
709 1437 767 1480 non
791 1419 820 1481 in
841 1417 866 1480 O
891 1421 944 1480 sed
968 1421 999 1481 in
1022 1419 1057 1494 B,
1084 1425 1115 1480 et
1139 1418 1218 1480 linea
1240 1417 1297 1480 AB
1321 1423 1472 1478 monstret
1497 1411 1530 1474 in
1548 1413 1580 1474 D
1596 1411 1695 1474 locum

328 1507 410 1572 Solis
433 1507 488 1570 sub
512 1507 587 1570 fixis.
632 1507 676 1569 Et
699 1509 768 1587 quia
791 1507 845 1570 Sol
868 1507 897 1570 in
920 1507 956 1582 B,
982 1507 1012 1569 id
1035 1515 1177 1587 puuctum
1200 1515 1262 1582 est,
1293 1507 1332 1568 ad
1357 1505 1435 1586 quod
1459 1503 1574 1586 Tycho
1600 1499 1697 1563 refert

327 1597 570 1661 ecoentricitates
594 1603 626 1658 et
649 1615 785 1677 apogaea
807 1606 963 1678 motusque
983 1597 1134 1676 simplices
1150 1596 1265 1658 orbium
1283 1595 1485 1678 planetarum,
1514 1591 1697 1654 innotescat

328 1705 400 1767 ergo
425 1705 472 1756 ,ex
499 1685 698 1762 astronomia,
733 1693 861 1765 quantus
894 1688 936 1749 sit
968 1687 1095 1765 angulus
1118 1683 1208 1748 DBG
1235 1685 1314 1748 inter
1337 1683 1447 1746 lineam
1471 1703 1515 1746 ex
1539 1679 1617 1744 Sole
1642 1695 1697 1758 per

327 1776 452 1838 Terram
476 1780 508 1836 et
530 1775 639 1836 lineam
664 1794 702 1834 ex
722 1774 793 1837 Sole
817 1794 871 1856 per
889 1777 988 1850 sidns;
1012 1775 1101 1836 etad
1120 1775 1267 1855 idipsum
1285 1782 1468 1836 momentum
1493 1789 1554 1852 per
1574 1770 1695 1830 instru-

327 1871 430 1928 menta
462 1863 632 1925 innotescat
660 1863 688 1926 Ε
717 1864 800 1926 locus
832 1865 940 1927 sideris
964 1864 993 1926 G
1017 1865 1072 1925 sub
1105 1864 1191 1938 liris,
1225 1862 1275 1945 qui
1307 1883 1345 1925 ex
1372 1863 1466 1923 Terra
1490 1863 1525 1922 A
1551 1863 1695 1939 apparet,

328 1953 488 2016 habebitur
511 1970 583 2032 ergo
615 1971 702 2015 arces
735 1953 813 2016 inter
835 1954 864 2016 D
889 1954 985 2017 locum
1008 1951 1090 2016 Solis
1114 1961 1146 2014 et
1168 1953 1195 2014 Ε
1218 1953 1316 2016 locum
1347 1950 1456 2013 sideris
1490 1949 1615 2023 visum,
1647 1943 1697 2024 qui

330 2051 380 2105 est
411 2061 552 2105 mensura
583 2041 670 2102 DAE
704 2042 816 2120 anguli.
862 2042 905 2104 Et
935 2043 1006 2124 qula
1028 2042 1182 2122 proportio
1205 2041 1264 2104 BA
1293 2041 1333 2103 ad
1355 2039 1417 2102 AG
1441 2045 1491 2102 est
1521 2033 1694 2107 sensibilis,

329 2133 356 2194 B
379 2149 451 2194 vero
475 2139 563 2191 extra
593 2130 704 2193 lineam
731 2129 808 2206 AG,
831 2131 1052 2194 inclinabuntur
1075 2131 1167 2210 igitur
1189 2128 1248 2192 EG
1278 2139 1310 2192 et
1331 2127 1395 2193 AG
1417 2128 1539 2202 lineae,
1575 2125 1695 2202 eritque

331 2219 457 2299 angulus
489 2216 579 2280 DBG
610 2218 744 2305 aequalis
777 2221 895 2300 angulis
927 2218 1033 2294 ΒΑΘ,
1067 2218 1156 2282 AGB
1185 2219 1312 2299 junctis.
1358 2220 1408 2280 Ita
1438 2217 1571 2280 scibitur
1603 2209 1695 2274 BGA

330 2307 511 2389 parallaxis,
544 2327 718 2389 rursumque
742 2317 776 2371 ut
798 2310 880 2389 prius
904 2310 1075 2372 innotescet
1096 2309 1250 2390 proportio
1273 2306 1334 2370 BG
1356 2308 1525 2370 distantiae
1552 2305 1640 2369 Solis
1664 2309 1696 2363 et

331 2396 454 2472 sideris,
488 2397 536 2459 vel
560 2395 622 2459 AG
650 2399 815 2461 distantiae
840 2401 950 2462 Terrae
983 2409 1015 2460 et
1044 2398 1152 2460 sideris
1185 2399 1224 2460 ad
1254 2397 1312 2461 BA
1339 2397 1521 2460 distantiam
1547 2395 1635 2459 Solis
1664 2400 1696 2454 et

332 2488 454 2549 Terrae.
500 2486 566 2547 Hoc
589 2487 686 2549 solum
718 2495 767 2549 est
790 2488 983 2564 discriminis,
1010 2487 1088 2568 quod
1110 2487 1160 2550 hic
1182 2487 1236 2551 BF
1258 2506 1318 2550 non
1342 2495 1389 2550 est
1411 2485 1597 2568 parallaxis,
1623 2481 1694 2562 quia

332 2594 391 2638 non
420 2593 559 2636 mensura
586 2576 688 2657 anguli
709 2575 802 2639 BGA
824 2577 872 2639 vel
895 2576 990 2640 EGF.
1037 2574 1118 2648 Quia
1150 2576 1229 2639 enim
1260 2577 1412 2657 proportio
1445 2577 1600 2638 linearum
1624 2571 1694 2639 BA.

333 2665 391 2728 AD
415 2671 464 2725 ost
486 2664 656 2740 sensibilis,
681 2673 713 2728 et
737 2666 768 2729 A
790 2675 923 2729 centrum
948 2665 1011 2740 DF,
1036 2683 1107 2744 ergo
1131 2665 1156 2726 Β
1181 2665 1365 2728 sensibiliter
1388 2663 1516 2728 distabit
1541 2685 1562 2726 a
1587 2668 1692 2725 centro

332 2754 397 2826 DF,
420 2770 512 2832 quare
530 2751 586 2814 DF
608 2773 668 2816 nou
690 2755 831 2818 metietur
854 2756 994 2835 angulum
1007 2755 1090 2816 DBF
1113 2754 1152 2815 ad
1175 2773 1305 2828 sensum,
1330 2773 1426 2835 neque
1445 2755 1574 2831 junctos
1590 2746 1691 2824 BAG,

331 2839 421 2904 AGB
453 2841 497 2904 illi
528 2844 682 2922 aequales.
730 2842 793 2906 Sed
824 2844 880 2906 DE
912 2843 1035 2906 metitur
1066 2842 1206 2921 angulum
1234 2843 1321 2906 ΒΑΕ
1354 2845 1403 2906 vel
1425 2841 1517 2906 BAG
1551 2839 1692 2912 seorsim,

293 2959 298 2982 o
333 2931 455 2993 residua
477 2948 548 3008 ergo
571 2931 624 2994 EF
647 2952 704 2994 non
737 2933 862 3012 metitur
888 2933 1038 2994 residuum
1061 2929 1166 3007 AGB,
1193 2932 1247 2994 sed
1270 2933 1399 2995 interest
1421 2931 1579 2994 sensibilis
1604 2929 1694 2992 diffe-

334 3019 451 3082 rentis:
486 3019 565 3099 quod
589 3020 736 3084 cautionis
760 3022 826 3084 looo
850 3021 1007 3083 dicendum
1030 3019 1104 3096 luit,
1136 3041 1173 3084 ne
1197 3039 1283 3102 quern
1307 3021 1426 3102 lugeret
1448 3022 1525 3083 haec
1547 3019 1632 3084 ratio
1657 3033 1694 3076 ex

334 3126 394 3170 una
418 3107 513 3168 forma
536 3107 564 3166 in
590 3109 680 3172 aliam
705 3118 918 3173 transeuntem.

425 3192 541 3265 Quibus
565 3197 666 3278 itaque
689 3199 843 3278 principiis
867 3198 975 3279 optiois
999 3198 1137 3260 doctrina
1167 3198 1379 3278 parallaxeon,
1413 3199 1470 3262 hoe
1493 3205 1545 3262 est
1570 3199 1609 3259 de
1635 3193 1695 3255 situ

335 3283 467 3346 siderum
490 3283 650 3360 niteretur,
676 3287 753 3348 satis
776 3307 829 3367 pro
854 3287 995 3350 instituta
1015 3287 1165 3350 brevitate
1185 3287 1367 3367 explicatum
1382 3307 1450 3351 esse
1469 3297 1554 3368 puto.
1580 3286 1695 3348 Restat

337 3380 372 3436 ut
395 3373 431 3434 de
455 3371 585 3435 motibus
610 3375 701 3437 etiam
725 3373 1047 3455 corporum‘dicamua
1072 3395 1108 3438 ne
1133 3376 1204 3457 quid
1227 3395 1329 3442 eorum
1346 3385 1557 3458 praetereatur
1580 3377 1612 3438 in
1636 3374 1694 3436 hoe

335 3463 448 3537 libello,
472 3479 549 3542 quae
573 3463 609 3526 in
626 3465 811 3528 astronomia
834 3466 1053 3548 quadamtenus
1076 3485 1115 3527 ex
1137 3465 1236 3546 optice
1260 3467 1452 3547 dijudicanda
1475 3473 1557 3528 sunt.

548 3587 585 3667 t.
623 3604 880 3686 Appendioula
903 3607 945 3668 de
969 3625 1079 3671 curva
1101 3614 1328 3670 cometarum
1351 3608 1476 3671 cauda.

426 3726 486 3801 Qui
510 3728 546 3788 de
566 3729 771 3792 incurvatione
790 3731 904 3793 caudae
927 3733 957 3794 in
977 3739 1096 3794 cometa
1113 3729 1184 3794 anni
1204 3728 1256 3793 77.
1281 3749 1320 3793 ex
1340 3730 1477 3795 doctrina
1491 3727 1694 3811 parallaxiam

338 3819 382 3884 sio
406 3817 607 3897 disputarunt,
634 3837 670 3880 ac
693 3819 719 3880 si
742 3819 818 3882 haee
841 3821 1000 3884 curvitatis
1023 3819 1239 3900 phantasiam
1262 3820 1391 3883 diversis
1410 3820 1596 3884 diversamm
1619 3831 1691 3898 par·

337 3908 412 3970 tium
435 3908 549 3970 caudae
572 3907 778 3986 parallaxibus
803 3910 993 3984 consisteret,
1017 3928 1113 3990 neque
1137 3909 1251 3970 caudae
1275 3909 1334 3989 ipsi
1353 3927 1423 3972 vera
1442 3909 1574 3972 inesset:
1599 3907 1620 3972 ii
1634 3923 1691 3986 pa-

336 3995 497 4060 rallaxium
520 3996 672 4076 negotium
695 4016 753 4060 non
778 3997 854 4060 satis
876 3999 1084 4080 perpenduntr
1108 4016 1162 4059 neo
1181 3997 1298 4077 optioos
1317 4005 1399 4060 recte
1419 3998 1564 4079 allegant,
1588 3989 1693 4074 utqui

336 4086 375 4148 iis
397 4085 428 4146 in
453 4083 526 4146 locis
550 4103 608 4146 non
632 4085 670 4146 de
693 4087 882 4150 aberratione
909 4089 993 4150 visus
1025 4088 1107 4150 circa
1139 4087 1394 4159 incurvationem,
1425 4088 1481 4149 sed
1504 4087 1541 4149 de
1564 4105 1639 4150 vera
1662 4083 1693 4142 et

338 4173 474 4254 legitima
496 4173 613 4236 visione
636 4174 822 4255 obliquitatis
847 4184 950 4256 agunt.
993 4173 1109 4246 Quodsi
1137 4193 1207 4238 vere
1238 4176 1405 4257 parallaxis
1430 4195 1468 4238 ex
1490 4175 1583 4238 rectis
1601 4189 1693 4237 curve

339 4264 528 4337 ostenderet,
557 4262 622 4342 jam
654 4281 714 4325 non
742 4282 845 4326 verum
877 4271 976 4339 esset,
1012 4283 1130 4327 omnem
1152 4264 1263 4328 lineam
1291 4272 1405 4328 rectam
1428 4264 1692 4345 quomodocunque

340 4359 516 4427 extensam,
546 4369 585 4412 ex
607 4358 712 4412 contro
734 4351 837 4416 mundi
859 4351 996 4416 sensibili
1018 4361 1226 4433 perspectam,
1257 4354 1392 4417 omnibus
1416 4355 1478 4416 suis
1501 4355 1640 4434 partibus
1662 4349 1692 4410 in

339 4439 481 4502 circulum
504 4439 634 4520 aliquem
657 4439 819 4502 maximum
842 4443 1000 4521 quadrare.
1047 4440 1149 4513 Quare
1172 4441 1243 4504 salsi
1275 4449 1378 4506 essent
1405 4443 1486 4506 modi
1514 4435 1693 4506 observandi

339 4527 408 4590 loca
430 4528 560 4591 sidorum
582 4546 637 4608 per
659 4529 740 4592 filum
767 4538 799 4594 et
820 4548 875 4610 per
897 4529 1028 4610 regulas.
1074 4527 1172 4610 Igitur
1192 4538 1228 4594 ut
1250 4549 1343 4612 supra
1365 4530 1465 4612 eapite
1488 4532 1546 4596 VI.
1571 4531 1691 4600 dietum,

341 4616 403 4678 alia
425 4617 583 4680 curvitatis
605 4617 695 4698 hujus
719 4620 838 4684 occasio
869 4619 1124 4700 quaerendam,
1155 4626 1220 4696 aut,
1250 4621 1277 4684 si
1300 4619 1405 4701 nequit
1425 4619 1566 4697 inveniri,
1599 4617 1692 4685 relin-

342 4705 491 4785 quendum
513 4705 570 4768 boe
592 4705 819 4788 phaenomenou
841 4706 921 4772 iuter
943 4723 1056 4770 arcana
1078 4713 1214 4772 naturae.

898 4859 1139 4880 m
