3684 5518
324 269 385 342 178
789 271 978 340 Paralipomena
998 276 1025 325 in
1044 271 1211 326 Vitellioncnt.

321 455 478 529 trahimus,
504 475 561 536 quo
583 453 682 535 pisces
707 450 832 513 trabunt
855 469 973 530 aquam.
1012 449 1182 512 Statnisset
1209 451 1309 529 itaque
1335 450 1436 530 'lycho
1466 468 1524 511 non
1550 467 1672 512 succes-

321 544 432 606 soriam
457 544 694 606 attenuationem
718 537 797 600 atris
821 539 851 599 in
876 541 1029 602 aetherem
1053 548 1085 600 et
1108 539 1348 601 obliterationem
1377 538 1537 599 densitatis
1561 539 1672 612 adriae,

320 633 374 694 scd
398 633 591 694 manifestum
615 635 647 690 et
669 627 792 689 evidens
817 627 990 703 discrimen,
1025 628 1102 708 qnod
1127 627 1243 708 siquis
1273 647 1363 707 supra
1386 627 1583 701 consisteret,
1615 645 1674 688 non

320 721 416 782 minus
440 721 499 799 ipsi
522 719 550 779 in
580 717 681 778 oculos
712 722 795 777 esset
822 715 1022 791 incursurum,
1055 735 1090 776 ac
1115 717 1180 796 jam
1205 717 1386 794 superficies,
1410 735 1485 797 qnae
1510 723 1611 779 aerem
1636 716 1675 777 ab

321 827 399 887 aqna
431 816 571 886 separat,
600 807 629 867 in
655 805 757 866 oculos
781 803 915 866 incurrit.
962 804 1174 866 Rothmannus
1207 811 1313 866 contra
1344 824 1401 866 nnn
1434 805 1612 885 impegisset
1644 805 1674 865 in

319 895 464 976 principia
488 897 597 974 optica‚
625 893 706 954 feriri
721 913 739 952 a
754 892 819 953 lnce
844 893 1029 973 superficiem
1054 893 1200 954 densioris
1225 892 1324 968 medii,
1349 900 1519 957 nectameu
1539 901 1672 955 mutuum

319 983 474 1064 quicquam
498 983 641 1063 patinea
669 980 811 1059 refringi:
843 983 981 1062 quodque
1005 1001 1064 1042 non
1088 989 1136 1042 est
1158 983 1189 1043 in
1213 981 1340 1060 singulis
1368 981 1519 1060 partibus,
1544 982 1572 1044 in
1597 1001 1671 1043 con-

319 1072 479 1150 duplicatis
493 1073 611 1144 inesse;
637 1078 668 1131 et
686 1068 891 1149 profunditate
911 1070 1076 1133 mediorum
1090 1069 1213 1149 refringi
1232 1071 1343 1143 radios,
1366 1090 1424 1132 non
1444 1070 1671 1150 superficiebus:

318 1179 393 1240 quae
418 1160 517 1222 omnia
540 1159 671 1222 absurde
694 1166 773 1220 suut.

362 1298 392 1363 2.
430 1300 535 1363 Varii
559 1300 740 1361 variorum
764 1297 858 1360 modi
882 1296 1143 1361 metiendarum
1172 1299 1433 1362 refractionum
1461 1299 1625 1361 refutati.

405 1425 518 1503 Magno
551 1424 688 1484 constitit
719 1424 768 1484 vel
798 1423 883 1484 ‘solus
909 1422 1020 1484 modus
1054 1439 1251 1503 mensuraque
1281 1425 1511 1497 refractionum,
1543 1443 1598 1485 nec
1627 1424 1670 1484 sic

316 1515 435 1594 impune
459 1511 664 1574 admittendus
689 1531 721 1573 es
745 1511 856 1582 lector,
889 1511 957 1590 quin
980 1529 1035 1589 per
1058 1512 1162 1574 eadem
1187 1513 1269 1590 prius
1303 1513 1425 1575 dumeta
1447 1512 1670 1592 inquisitionum

316 1601 496 1676 traducaris,
522 1619 598 1680 quae
622 1601 687 1679 ipse
709 1599 901 1680 perreptavi;
926 1606 960 1659 nt
982 1599 1052 1677 quia
1080 1600 1208 1662 fructum
1238 1619 1422 1663 communem
1446 1619 1478 1662 es
1502 1601 1668 1674 habitums,

316 1690 449 1754 laborem
473 1707 589 1770 qnoque
618 1688 778 1767 praelibes.
826 1685 971 1758 Quamvis
995 1687 1025 1748 in
1047 1696 1130 1750 tuam
1158 1690 1321 1751 utilitatem
1345 1690 1401 1751 hoc
1425 1690 1517 1764 cedit,
1543 1697 1577 1752 nt
1600 1689 1671 1768 quia

317 1779 449 1842 nondum
471 1777 545 1840 nihil
579 1784 734 1856 superest,
767 1777 844 1856 quod
872 1775 901 1836 in
935 1775 1147 1838 refractionem
1180 1797 1271 1840 causa
1299 1779 1467 1850 desideres,
1501 1796 1669 1840 mensnram

315 1868 415 1930 tamen
440 1873 522 1929 certo
546 1866 627 1927 scias
650 1865 761 1926 nullam
785 1883 944 1944 superesse
968 1863 1074 1939 aliam,
1105 1866 1298 1944 perlustratis
1328 1867 1464 1929 omnibus
1488 1867 1667 1938 recessibus,

315 1956 489 2036 habeasque
522 1954 684 2034 quaerendi
716 1953 890 2015 methodum
923 1951 961 2014 ob
992 1955 1113 2029 oculos,
1146 1955 1230 2033 cujus
1259 1955 1352 2017 solius
1386 1955 1511 2018 intuitus
1546 1955 1668 2016 maximi

315 2044 484 2125 argumenti
507 2043 572 2105 loco
588 2051 645 2114 est,
669 2061 726 2103 non
742 2062 779 2102 ex
799 2041 922 2103 arbitrio
947 2050 1117 2120 susceptum
1141 2043 1219 2104 hunc
1242 2044 1385 2105 metiendi
1408 2045 1538 2106 modurn.
1572 2043 1666 2122 Ejus-

314 2134 544 2212 modicamque
567 2136 628 2206 est,
661 2139 696 2191 ut
718 2131 894 2203 affectatus,
930 2147 988 2190 non
1013 2149 1028 2190 e
1053 2149 1151 2192 rernm
1184 2141 1292 2193 natura
1325 2133 1445 2196 oblatus
1474 2151 1542 2194 esse
1572 2131 1667 2193 videri

315 2222 422 2302 possit,
447 2221 504 2283 nisi
528 2218 687 2281 monearis.
1188 2223 1189 2226 ’
1279 2237 1284 2242 ·

401 2310 532 2372 Primum
556 2308 665 2370 hocin
693 2325 817 2386 genere
837 2305 924 2366 facile
957 2314 1079 2368 constet
1102 2328 1121 2368 a
1148 2308 1215 2369 sola
1245 2309 1449 2388 experientia,
1483 2309 1666 2372 densitatem

314 2399 454 2478 pellucidi
478 2417 545 2458 esse
569 2397 598 2457 in
623 2415 716 2458 cansa
738 2393 961 2468 refractionum,
987 2395 1065 2473 quod
1089 2414 1181 2475 supra
1205 2397 1296 2460 etiam
1320 2397 1448 2478 apriori
1473 2398 1665 2460 domonstra-

313 2487 408 2549 vimus
433 2485 523 2567 (Cap.
549 2486 571 2560 l,
601 2482 667 2558 tl).

401 2575 518 2637 Deinde
542 2582 574 2636 et
596 2574 652 2636 hoc
677 2579 801 2645 certum,
826 2569 852 2630 si
876 2570 927 2630 lux
950 2571 1239 2650 perpendiculariter
1268 2573 1382 2634 incidat
1405 2573 1434 2634 in
1464 2573 1664 2653 superficiem,

313 2683 379 2726 eam
407 2682 466 2725 non
497 2663 634 2742 refringi,
665 2669 698 2723 at
727 2667 813 2720 tanto
841 2657 1010 2720 evidentius
1042 2660 1185 2740 refringi,
1220 2669 1332 2742 quanto
1365 2662 1471 2724 incidit
1505 2663 1663 2742 obliquius.

311 2753 408 2832 Igitur
431 2759 463 2813 et
485 2750 650 2814 incidentia
672 2746 822 2811 concurrit
845 2747 883 2806 ad
908 2766 1044 2822 cansam,
1070 2750 1149 2829 quod
1173 2768 1264 2828 supra
1295 2769 1409 2831 quoque
1439 2750 1531 2831 (Cap.
1554 2752 1579 2826 I,
1605 2748 1664 2820 20)

313 2841 455 2920 apriore
480 2840 628 2902 deducere
653 2858 718 2900 surn
741 2843 878 2897 conatus.

398 2931 492 2991 Patet
514 2929 613 3007 igitur,
637 2925 811 3008 permisceri
835 2931 990 3002 utramque
1015 2943 1152 2998 cansam,
1178 2925 1222 2987 sio
1245 2927 1279 2986 ut
1301 2927 1374 2988 nihil
1396 2935 1534 3006 praestet
1558 2926 1662 2988 densi-

310 3026 373 3092 tas,
404 3018 430 3079 si
454 3025 553 3078 mente
581 3033 737 3078 removeas
769 3011 983 3084 incidentiam;
1018 3013 1087 3090 quia
1110 3013 1228 3091 species
1252 3014 1449 3092 incidentiae,
1475 3015 1661 3088 castificet,

306 3126 383 3186 quae
408 3105 447 3166 nd
471 3106 598 3184 angulos
621 3113 721 3166 rectos
744 3101 787 3170 fit,
812 3099 994 3160 refractione
1019 3099 1143 3162 densum
1165 3103 1255 3181 plane
1279 3105 1402 3184 spoliat.
1443 3106 1662 3184 Argumentum

306 3195 431 3256 evidens
455 3195 529 3273 ejus,
555 3193 634 3272 quod
657 3209 748 3268 supra
772 3186 864 3267 (Cap.
890 3188 915 3258 1,
944 3183 993 3249 to,
1013 3183 1068 3262 14)
1093 3210 1111 3250 a
1134 3190 1224 3268 priori
1249 3192 1368 3262 deduxi,
1393 3211 1451 3254 non
1475 3193 1541 3274 pati
1566 3195 1662 3254 lucem

306 3283 424 3344 adensi
449 3299 583 3360 corpore,
606 3281 662 3364 ‘sed
677 3300 696 3340 a
710 3277 776 3338 sola
799 3275 976 3356 superficie:
1001 3276 1166 3340 incidentia
1190 3280 1268 3342 enirn
1284 3289 1333 3342 est
1355 3282 1526 3343 terminatio
1551 3291 1660 3357 motus,

304 3371 455 3434 motusic
481 3376 654 3432 recteest:
686 3373 787 3427 rectae
812 3363 931 3425 termini
963 3374 1075 3442 puncta
1098 3374 1130 3426 st
1153 3367 1333 3430 infinitarum
1362 3371 1568 3450 contiguarum
1593 3379 1658 3430 ter-

304 3461 398 3522 minus
422 3465 471 3520 est
493 3456 664 3538 superficies
688 3457 779 3533 (quae
804 3453 897 3514 habet
918 3451 1036 3514 infinita
1059 3454 1235 3518 continuata
1250 3460 1395 3538 puncta),
1419 3477 1476 3520 non
1496 3478 1568 3520 vero
1588 3477 1658 3518 cnr-

324 3549 448 3611 ulentia.

303 3568 323 3629 p
393 3635 493 3708 Quare
518 3633 631 3695 nonin
656 3629 842 3712 corpulentia
865 3626 960 3702 densi,
986 3629 1092 3690 sedin
1117 3632 1272 3710 superficie
1303 3634 1445 3696 consistit
1467 3635 1658 3698 refractionis

480 3759 532 3824 Fig.
559 3753 600 3805 00·
781 3737 883 3778 cansa.
922 3717 1007 3817 Haec
1027 3718 1090 3779 sint
1108 3720 1194 3782 nobis
1214 3730 1298 3784 certa
1316 3723 1549 3801 judicandarum
1571 3739 1657 3785 nten-

672 3851 675 3856 .
780 3823 917 3866 surarum
940 3806 1096 3886 principia.

716 3912 738 3962 r
846 3894 913 3955 Non
939 3901 987 3954 est
1010 3893 1102 3974 igitur
1125 3896 1200 3958 haec
1220 3897 1308 3974 justa
1331 3900 1544 3962 refractionnm
1569 3919 1656 3970 men-

777 4001 867 4054 sura,
904 4000 980 4060 quae
1014 3983 1191 4044 alterutram
1227 3985 1330 4048 haruin
1368 4007 1525 4050 causarum
1559 3989 1656 4048 solam

777 4070 924 4148 sequitur.
1617 4145 1622 4151 Ι

639 4169 643 4180 ’
842 4151 945 4218 Prima
979 4159 1027 4220 hit
1064 4158 1202 4238 impingit
1239 4173 1343 4224 eorum
1376 4165 1544 4238 sententia,
1579 4183 1654 4244 qnae

776 4265 947 4307 mensuram
963 4247 1082 4326 quaerit
1097 4248 1125 4308 in
1141 4250 1220 4310 nuda
1242 4251 1415 4328 prolixitate
1437 4253 1583 4314 transitus
1601 4270 1656 4330 per

719 4402 733 4445 c
776 4335 907 4435 medium
928 4334 1060 4396 densius.
1098 4336 1260 4415 Multiplex
1279 4359 1369 4400 error.
1413 4339 1463 4402 Sit
1480 4340 1655 4420 superficies

776 4422 861 4481 densi
886 4419 949 4496 CB,
975 4422 1083 4484 fundus
1107 4423 1173 4497 ΕΙ),
1200 4427 1249 4487 lux
1272 4429 1394 4489 radians
1417 4431 1458 4503 A,
1483 4430 1561 4490 radii
1583 4429 1653 4502 AD,
1691 4471 1694 4474 -

775 4509 841 4569 Alfi.
888 4508 972 4570 Dicit
995 4510 1069 4572 haec
1099 4513 1214 4590 opinio,
1247 4517 1290 4576 sic
1314 4537 1383 4576 esse
1407 4518 1446 4578 ad
1471 4539 1503 4580 se
1527 4518 1670 4580 inuicem·
1776 4567 1792 4595 ,

774 4596 987 4658 refractionurn
1021 4601 1165 4678 angulos,
1200 4611 1232 4663 ut
1264 4613 1335 4665 sunt
1366 4613 1470 4683 partes
1502 4607 1654 4668 radiorum

773 4683 954 4746 directorum
979 4687 1035 4746 snb
1061 4688 1154 4751 denso
1177 4689 1233 4750 BD
1258 4693 1295 4751 ad
1317 4689 1380 4752 ΟΕ.
1430 4694 1561 4757 Primum
1585 4703 1653 4756 sta·

779 4779 882 4834 tuetur
906 4773 934 4834 in
959 4783 1043 4836 recta
1066 4777 1230 4840 incidentia
1257 4779 1358 4860 aliqua
1385 4783 1541 4860 retractio,
1575 4783 1653 4865 quod
