3476 5532
468 305 676 380 bunegxeplsrt
694 303 851 378 aliorumque
862 315 972 362 munat-
1080 365 1084 376 ,
1328 285 1393 368 ’179

50 485 171 550 tabulae
194 484 319 568 Apelles
342 475 527 570 speraverit(
556 491 614 552 Por
632 489 800 570 parallaxin
822 487 915 568 igitur
937 484 1010 548 nihil
1033 478 1252 562 impeditvquiu
1274 476 1391 540 isthaec

51 577 227 656 corpuscula
248 576 349 641 Solem
380 578 573 642 obscurantis
604 580 653 641 vel
681 579 713 642 in
741 577 863 658 regione
886 572 1027 638 Mercurii
1059 573 1108 633 vel
1140 573 1218 632 bunc
1249 569 1329 670 inter
1362 571 1394 628 et

50 667 201 730 Venerem
231 667 422 732 circumeant
467 669 511 732 Ut
542 669 633 749 igitur
663 666 820 748 ejiciantur
851 685 889 728 ex
920 664 968 726 bis
999 660 1171 741 regionibus
1200 657 1343 757 Veneris.
1361 661 1393 717 et

52 755 209 827 Mercurii,
233 757 300 820 aliis
324 749 397 838 opius
421 765 468 820 est
490 758 683 837 argumentis,
708 777 783 839 quae
807 757 873 836 jern
896 753 1000 816 statim
1022 751 1086 829 ipsc
1110 747 1196 810 nobis
1220 747 1395 825 sappeditat

50 845 186 925 Apelles.
223 847 302 909 Nam
324 849 351 908 si
374 847 552 910 credendum
569 847 662 927 ipsius
686 845 863 920 observatis,
888 843 1072 906 macularum
1094 839 1221 900 istarum
1245 842 1278 896 et
1295 842 1393 938 ructus

49 943 82 997 et
104 934 258 1016 quantitas
281 936 377 1016 major
400 944 449 998 est
470 937 499 999 iu
523 937 620 1000 medio
644 935 725 998 Solis
748 934 902 1008 umbilico,
927 949 1016 1013 quam
1038 929 1119 992 circa
1141 927 1212 1026 ejus·
1231 941 1393 1003 margines.

49 1023 201 1104 Agnoscit
222 1025 349 1105 Apelles
371 1025 436 1107 ipse
460 1026 522 1088 viru
544 1025 721 1106 argumenti,
746 1033 781 1088 ut
802 1023 908 1086 credat
931 1018 1063 1082 maculas
1086 1018 1163 1078 istas
1187 1032 1268 1076 crrca
1292 1012 1394 1074 Solem

49 1113 213 1176 circumire.
260 1113 295 1176 Si
319 1114 401 1176 eirca
423 1113 543 1192 Solem,
577 1133 636 1177 non
659 1115 750 1195 igitur
778 1114 859 1175 linea
887 1119 972 1174 recta
999 1107 1048 1169 vel
1070 1103 1203 1186 proxime
1233 1109 1318 1164 recta
1339 1119 1393 1202 pqr

50 1202 161 1266 faciem
185 1201 265 1265 Solis
295 1209 471 1275 nauseant,
495 1223 669 1286 quocunque
692 1204 746 1266 illa
773 1202 940 1280 locosiut,
975 1217 1028 1261 seu
1050 1213 1143 1275 prope
1166 1190 1268 1294 Solem
1291 1209 1343 1252 scu
1365 1209 1396 1252 111

49 1291 222 1372 regionibus
245 1292 375 1355 Veneris
398 1294 606 1374 Mercuriiquc.
652 1293 747 1374 Atqui
771 1292 917 1354 curricula
940 1285 1070 1350 Veneris
1088 1285 1285 1385 Marcumque
1310 1297 1394 1341 com-

48 1389 161 1462 parata
183 1382 222 1443 ad
245 1400 352 1462 corpus
375 1380 476 1456 Solis,
501 1392 533 1445 et
554 1383 673 1445 tantula
700 1382 855 1463 portione,
889 1397 977 1460 quarn
1000 1376 1083 1437 disco
1107 1371 1189 1474 Soqu
1220 1368 1395 1470 obtendunt,

48 1471 284 1550 aequiparantur
306 1472 407 1534 rectis.
453 1472 521 1534 Non
545 1482 615 1535 suut
637 1471 728 1552 igitur
756 1471 873 1533 isthaec
900 1465 1046 1530 curricula
1067 1463 1097 1525 in
1121 1478 1242 1541 regione
1265 1459 1396 1520 Veneris

49 1559 261 1640 Mercuriique.
299 1561 403 1641 Atqui,
427 1562 594 1643 oApeilss‚
619 1569 707 1623 unta
730 1560 776 1622 vis
791 1567 840 1621 est
861 1567 979 1621 tuorum
1002 1554 1128 1616 istorum
1146 1555 1394 1628 argumentorum,

52 1655 88 1710 ut
111 1649 251 1729 teipsum
276 1650 486 1730 constringant
508 1651 690 1731 induautque
714 1650 850 1713 cassibus
873 1641 1143 1726 inexplicabilibus.
1180 1639 1259 1700 Nam
1272 1636 1298 1699 si
1316 1637 1397 1698 circa
1500 1688 1503 1701 ,

52 1736 156 1800 Solem
179 1746 250 1801 eunt
271 1739 329 1800 bae
351 1739 436 1801 velut
457 1741 591 1802 insulae:
620 1745 750 1821 quanto,
773 1747 881 1819 putas,
912 1732 1071 1797 intervallo
1094 1727 1271 1791 curriculum
1293 1743 1395 1788 earum

55 1826 170 1890 a'Sole
193 1827 342 1890 recessit?
364 1827 495 1910 Respice
519 1831 558 1892 ad
576 1831 701 1910 figuram
724 1837 816 1890 tuam.
854 1826 903 1889 Sit
924 1823 978 1887 BE
1001 1839 1108 1900 corpus
1122 1815 1213 1893 Solis,
1236 1816 1395 1892 Boculus,

55 1917 112 1978 ΓΚ
134 1916 310 1979 curriculum
332 1919 531 1982 macularum:
557 1920 631 1982 duos
650 1919 695 1981 ais
714 1935 833 1979 menses
857 1915 949 1978 luisse

53 2024 121 2068 curn
143 2006 204 2068 ista
234 2007 398 2080 scriberes,
422 2027 459 2070 ex
482 2029 539 2090 quo
563 2027 621 2071 non
645 2008 771 2070 redeant
802 2006 948 2074 maculae.
1152 2081 1211 2096 ....

53 2095 211 2158 transiisse
227 2103 325 2159 tamen
341 2095 479 2160 aGiuI
498 2099 602 2161 diebus
623 2096 800 2180 quindecim.
833 2095 948 2168 Quodsi
1069 2090 1149 2172 s
1215 2087 1303 2178 *N

54 2184 241 2248 inordinatus
273 2205 373 2249 eorum
407 2196 506 2249 motus
539 2195 602 2263 est,
642 2184 811 2268 prodigium
846 2185 947 2267 potius

54 2273 175 2354 aliquod
211 2274 322 2339 videris
356 2295 443 2357 quam
480 2285 599 2358 partem
635 2275 765 2358 aliquam
801 2287 946 2348 naturac;

52 2363 221 2426 mirandum
253 2373 354 2428 tamon
385 2367 445 2442 sit,
479 2375 511 2428 et
537 2386 639 2430 omnes
672 2364 760 2426 simul
788 2365 888 2437 visas,
916 2371 948 2426 et
1001 2403 1007 2454 1

53 2473 131 2534 quae
164 2455 312 2534 prioribus
341 2455 519 2518 abeuntibus
553 2461 762 2518 successerunt
795 2452 948 2515 constanti
981 2445 998 2490 ¹
1043 2460 1046 2485 ³

52 2541 212 2605 intervallo
235 2541 284 2619 15,
308 2550 343 2605 ut
362 2544 447 2618 dicis,
470 2544 584 2606 dierum
608 2541 771 2617 circumire,
796 2543 832 2603 de
848 2551 947 2604 cetero

55 2630 225 2693 inordinate
245 2632 325 2694 ferri.
362 2633 431 2694 Non
450 2633 609 2697 cohaerere
622 2633 683 2696 ista
698 2640 729 2693 te
744 2638 816 2712 puto
833 2632 946 2695 videre.

54 2718 221 2782 Ordinatus
252 2719 343 2800 igitur
375 2739 477 2782 earnm
500 2722 541 2784 sit
562 2730 681 2785 motus:
714 2721 741 2784 si
769 2721 833 2795 boc,
867 2737 948 2800 ergo,
1052 2712 1071 2741 ⁸

55 2809 105 2890 qui
128 2827 183 2888 per
206 2808 270 2870 dies
288 2805 327 2872 15
352 2809 434 2872 abi}
457 2811 487 2872 in
510 2812 526 2873 I
548 2820 659 2886 motae,
683 2829 720 2872 ex
739 2828 774 2871 eo
796 2829 851 2891 per
874 2809 947 2870 dnos

52 2917 174 2960 menses
212 2907 419 2960 emenserunt:
457 2902 536 2980 quod
573 2901 666 2982 igitur
700 2907 798 2963 restat
833 2897 946 2972 IKFG,

52 2985 181 3068 amplius
210 2987 374 3068 quadruplo
404 2988 521 3069 lougius
549 2998 598 3052 est
620 3009 707 3070 quam
731 2989 786 3053 GI.
833 2986 948 3061 Quinta

51 3075 144 3154 igitur
172 3077 222 3138 vel
251 3085 338 3139 sexta
370 3077 507 3140 curriculi
537 3098 639 3141 eorum
668 3098 756 3159 pars,
789 3086 863 3160 puta
890 3075 946 3149 Gr,

50 3163 118 3227 Soli
141 3166 320 3229 ostenditur.
367 3167 462 3247 Atqui
485 3177 574 3231 sexta
596 3167 697 3232 circuli
719 3187 805 3249 pars,
831 3187 945 3248 aequa-

49 3254 128 3317 libus
151 3255 270 3335 augnlis
294 3255 332 3318 ad
355 3254 385 3317 R
408 3256 522 3333 divisa,
551 3278 609 3321 uon
638 3253 762 3321 exbibet
791 3258 946 3337 portiones

47 3344 138 3407 valde
155 3343 347 3425 inaequales:
370 3364 429 3408 nou
443 3354 547 3427 potest
564 3347 655 3428 igitur
668 3348 740 3424 lieri,
763 3357 798 3410 ut
811 3347 945 3410 maculae

50 3433 81 3494 iu
108 3430 191 3506 G,I
219 3442 250 3496 et
281 3434 386 3498 tardas
414 3442 447 3497 et
477 3455 589 3517 parvae
622 3438 831 3518 apparuerint,
863 3437 893 3498 in
915 3434 946 3498 N

49 3539 179 3601 magnae
202 3529 234 3584 et
260 3524 399 3599 veloces3
427 3532 481 3588 aut
503 3527 529 3588 si
552 3526 597 3588 sic
619 3537 838 3608 apparuerunt,
868 3524 946 3607 quod

50 3610 187 3692 equidem
210 3612 309 3692 Apelli
333 3614 441 3689 credo,
470 3633 528 3677 uon
551 3625 654 3695 potest
682 3617 774 3697 igitur
800 3616 879 3690 lieri,
912 3621 947 3675 nt

51 3699 157 3780 quinta
179 3701 227 3762 vel
249 3709 336 3764 sexta
359 3705 455 3767 solum
478 3706 627 3784 particula
653 3706 784 3787 ipsarum
808 3702 946 3768 curriculi

50 3787 117 3850 Soli
145 3789 235 3852 fuerit
265 3789 405 3866 obtenta,
441 3793 560 3856 omuino
591 3795 714 3858 dimidia
742 3803 794 3858 aut
825 3795 944 3857 minimo
990 3849 997 3858 .

51 3878 149 3940 minus
164 3878 204 3940 ad
218 3879 274 3942 boc
287 3879 512 3958 phaenomenon
531 3885 705 3965 requiritur:
726 3886 805 3967 quod
823 3883 946 3966 perinde

51 3975 102 4029 est
129 3987 164 4030 ac
194 3969 221 4030 si
253 3969 356 4045 dicas,
388 3972 522 4033 maculas
552 3973 582 4035 iu
611 3973 763 4054 ipsissima
792 3971 946 4055 superlicio

52 4055 136 4120 Solis
160 4067 213 4120 aut
235 4059 369 4137 proxime
393 4061 584 4124 circumiisse.
622 4061 656 4124 Si
671 4064 736 4138 boe,
761 4083 851 4144 quare
875 4079 946 4142 ergo

48 4165 109 4209 non
133 4155 204 4226 post
222 4147 299 4210 alios
317 4145 356 4211 15
380 4149 445 4212 dics
460 4149 611 4213 redieruut
627 4159 680 4213 cut
698 4153 786 4230 paulo
810 4149 947 4215 tardius?

48 4237 186 4299 Videsne
217 4237 362 4317 Apelles,
395 4239 617 4302 inconsiderate
651 4241 763 4304 factum
792 4249 881 4316 ate,
913 4246 949 4308 nt

50 4333 230 4407 argumento
252 4345 310 4390 nou
340 4327 526 4391 redeuntium
555 4329 737 4392 macularum
764 4338 845 4393 stato
869 4337 948 4392 tern-

51 4433 125 4496 pore
148 4415 230 4479 Solis
260 4416 446 4496 superficiem
470 4417 509 4478 ab
531 4417 569 4480 iis
597 4418 760 4482 liberares:
793 4419 948 4482 liberanda
1178 4437 1209 4496 g

52 4505 131 4567 enirn
153 4504 254 4568 'luerit
286 4507 378 4568 ctiam
411 4506 522 4569 vicinia
555 4509 649 4570 omnis
673 4507 754 4572 Solis
781 4529 816 4572 eo
843 4529 947 4592 usque,

53 4595 146 4657 donec
168 4615 226 4658 uon
255 4596 382 4675 amplius
414 4597 582 4679 inaequalis
616 4617 716 4660 earum
750 4607 896 4680 appareat
918 4609 950 4662 et
978 4610 1076 4665 motus
1100 4605 1131 4665 et
1153 4602 1308 4686 quantitas
1342 4605 1397 4669 snb

53 4681 134 4746 Sole.
182 4684 276 4750 Vides
300 4686 427 4762 etheo,
462 4686 584 4750 duorum
615 4689 740 4750 alterum
773 4690 859 4752 uobis
887 4711 955 4754 esse
987 4692 1164 4756 dicendum:
1198 4701 1304 4757 cutte
1326 4703 1397 4774 post

56 4773 170 4854 aliquot
191 4775 303 4838 dierum
333 4775 522 4839 intervallum
546 4776 657 4840 vidisse
676 4779 807 4856 easdem,
832 4783 967 4862 quamvis
992 4801 1048 4844 non
1069 4783 1208 4846 habueris
1222 4801 1275 4865 pro
1292 4782 1397 4846 iisdem

56 4880 153 4938 errore
175 4865 376 4946 picturarum
400 4875 454 4931 aut
471 4865 591 4931 interim
610 4870 678 4932 duln
698 4869 810 4934 absunt
831 4873 989 4936 evanuisse
1013 4891 1163 4954 novasque
1187 4883 1280 4947 ortas,
1303 4873 1397 4936 veluti
