3476 5532
544 264 564 364 ’.
596 319 635 370 ne
653 317 732 370 saue
748 321 775 372 m
793 321 886 388 cygno.
1117 401 1121 412 ι
1347 313 1412 382 769

1 525 3 583 y
65 495 128 553 vidi
149 499 240 554 adbuc
259 501 391 554 cometam
412 499 479 554 ratis
494 499 582 556 lucide
604 506 785 571 apparentem
798 503 984 564 etlucentem,
1005 497 1192 571 magnitudine
1210 498 1299 554 instar
1312 499 1414 562 stellae

1 636 3 654 ,
66 582 211 635 secundae
231 579 432 650 magnitudinis,
455 583 544 636 cauda
564 588 656 636 tamen
676 582 723 637 rix
744 585 907 653 apparebat.
945 581 1116 636 Videbantur
1135 586 1227 634 tamen
1246 579 1325 650 quasi
1344 578 1415 634 radii
1532 585 1540 594 ‘

1 657 3 676 ⁸
67 659 185 732 quidam
205 659 344 734 longiores
364 662 490 731 protendi
511 678 605 717 versus
627 663 720 718 zenitb
740 664 838 734 capitis
867 665 956 735 quoad
976 662 1071 716 visum.
1112 660 1176 716 Fuit
1195 666 1286 714 autern
1307 666 1415 715 cometa

64 741 134 812 ipse
155 757 242 812 prope
262 745 347 810 caput
360 741 496 805 Herculis,
518 741 566 797 illo
587 741 698 796 inferius
719 761 814 798 versus
835 759 960 799 occasum
981 748 1010 796 et
1023 747 1135 812 septent
1135 741 1254 794 tionem:
1277 739 1412 794 distabat·

67 839 129 892 que
150 822 186 875 ab
206 820 257 874 illa
276 819 305 875 in
325 821 416 890 capite
436 822 567 876 Herculis*
584 823 670 876 tribus
698 823 837 890 diqmetris
857 823 928 878 Solis
949 825 984 878 ad
1005 838 1136 876 summurn
1161 821 1249 891 quoad
1269 819 1364 883 visum,
1387 819 1413 873 id

67 909 121 956 est
146 901 326 970 sesquialtero
354 902 411 955 iere
439 904 537 974 gradu.
578 899 649 957 Erat
669 904 740 959 enim
760 906 831 959 baec
857 903 989 958 distantia
1013 901 1174 956 notabiliter
1194 901 1280 954 minor
1300 901 1414 953 duarum

62 989 229 1062 propiorum
249 989 276 1045 in
298 1007 410 1060 corpore
431 991 555 1046 Vulturis
576 991 732 1046 distantia..
753 981 797 1044 At
820 1003 870 1044 cur
892 1002 949 1044 non
970 980 1054 1054 dixit,
1079 981 1169 1042 fuisse
1193 978 1269 1040 hanc
1293 979 1413 1038 distan-

64 1071 146 1131 tiam
168 1067 301 1148 proxime
325 1069 481 1150 aequalem
504 1071 613 1150 spatio,
638 1072 715 1153 quod
730 1079 778 1132 est
796 1073 873 1134 inter
896 1072 971 1132 duas
989 1071 1103 1131 vicinas
1123 1069 1150 1130 in
1166 1085 1288 1148 corpore
1305 1065 1413 1148 Cygni,

64 1157 101 1219 si
122 1165 193 1219 tuno
217 1157 303 1218 dnae
316 1158 423 1220 inore?
446 1179 514 1220 nam
532 1167 688 1241 utrumque
707 1161 789 1223 sidus
808 1181 901 1240 aeque
924 1159 1051 1221 vicinum
1068 1165 1116 1220 est
1128 1155 1260 1220 Herculi
1290 1155 1412 1234 Pergit.

1 1259 2 1280 ι
63 1249 227 1303 Videbatur
255 1255 361 1302 autem
369 1266 404 1303 ea
432 1249 507 1305 linea
534 1267 585 1320 per
614 1251 774 1306 cometam
766 1270 794 1306 m
817 1251 970 1322 proximam
990 1251 1102 1315 dictam,
1132 1245 1288 1302 ridelicet'
1280 1265 1309 1301 ιιι
1329 1251 1414 1316 capnt

1 1337 3 1363 ι
65 1327 211 1391 Bardulis,
232 1329 359 1398 protendi
380 1325 441 1396 (ubi
461 1333 596 1400 producta
616 1330 732 1395 ιιιιι)
723 1351 752 1387 ιιι
772 1349 840 1395 eam,
861 1348 931 1403 quae
952 1331 1041 1386 media
1066 1329 1158 1384 estin
1178 1344 1291 1397 corpore
1313 1327 1411 1429 Cygni,

1 1435 2 1444 ¹
66 1419 164 1490 quoad
184 1417 279 1474 risum
322 1405 359 1470 Si
383 1409 458 1470 duae
482 1417 553 1470 tuuc
586 1409 728 1485 inissent,
753 1411 961 1484 discrevisset,
994 1409 1062 1491 quia
1085 1408 1177 1482 addit,
1203 1417 1292 1488 quoad
1316 1415 1411 1473 risum.

0 1505 1 1516 ¹
66 1497 157 1559 Haec
180 1495 230 1558 ibi.
275 1494 409 1560 Additur
431 1505 463 1559 et
485 1499 609 1577 pictura,
634 1499 684 1560 ubi
708 1497 841 1560 solitarie
864 1499 997 1602 pingitur
949 1497 1148 1560 tmedia
1139 1516 1170 1558 m
1194 1513 1333 1574 corpore,
1357 1495 1412 1556 sed

68 1605 112 1646 ex
145 1603 203 1665 qua
232 1595 376 1665 apparet,
410 1589 485 1667 quod
508 1589 667 1650 >humerum
690 1586 839 1668 Ophiuchi
872 1587 1025 1650 sinistrum
1057 1586 1196 1649 habuerit
1225 1602 1278 1663 pro
1312 1584 1410 1664 capite

1 1670 4 1675 ⁴
67 1673 220 1737 Herculis.
258 1674 336 1737 Nam
360 1676 405 1737 oui
430 1677 536 1738 stellae
560 1695 665 1738 nomen
690 1677 773 1738 dedit
796 1686 886 1757 caput
907 1677 1055 1748 Herculis,
1077 1677 1152 1738 haec
1175 1675 1255 1737 linea
1278 1691 1315 1734 ex
1337 1691 1410 1753 pec-

69 1772 138 1825 tore
163 1761 290 1845 Cygni
281 1783 311 1823 m
335 1783 368 1826 se
392 1773 514 1844 separat
537 1776 628 1846 caput
647 1763 795 1845 Ophiuchi
819 1767 969 1828 adunam
992 1766 1072 1827 latus
1095 1781 1261 1845 parumper,
1286 1763 1412 1824 caudam

71 1851 173 1935 Cygni
197 1852 235 1912 ad
259 1853 393 1915 alterum.

161 1941 285 2002 Decimo
316 1942 408 2022 igitur
439 1941 565 2003 accedat
599 1943 646 2004 bis
681 1942 771 2004 mutis
806 1943 936 2005 testibus
972 1940 1154 2023 loquentium
1186 1945 1218 2001 et
1248 1939 1410 2004 viventium

70 2030 258 2104 auctoritas,
290 2050 382 2112 eaque
415 2037 500 2092 tanto
529 2032 694 2108 valentior,
728 2033 823 2114 quod,
855 2040 889 2093 nt
912 2053 930 2093 a
952 2031 1097 2113 principio
1120 2030 1240 2100 dictum,
1265 2029 1411 2092 nemiuem

70 2119 202 2192 habeut,
234 2119 283 2198 qui
316 2139 353 2180 ex
382 2121 525 2182 memoria
552 2140 606 2182 sna
637 2121 711 2201 ipsis
743 2122 941 2183 contradicat.
986 2121 1105 2183 Primus
1136 2129 1183 2180 est
1207 2117 1410 2180 Guilelmus

1 2203 2 2223 ¹
70 2209 94 2270 J
100 2208 291 2282 ausonius,
320 2211 368 2289 qui
391 2211 467 2272 banc
495 2227 601 2271 novam
625 2230 644 2272 a
666 2229 699 2270 se
728 2209 854 2290 primum
883 2229 960 2272 anno
986 2206 1080 2274 1600.
1105 2213 1296 2287 conspectam
1318 2208 1410 2287 proti-

70 2304 164 2371 tetur,
188 2297 380 2378 inscriptione
404 2299 433 2360 in
458 2299 577 2378 globum
602 2299 762 2360 coelestem
787 2319 863 2361 anno
888 2296 980 2362 1601.
1005 2299 1116 2360 editum
1140 2299 1241 2370 facta3
1265 2295 1301 2357 ds
1326 2298 1409 2376 cnjus

1 2411 2 2414 ¹
67 2387 127 2448 viri
151 2387 324 2466 integritate
347 2387 420 2449 nihil
444 2396 491 2449 est
514 2407 565 2449 cnr
588 2387 734 2461 dubitem,
765 2395 915 2450 testantur
938 2389 974 2450 de
999 2408 1035 2450 ea
1058 2386 1268 2467 occupationes
1296 2384 1410 2446 nobiles

68 2475 292 2558 geographicae
316 2484 347 2538 et
371 2477 607 2550 astronomicae,
639 2477 715 2556 quod
739 2494 833 2554 genua
865 2477 1030 2538 studiorum
1057 2477 1101 2537 sic
1125 2483 1172 2538 est
1195 2481 1409 2553 comparatum,

63 2573 102 2626 ut
125 2584 182 2626 non
207 2565 287 2626 ferat
310 2573 474 2626 amatorem
492 2565 548 2627 nisi
571 2565 659 2626 fidum
674 2573 705 2626 et
720 2566 896 2627 candidum:
923 2574 1070 2627 astrorum
1094 2584 1164 2626 vero
1183 2563 1320 2624 notitiam
1344 2581 1410 2626 eum

66 2654 182 2716 habere
204 2653 280 2714 satis
303 2653 412 2731 probat
430 2653 512 2730 illud,
536 2655 613 2734 quod
629 2653 778 2735 Tychonis
793 2653 903 2715 Brahei
927 2654 1088 2735 discipulus
1112 2652 1409 2732 observationnmque

1 2745 3 2835 ζ
68 2742 171 2804 socius
195 2740 376 2821 aliquamdiu
400 2742 467 2803 fuit.
512 2743 564 2806 Ad
587 2760 673 2821 quem
695 2749 854 2823 postquam
882 2745 1008 2810 rumoris
1032 2743 1118 2824 hujus
1148 2741 1291 2822 originem
1313 2741 1410 2803 redire

67 2831 148 2902 vidi,
177 2847 236 2890 non
260 2829 378 2905 destiti,
401 2829 529 2896 maxime
553 2829 685 2893 Caesare
714 2832 876 2910 probante,
909 2833 1004 2894 literis
1032 2832 1130 2912 ipsum
1157 2829 1349 2910 interpellare
1373 2830 1409 2892 ds

67 2917 314 2991 circumstantiis,
339 2919 443 2999 quibus
467 2919 495 2980 in
519 2920 643 3000 primum
666 2920 753 2999 hujus
775 2921 881 2984 Novae
905 2921 1014 2983 stellae
1037 2928 1190 3001 aspectum
1214 2919 1409 2998 notitiamque

67 3007 218 3070 inciderit.
265 3005 345 3077 Quid
368 3026 438 3069 vero
462 3009 557 3070 literis
579 3009 652 3070 meis
672 3010 823 3085 acciderit,
848 3011 969 3091 ignoro:
995 3027 1170 3092 responsum
1193 3008 1311 3090 quidem
1334 3009 1415 3070 bace

68 3105 158 3160 tenus
183 3095 296 3158 abillo
320 3097 422 3177 accepi
446 3098 556 3159 nullum
580 3103 652 3169 (nr.
672 3123 695 3172 p.
716 3105 787 3168 753).

158 3186 249 3248 Alter
255 3204 357 3290 'quem
380 3203 435 3264 ego
459 3185 527 3248 novi
551 3195 598 3248 est
620 3186 749 3250 Justus
772 3189 946 3271 Byrgius,
971 3187 1004 3250 S.
1031 3185 1066 3250 C.
1087 3187 1210 3266 Majest.
1235 3192 1407 3248 automato-

68 3293 182 3356 poeus;
213 3275 263 3358 qui
286 3275 357 3336 licet
382 3294 488 3355 expers
520 3277 685 3362 liugnamm
707 3296 804 3339 rernm
836 3285 937 3339 tamen
969 3276 1250 3339 mathematicorum
1282 3275 1409 3338 scientia

70 3375 102 3426 ιι
126 3364 328 3444 speculatione
360 3365 470 3426 multos
493 3383 593 3428 earum
626 3367 811 3445 professores
844 3367 934 3428 iacile
964 3374 1093 3446 superat
1107 3359 1151 3439 ²⁰)
1195 3365 1308 3427 Praxin
1337 3383 1407 3426 vero

0 3464 1 3483 ¹
70 3455 115 3514 sic
137 3453 329 3532 peculiariter
351 3454 408 3515 sibi
432 3455 582 3534 possidet,
612 3463 645 3516 ut
667 3455 807 3518 habitura
829 3456 870 3518 sit
891 3456 1040 3536 posterior
1062 3463 1164 3528 aetas,
1189 3473 1276 3534 quem
1297 3454 1328 3515 in
1351 3455 1407 3516 hoc

1 3562 3 3576 ’
71 3561 180 3621 genere
204 3541 402 3624 coryphaeum
426 3544 558 3606 celebret
580 3563 637 3605 non
660 3543 804 3607 minorem
828 3564 915 3626 quam
937 3545 1115 3607 Durerum
1107 3563 1137 3605 ιιι
1159 3543 1300 3625 pictoria,
1326 3543 1408 3622 cujus
1506 3571 1513 3588 ·

71 3630 182 3692 crescit
203 3632 319 3692 occulto
342 3633 424 3693 velut
447 3633 534 3695 arbor
553 3653 627 3696 aevo
652 3635 741 3697 fama.
780 3633 840 3696 Sed
864 3653 900 3695 ne
921 3641 1007 3696 extra
1029 3635 1129 3707 oleas3
1153 3632 1284 3732 Byrgius
1307 3640 1410 3694 noster

72 3719 150 3782 banc
174 3719 324 3782 stellam
315 3739 380 3800 rpse
405 3721 521 3801 quidem
544 3741 576 3783 se
599 3721 663 3804 ipso
686 3742 745 3785 nou
768 3723 963 3805 deprehendit
985 3723 1079 3797 initio,
1105 3719 1190 3782 sed'
1180 3740 1247 3782 cnm
1271 3739 1308 3781 ex
1331 3720 1408 3780 Hol-

70 3808 173 3870 landia
196 3829 214 3870 a
236 3807 384 3890 Principis
412 3809 545 3873 Mauritii
575 3811 738 3874 architecto
769 3811 1003 3892 perscriberetur
1033 3811 1071 3872 ad
1102 3807 1229 3894 Lippiae
1260 3807 1406 3884 comitem,
1467 3877 1468 3882 .

70 3898 110 3960 ab
134 3897 190 3960 hoc
213 3898 252 3958 ad
265 3897 418 3981 Byrgmm
441 3917 475 3959 eo
499 3919 575 3961 anno
599 3919 656 3980 quo
678 3899 816 3965 Jansonii
839 3902 945 3982 globus
968 3899 1088 3980 prodiit,
1111 3895 1260 3961 Novam
1252 3917 1282 3960 m
1302 3887 1408 4000 Cygno

67 3986 164 4048 videri
188 3987 327 4048 stellam.
351 3987 414 4048 ets‘s
430 3986 479 4049 hic
502 3989 539 4050 de
562 3990 721 4050 memoriae
746 4011 817 4052 snae
840 3988 1052 4069 promtitudine
1081 3987 1229 4049 dubitavit
1251 3988 1338 4048 bomo
1363 3986 1409 4046 sui

66 4087 242 4156 temperans
272 4084 304 4136 et
330 4096 350 4137 a
379 4077 514 4138 vanitate
545 4077 760 4152 alienissimus,
794 4087 860 4146 erat
889 4087 989 4140 tamen
1020 4096 1159 4157 quorsum
1189 4095 1221 4136 se
1253 4076 1409 4155 reciperet.

67 4165 151 4230 Olim
174 4164 205 4227 in
227 4163 391 4227 ministerio
409 4165 611 4228 Illustrissimi
624 4167 808 4246 Landgravii
821 4167 950 4228 Hassiae
966 4165 1108 4228 Gulielmi
1114 4166 1221 4268 ·(cujus
1236 4164 1267 4226 in
1287 4164 1409 4226 siderali

65 4254 197 4318 scientia
220 4252 351 4316 studium
375 4263 406 4316 et
429 4255 586 4336 diligentia
608 4256 704 4337 major
727 4274 814 4336 quam
836 4256 864 4317 in
883 4255 1016 4336 principe
1039 4255 1205 4337 requireres
1228 4255 1408 4334 inventaque
1479 4305 1489 4326 ,

64 4342 310 4438 praeclarissima
338 4344 509 4425 Tychonem
531 4344 631 4406 Brahe
655 4344 693 4405 ad
717 4343 945 4406 aemulationem
969 4345 1213 4418 exstimulatum,
1239 4351 1273 4404 ut
1294 4343 1409 4422 passim

65 4437 98 4496 in
122 4433 187 4514 ejus
210 4433 267 4494 viri
280 4425 447 4513 operibus,
480 4434 607 4497 maxime
630 4433 662 4495 in
688 4433 763 4496 libro
786 4431 989 4513 Epistolarnm
1011 4434 1112 4496 videre
1144 4433 1248 4510 est),'
1239 4452 1266 4494 ιι
1291 4451 1347 4513 quo
1372 4431 1408 4494 de

67 4541 127 4602 ago
158 4521 288 4604 Byrgius
316 4531 491 4585 automaton
523 4525 653 4586 coeleste
691 4541 841 4604 apparana
878 4524 997 4603 globum
1027 4524 1188 4586 coelestem
1219 4541 1256 4584 ex
1284 4525 1416 4602 argento

69 4612 231 4691 adjecerat.
267 4611 338 4674 Fuit
355 4612 412 4674 hoc
428 4632 463 4673 eo
487 4621 630 4694 tempore,
655 4631 711 4693 quo
726 4613 854 4676 maxime
868 4611 1051 4694 Landgravii
1075 4621 1265 4674 astronomus
1287 4611 1407 4674 Retho-

68 4721 195 4764 mannns
218 4700 285 4764 fixis
308 4702 407 4764 stellis
431 4720 552 4783 operam
575 4701 776 4782 impendebat.
815 4700 892 4764 Cum
907 4703 996 4782 igitur
1009 4703 1094 4766 multi
1117 4701 1408 4782 deprehenderentur

72 4809 186 4852 errores
208 4789 238 4853 in
258 4790 350 4853 abaco
364 4791 540 4868 Ptolemaei,
564 4794 675 4854 multae
694 4791 786 4854 etiam
804 4793 893 4872 paulo
917 4793 1059 4856 clariores
1074 4814 1094 4854 a
1107 4791 1283 4854 Ptolemaeo
1306 4799 1408 4853 essent

71 4879 199 4941 omissae
228 4888 314 4944 extra
348 4881 459 4946 iormas
491 4882 638 4946 siderum:
670 4881 785 4961 placuit
815 4881 958 4963 principi,
991 4890 1031 4946 ιιι
1053 4882 1190 4964 quicquid
1218 4880 1406 4944 mechanicus

122 4985 208 5036 repr-n
222 4988 297 5038 opera
318 4988 344 5028 ιι.
1164 4986 1197 5037 ts
