<?xml version="1.0" encoding="UTF-8"?>
<!DOCTYPE html PUBLIC "-//W3C//DTD XHTML 1.0 Transitional//EN"
    "http://www.w3.org/TR/xhtml1/DTD/xhtml1-transitional.dtd">
<html xmlns="http://www.w3.org/1999/xhtml" xml:lang="en" lang="en">
 <head>
  <title>
</title>
<meta http-equiv="Content-Type" content="text/html;charset=utf-8" />
  <meta name='ocr-system' content='tesseract 3.04.00' />
  <meta name='ocr-capabilities' content='ocr_page ocr_carea ocr_par ocr_line ocrx_word'/>
</head>
<body>
  <div class='ocr_page' id='page_1' title='image "./joanniskepleria02unkngoog/joanniskepleria02unkngoog_0570.png"; bbox 0 0 3694 5528; ppageno 0'>
   <div class='ocr_carea' id='block_1_1' title="bbox 766 281 1530 354">
    <p class='ocr_par' dir='ltr' id='par_1_1' title="bbox 766 281 1530 354">
     <span class='ocr_line' id='line_1_1' title="bbox 766 281 1530 354; baseline 0.001 -2"><span class='ocrx_word' id='word_1_1' title='bbox 766 281 935 334; x_wconf 77' lang='lat' dir='ltr'><strong>arx-arn.</strong></span> <span class='ocrx_word' id='word_1_2' title='bbox 1464 285 1530 354; x_wconf 76' lang='lat' dir='ltr'><strong>sec</strong></span> 
     </span>
    </p>
   </div>
   <div class='ocr_carea' id='block_1_2' title="bbox 176 457 1650 984">
    <p class='ocr_par' dir='ltr' id='par_1_2' title="bbox 176 457 1650 628">
     <span class='ocr_line' id='line_1_2' title="bbox 179 457 1650 549; baseline 0.005 -29"><span class='ocrx_word' id='word_1_3' title='bbox 179 457 364 520; x_wconf 90' lang='lat' dir='ltr'><strong>retiforruem</strong></span> <span class='ocrx_word' id='word_1_4' title='bbox 388 457 524 538; x_wconf 88' lang='lat' dir='ltr'><strong>allapsae</strong></span> <span class='ocrx_word' id='word_1_5' title='bbox 548 458 588 521; x_wconf 88' lang='lat' dir='ltr'><strong>ad</strong></span> <span class='ocrx_word' id='word_1_6' title='bbox 611 457 735 537; x_wconf 85' lang='lat' dir='ltr'><strong>spiritus</strong></span> <span class='ocrx_word' id='word_1_7' title='bbox 757 458 787 520; x_wconf 91' lang='lat' dir='ltr'><strong>iu</strong></span> <span class='ocrx_word' id='word_1_8' title='bbox 810 458 957 522; x_wconf 87' lang='lat' dir='ltr'><strong>retiformi</strong></span> <span class='ocrx_word' id='word_1_9' title='bbox 981 458 1207 522; x_wconf 76' lang='lat' dir='ltr'><strong>subtilissimam</strong></span> <span class='ocrx_word' id='word_1_10' title='bbox 1230 461 1427 536; x_wconf 79' lang='lat' dir='ltr'><strong>tenuitatem,</strong></span> <span class='ocrx_word' id='word_1_11' title='bbox 1453 483 1530 546; x_wconf 86' lang='lat' dir='ltr'><strong>quas</strong></span> <span class='ocrx_word' id='word_1_12' title='bbox 1645 541 1650 549; x_wconf 78' lang='lat'><em>.</em></span> 
     </span>
     <span class='ocr_line' id='line_1_3' title="bbox 176 546 1528 628; baseline 0.004 -20"><span class='ocrx_word' id='word_1_13' title='bbox 176 555 226 608; x_wconf 86' lang='lat' dir='ltr'><strong>est</strong></span> <span class='ocrx_word' id='word_1_14' title='bbox 249 546 323 608; x_wconf 86' lang='lat' dir='ltr'><strong>foris</strong></span> <span class='ocrx_word' id='word_1_15' title='bbox 347 548 376 608; x_wconf 92' lang='lat' dir='ltr'><strong>in</strong></span> <span class='ocrx_word' id='word_1_16' title='bbox 401 553 470 608; x_wconf 70' lang='lat' dir='ltr'><strong>atre</strong></span> <span class='ocrx_word' id='word_1_17' title='bbox 486 546 683 609; x_wconf 87' lang='lat' dir='ltr'><strong>densissimae</strong></span> <span class='ocrx_word' id='word_1_18' title='bbox 706 547 781 609; x_wconf 89' lang='lat' dir='ltr'><strong>lucis</strong></span> <span class='ocrx_word' id='word_1_19' title='bbox 804 546 936 610; x_wconf 87' lang='lat' dir='ltr'><strong>ustoriae</strong></span> <span class='ocrx_word' id='word_1_20' title='bbox 961 548 1000 610; x_wconf 92' lang='lat' dir='ltr'><strong>ad</strong></span> <span class='ocrx_word' id='word_1_21' title='bbox 1022 566 1157 610; x_wconf 78' lang='lat' dir='ltr'><strong>crassam</strong></span> <span class='ocrx_word' id='word_1_22' title='bbox 1181 550 1399 628; x_wconf 77' lang='lat' dir='ltr'><strong>corpulentiam</strong></span> <span class='ocrx_word' id='word_1_23' title='bbox 1415 569 1528 626; x_wconf 88' lang='lat' dir='ltr'><strong>sorum,</strong></span> 
     </span>
    </p>

    <p class='ocr_par' dir='ltr' id='par_1_3' title="bbox 177 635 1530 984">
     <span class='ocr_line' id='line_1_4' title="bbox 177 635 1529 719; baseline 0.005 -23"><span class='ocrx_word' id='word_1_24' title='bbox 177 654 254 716; x_wconf 92' lang='lat' dir='ltr'><strong>quae</strong></span> <span class='ocrx_word' id='word_1_25' title='bbox 278 643 412 710; x_wconf 87' lang='lat' dir='ltr'><strong>uruntur,</strong></span> <span class='ocrx_word' id='word_1_26' title='bbox 435 641 507 697; x_wconf 90' lang='lat' dir='ltr'><strong>tunc</strong></span> <span class='ocrx_word' id='word_1_27' title='bbox 529 652 589 696; x_wconf 90' lang='lat' dir='ltr'><strong>non</strong></span> <span class='ocrx_word' id='word_1_28' title='bbox 612 635 710 697; x_wconf 88' lang='lat' dir='ltr'><strong>minus</strong></span> <span class='ocrx_word' id='word_1_29' title='bbox 732 635 762 697; x_wconf 91' lang='lat' dir='ltr'><strong>in</strong></span> <span class='ocrx_word' id='word_1_30' title='bbox 786 636 934 698; x_wconf 87' lang='lat' dir='ltr'><strong>retiformi</strong></span> <span class='ocrx_word' id='word_1_31' title='bbox 956 643 1099 717; x_wconf 90' lang='lat' dir='ltr'><strong>sequetur</strong></span> <span class='ocrx_word' id='word_1_32' title='bbox 1122 637 1201 698; x_wconf 92' lang='lat' dir='ltr'><strong>actio</strong></span> <span class='ocrx_word' id='word_1_33' title='bbox 1226 637 1342 700; x_wconf 89' lang='lat' dir='ltr'><strong>luculae</strong></span> <span class='ocrx_word' id='word_1_34' title='bbox 1365 650 1529 719; x_wconf 88' lang='lat' dir='ltr'><strong>penetrans</strong></span> 
     </span>
     <span class='ocr_line' id='line_1_5' title="bbox 177 722 1530 805; baseline 0.004 -20"><span class='ocrx_word' id='word_1_35' title='bbox 177 732 209 785; x_wconf 92' lang='lat' dir='ltr'><strong>et</strong></span> <span class='ocrx_word' id='word_1_36' title='bbox 231 722 335 803; x_wconf 82' lang='lat' dir='ltr'><strong>passio</strong></span> <span class='ocrx_word' id='word_1_37' title='bbox 358 722 521 784; x_wconf 89' lang='lat' dir='ltr'><strong>retiformis</strong></span> <span class='ocrx_word' id='word_1_38' title='bbox 544 722 740 803; x_wconf 86' lang='lat' dir='ltr'><strong>spiritusque,</strong></span> <span class='ocrx_word' id='word_1_39' title='bbox 775 743 862 804; x_wconf 90' lang='lat' dir='ltr'><strong>quam</strong></span> <span class='ocrx_word' id='word_1_40' title='bbox 893 724 966 786; x_wconf 91' lang='lat' dir='ltr'><strong>foris</strong></span> <span class='ocrx_word' id='word_1_41' title='bbox 989 724 1124 805; x_wconf 89' lang='lat' dir='ltr'><strong>sequitur</strong></span> <span class='ocrx_word' id='word_1_42' title='bbox 1155 724 1235 786; x_wconf 91' lang='lat' dir='ltr'><strong>ustio</strong></span> <span class='ocrx_word' id='word_1_43' title='bbox 1260 727 1370 801; x_wconf 84' lang='lat' dir='ltr'><strong>(actio)</strong></span> <span class='ocrx_word' id='word_1_44' title='bbox 1397 729 1474 790; x_wconf 90' lang='lat' dir='ltr'><strong>lucis</strong></span> <span class='ocrx_word' id='word_1_45' title='bbox 1498 741 1530 790; x_wconf 92' lang='lat' dir='ltr'><strong>et</strong></span> 
     </span>
     <span class='ocr_line' id='line_1_6' title="bbox 177 811 1527 896; baseline 0.004 -24"><span class='ocrx_word' id='word_1_46' title='bbox 177 811 342 872; x_wconf 78' lang='lat' dir='ltr'><strong>destructio</strong></span> <span class='ocrx_word' id='word_1_47' title='bbox 367 811 500 890; x_wconf 87' lang='lat' dir='ltr'><strong>(passio)</strong></span> <span class='ocrx_word' id='word_1_48' title='bbox 523 811 684 887; x_wconf 89' lang='lat' dir='ltr'><strong>materiae,</strong></span> <span class='ocrx_word' id='word_1_49' title='bbox 709 831 785 894; x_wconf 87' lang='lat' dir='ltr'><strong>quae</strong></span> <span class='ocrx_word' id='word_1_50' title='bbox 808 812 915 874; x_wconf 89' lang='lat' dir='ltr'><strong>uritur.</strong></span> <span class='ocrx_word' id='word_1_51' title='bbox 961 812 1059 876; x_wconf 91' lang='lat' dir='ltr'><strong>Probo</strong></span> <span class='ocrx_word' id='word_1_52' title='bbox 1091 813 1222 875; x_wconf 88' lang='lat' dir='ltr'><strong>secundo</strong></span> <span class='ocrx_word' id='word_1_53' title='bbox 1256 814 1294 876; x_wconf 94' lang='lat' dir='ltr'><strong>ab</strong></span> <span class='ocrx_word' id='word_1_54' title='bbox 1330 817 1527 896; x_wconf 85' lang='lat' dir='ltr'><strong>experientia.</strong></span> 
     </span>
     <span class='ocr_line' id='line_1_7' title="bbox 177 897 1529 984; baseline 0.005 -24"><span class='ocrx_word' id='word_1_55' title='bbox 177 897 265 961; x_wconf 87' lang='lat' dir='ltr'><strong>Oculi</strong></span> <span class='ocrx_word' id='word_1_56' title='bbox 288 898 396 962; x_wconf 85' lang='lat' dir='ltr'><strong>intenti</strong></span> <span class='ocrx_word' id='word_1_57' title='bbox 421 899 449 960; x_wconf 91' lang='lat' dir='ltr'><strong>in</strong></span> <span class='ocrx_word' id='word_1_58' title='bbox 474 899 571 961; x_wconf 89' lang='lat' dir='ltr'><strong>lucem</strong></span> <span class='ocrx_word' id='word_1_59' title='bbox 593 901 703 962; x_wconf 88' lang='lat' dir='ltr'><strong>fortem</strong></span> <span class='ocrx_word' id='word_1_60' title='bbox 725 901 800 964; x_wconf 86' lang='lat' dir='ltr'><strong>adeo</strong></span> <span class='ocrx_word' id='word_1_61' title='bbox 824 900 1008 976; x_wconf 84' lang='lat' dir='ltr'><strong>afficiuntur,</strong></span> <span class='ocrx_word' id='word_1_62' title='bbox 1033 909 1068 962; x_wconf 95' lang='lat' dir='ltr'><strong>ut</strong></span> <span class='ocrx_word' id='word_1_63' title='bbox 1091 901 1183 964; x_wconf 90' lang='lat' dir='ltr'><strong>etiam</strong></span> <span class='ocrx_word' id='word_1_64' title='bbox 1206 903 1356 965; x_wconf 84' lang='lat' dir='ltr'><strong>subtracti</strong></span> <span class='ocrx_word' id='word_1_65' title='bbox 1381 925 1399 965; x_wconf 88' lang='lat' dir='ltr'><strong>a</strong></span> <span class='ocrx_word' id='word_1_66' title='bbox 1423 907 1529 984; x_wconf 90' lang='lat' dir='ltr'><strong>splen-</strong></span> 
     </span>
    </p>
   </div>
   <div class='ocr_carea' id='block_1_3' title="bbox 176 986 1530 1162">
    <p class='ocr_par' dir='ltr' id='par_1_4' title="bbox 176 986 1530 1162">
     <span class='ocr_line' id='line_1_8' title="bbox 176 986 1529 1068; baseline 0.005 -20"><span class='ocrx_word' id='word_1_67' title='bbox 176 988 248 1050; x_wconf 89' lang='lat' dir='ltr'><strong>dore</strong></span> <span class='ocrx_word' id='word_1_68' title='bbox 272 988 338 1050; x_wconf 90' lang='lat' dir='ltr'><strong>viso</strong></span> <span class='ocrx_word' id='word_1_69' title='bbox 366 995 467 1049; x_wconf 90' lang='lat' dir='ltr'><strong>tamen</strong></span> <span class='ocrx_word' id='word_1_70' title='bbox 500 986 659 1068; x_wconf 85' lang='lat' dir='ltr'><strong>imaginem</strong></span> <span class='ocrx_word' id='word_1_71' title='bbox 687 989 753 1067; x_wconf 91' lang='lat' dir='ltr'><strong>ejus</strong></span> <span class='ocrx_word' id='word_1_72' title='bbox 782 989 935 1052; x_wconf 90' lang='lat' dir='ltr'><strong>retineant</strong></span> <span class='ocrx_word' id='word_1_73' title='bbox 966 999 998 1051; x_wconf 91' lang='lat' dir='ltr'><strong>et</strong></span> <span class='ocrx_word' id='word_1_74' title='bbox 1027 988 1237 1052; x_wconf 89' lang='lat' dir='ltr'><strong>circumferant</strong></span> <span class='ocrx_word' id='word_1_75' title='bbox 1270 992 1346 1053; x_wconf 90' lang='lat' dir='ltr'><strong>satis</strong></span> <span class='ocrx_word' id='word_1_76' title='bbox 1379 993 1529 1055; x_wconf 89' lang='lat' dir='ltr'><strong>interdum</strong></span> 
     </span>
     <span class='ocr_line' id='line_1_9' title="bbox 177 1075 1530 1162; baseline 0.004 -26"><span class='ocrx_word' id='word_1_77' title='bbox 177 1075 237 1136; x_wconf 91' lang='lat' dir='ltr'><strong>diu.</strong></span> <span class='ocrx_word' id='word_1_78' title='bbox 283 1075 407 1138; x_wconf 86' lang='lat' dir='ltr'><strong>Pictura</strong></span> <span class='ocrx_word' id='word_1_79' title='bbox 428 1076 519 1156; x_wconf 87' lang='lat' dir='ltr'><strong>igitur</strong></span> <span class='ocrx_word' id='word_1_80' title='bbox 540 1077 596 1138; x_wconf 92' lang='lat' dir='ltr'><strong>illa</strong></span> <span class='ocrx_word' id='word_1_81' title='bbox 618 1077 781 1140; x_wconf 80' lang='lat' dir='ltr'><strong>retiformis</strong></span> <span class='ocrx_word' id='word_1_82' title='bbox 807 1085 855 1139; x_wconf 89' lang='lat' dir='ltr'><strong>est</strong></span> <span class='ocrx_word' id='word_1_83' title='bbox 877 1078 980 1158; x_wconf 87' lang='lat' dir='ltr'><strong>passio</strong></span> <span class='ocrx_word' id='word_1_84' title='bbox 1008 1086 1181 1156; x_wconf 87' lang='lat' dir='ltr'><strong>penetrans.</strong></span> <span class='ocrx_word' id='word_1_85' title='bbox 1229 1079 1274 1141; x_wconf 85' lang='lat' dir='ltr'><strong>At</strong></span> <span class='ocrx_word' id='word_1_86' title='bbox 1306 1080 1381 1143; x_wconf 91' lang='lat' dir='ltr'><strong>baec</strong></span> <span class='ocrx_word' id='word_1_87' title='bbox 1411 1081 1530 1162; x_wconf 88' lang='lat' dir='ltr'><strong>pictura</strong></span> 
     </span>
    </p>
   </div>
   <div class='ocr_carea' id='block_1_4' title="bbox 178 1161 1624 1248">
    <p class='ocr_par' dir='ltr' id='par_1_5' title="bbox 178 1161 1624 1248">
     <span class='ocr_line' id='line_1_10' title="bbox 178 1161 1624 1248; baseline 0.005 -24"><span class='ocrx_word' id='word_1_88' title='bbox 178 1164 307 1226; x_wconf 87' lang='lat' dir='ltr'><strong>nondum</strong></span> <span class='ocrx_word' id='word_1_89' title='bbox 331 1165 462 1227; x_wconf 88' lang='lat' dir='ltr'><strong>absolvit</strong></span> <span class='ocrx_word' id='word_1_90' title='bbox 491 1163 637 1227; x_wconf 90' lang='lat' dir='ltr'><strong>visionem</strong></span> <span class='ocrx_word' id='word_1_91' title='bbox 668 1165 835 1246; x_wconf 83' lang='lat' dir='ltr'><strong>integram,</strong></span> <span class='ocrx_word' id='word_1_92' title='bbox 869 1167 927 1227; x_wconf 90' lang='lat' dir='ltr'><strong>nisi</strong></span> <span class='ocrx_word' id='word_1_93' title='bbox 960 1167 1077 1245; x_wconf 91' lang='lat' dir='ltr'><strong>species</strong></span> <span class='ocrx_word' id='word_1_94' title='bbox 1109 1167 1273 1229; x_wconf 87' lang='lat' dir='ltr'><strong>retiformis</strong></span> <span class='ocrx_word' id='word_1_95' title='bbox 1305 1169 1349 1230; x_wconf 92' lang='lat' dir='ltr'><strong>sic</strong></span> <span class='ocrx_word' id='word_1_96' title='bbox 1383 1170 1530 1248; x_wconf 86' lang='lat' dir='ltr'><strong>patientis</strong></span> <span class='ocrx_word' id='word_1_97' title='bbox 1616 1161 1624 1180; x_wconf 83' lang='lat'>&#39;</span> 
     </span>
    </p>
   </div>
   <div class='ocr_carea' id='block_1_5' title="bbox 177 1251 1529 2745">
    <p class='ocr_par' dir='ltr' id='par_1_6' title="bbox 178 1251 1529 1421">
     <span class='ocr_line' id='line_1_11' title="bbox 178 1251 1529 1334; baseline 0.004 -20"><span class='ocrx_word' id='word_1_98' title='bbox 178 1252 401 1314; x_wconf 85' lang='lat' dir='ltr'><strong>continuatione</strong></span> <span class='ocrx_word' id='word_1_99' title='bbox 432 1251 589 1331; x_wconf 86' lang='lat' dir='ltr'><strong>spirituum</strong></span> <span class='ocrx_word' id='word_1_100' title='bbox 621 1261 760 1316; x_wconf 88' lang='lat' dir='ltr'><strong>trauseat</strong></span> <span class='ocrx_word' id='word_1_101' title='bbox 782 1255 811 1316; x_wconf 93' lang='lat' dir='ltr'><strong>in</strong></span> <span class='ocrx_word' id='word_1_102' title='bbox 835 1254 989 1317; x_wconf 88' lang='lat' dir='ltr'><strong>cerebrum</strong></span> <span class='ocrx_word' id='word_1_103' title='bbox 1018 1253 1118 1334; x_wconf 89' lang='lat' dir='ltr'><strong>ibique</strong></span> <span class='ocrx_word' id='word_1_104' title='bbox 1142 1255 1269 1318; x_wconf 86' lang='lat' dir='ltr'><strong>sistatur</strong></span> <span class='ocrx_word' id='word_1_105' title='bbox 1302 1257 1342 1318; x_wconf 92' lang='lat' dir='ltr'><strong>ad</strong></span> <span class='ocrx_word' id='word_1_106' title='bbox 1374 1257 1529 1322; x_wconf 85' lang='lat' dir='ltr'><strong>facultatis</strong></span> 
     </span>
     <span class='ocr_line' id='line_1_12' title="bbox 179 1339 675 1421; baseline 0.002 -20"><span class='ocrx_word' id='word_1_107' title='bbox 179 1339 298 1402; x_wconf 89' lang='lat' dir='ltr'><strong>animas</strong></span> <span class='ocrx_word' id='word_1_108' title='bbox 321 1341 439 1402; x_wconf 85' lang='lat' dir='ltr'><strong>limina:</strong></span> <span class='ocrx_word' id='word_1_109' title='bbox 464 1341 543 1421; x_wconf 93' lang='lat' dir='ltr'><strong>quod</strong></span> <span class='ocrx_word' id='word_1_110' title='bbox 565 1341 609 1402; x_wconf 92' lang='lat' dir='ltr'><strong>sic</strong></span> <span class='ocrx_word' id='word_1_111' title='bbox 631 1342 675 1403; x_wconf 88' lang='lat' dir='ltr'><strong>fit.</strong></span> 
     </span>
    </p>

    <p class='ocr_par' dir='ltr' id='par_1_7' title="bbox 177 1426 1529 2745">
     <span class='ocr_line' id='line_1_13' title="bbox 267 1426 1529 1512; baseline 0.003 -22"><span class='ocrx_word' id='word_1_112' title='bbox 267 1426 525 1500; x_wconf 79' lang='lat' dir='ltr'><strong>Quemadmodum</strong></span> <span class='ocrx_word' id='word_1_113' title='bbox 556 1430 653 1492; x_wconf 88' lang='lat' dir='ltr'><strong>omnis</strong></span> <span class='ocrx_word' id='word_1_114' title='bbox 685 1448 791 1492; x_wconf 88' lang='lat' dir='ltr'><strong>sensus</strong></span> <span class='ocrx_word' id='word_1_115' title='bbox 815 1438 957 1492; x_wconf 84' lang='lat' dir='ltr'><strong>externus</strong></span> <span class='ocrx_word' id='word_1_116' title='bbox 976 1429 1128 1510; x_wconf 87' lang='lat' dir='ltr'><strong>perficitur</strong></span> <span class='ocrx_word' id='word_1_117' title='bbox 1150 1431 1321 1512; x_wconf 86' lang='lat' dir='ltr'><strong>receptione</strong></span> <span class='ocrx_word' id='word_1_118' title='bbox 1345 1441 1377 1494; x_wconf 88' lang='lat' dir='ltr'><strong>et</strong></span> <span class='ocrx_word' id='word_1_119' title='bbox 1399 1435 1529 1512; x_wconf 90' lang='lat' dir='ltr'><strong>impres-</strong></span> 
     </span>
     <span class='ocr_line' id='line_1_14' title="bbox 179 1517 1525 1600; baseline 0.003 -22"><span class='ocrx_word' id='word_1_120' title='bbox 179 1517 272 1591; x_wconf 87' lang='lat' dir='ltr'><strong>sione,</strong></span> <span class='ocrx_word' id='word_1_121' title='bbox 297 1517 437 1598; x_wconf 86' lang='lat' dir='ltr'><strong>passione</strong></span> <span class='ocrx_word' id='word_1_122' title='bbox 462 1517 587 1592; x_wconf 88' lang='lat' dir='ltr'><strong>scilicet,</strong></span> <span class='ocrx_word' id='word_1_123' title='bbox 612 1537 678 1580; x_wconf 92' lang='lat' dir='ltr'><strong>cum</strong></span> <span class='ocrx_word' id='word_1_124' title='bbox 700 1517 880 1598; x_wconf 89' lang='lat' dir='ltr'><strong>imprimitur</strong></span> <span class='ocrx_word' id='word_1_125' title='bbox 902 1519 930 1579; x_wconf 93' lang='lat' dir='ltr'><strong>si</strong></span> <span class='ocrx_word' id='word_1_126' title='bbox 953 1518 1032 1600; x_wconf 91' lang='lat' dir='ltr'><strong>quod</strong></span> <span class='ocrx_word' id='word_1_127' title='bbox 1055 1519 1151 1580; x_wconf 84' lang='lat' dir='ltr'><strong>sentit</strong></span> <span class='ocrx_word' id='word_1_128' title='bbox 1164 1520 1281 1598; x_wconf 87' lang='lat' dir='ltr'><strong>species</strong></span> <span class='ocrx_word' id='word_1_129' title='bbox 1304 1519 1347 1582; x_wconf 93' lang='lat' dir='ltr'><strong>rei</strong></span> <span class='ocrx_word' id='word_1_130' title='bbox 1362 1529 1525 1583; x_wconf 87' lang='lat' dir='ltr'><strong>externae:</strong></span> 
     </span>
     <span class='ocr_line' id='line_1_15' title="bbox 179 1604 1528 1689; baseline 0.003 -23"><span class='ocrx_word' id='word_1_131' title='bbox 179 1613 212 1666; x_wconf 91' lang='lat' dir='ltr'><strong>et</strong></span> <span class='ocrx_word' id='word_1_132' title='bbox 234 1605 310 1667; x_wconf 87' lang='lat' dir='ltr'><strong>haec</strong></span> <span class='ocrx_word' id='word_1_133' title='bbox 332 1604 439 1686; x_wconf 89' lang='lat' dir='ltr'><strong>passio&#39;</strong></span> <span class='ocrx_word' id='word_1_134' title='bbox 459 1607 559 1668; x_wconf 86' lang='lat' dir='ltr'><strong>sensio</strong></span> <span class='ocrx_word' id='word_1_135' title='bbox 583 1607 710 1681; x_wconf 90' lang='lat' dir='ltr'><strong>dicitur;</strong></span> <span class='ocrx_word' id='word_1_136' title='bbox 738 1606 782 1668; x_wconf 91' lang='lat' dir='ltr'><strong>sic</strong></span> <span class='ocrx_word' id='word_1_137' title='bbox 805 1606 899 1668; x_wconf 88' lang='lat' dir='ltr'><strong>etiam</strong></span> <span class='ocrx_word' id='word_1_138' title='bbox 919 1607 1001 1669; x_wconf 90' lang='lat' dir='ltr'><strong>intus</strong></span> <span class='ocrx_word' id='word_1_139' title='bbox 1024 1606 1053 1667; x_wconf 94' lang='lat' dir='ltr'><strong>in</strong></span> <span class='ocrx_word' id='word_1_140' title='bbox 1078 1607 1201 1670; x_wconf 88' lang='lat' dir='ltr'><strong>cerebro</strong></span> <span class='ocrx_word' id='word_1_141' title='bbox 1224 1615 1273 1670; x_wconf 86' lang='lat' dir='ltr'><strong>est</strong></span> <span class='ocrx_word' id='word_1_142' title='bbox 1296 1608 1418 1689; x_wconf 88' lang='lat' dir='ltr'><strong>aliquid,</strong></span> <span class='ocrx_word' id='word_1_143' title='bbox 1444 1611 1528 1688; x_wconf 91' lang='lat' dir='ltr'><strong>quic-</strong></span> 
     </span>
     <span class='ocr_line' id='line_1_16' title="bbox 179 1693 1528 1775; baseline 0.003 -21"><span class='ocrx_word' id='word_1_144' title='bbox 179 1693 251 1774; x_wconf 92' lang='lat' dir='ltr'><strong>quid</strong></span> <span class='ocrx_word' id='word_1_145' title='bbox 273 1694 324 1768; x_wconf 90' lang='lat' dir='ltr'><strong>sit,</strong></span> <span class='ocrx_word' id='word_1_146' title='bbox 349 1693 427 1774; x_wconf 91' lang='lat' dir='ltr'><strong>quod</strong></span> <span class='ocrx_word' id='word_1_147' title='bbox 450 1694 613 1757; x_wconf 88' lang='lat' dir='ltr'><strong>communis</strong></span> <span class='ocrx_word' id='word_1_148' title='bbox 636 1713 743 1757; x_wconf 90' lang='lat' dir='ltr'><strong>sensus</strong></span> <span class='ocrx_word' id='word_1_149' title='bbox 766 1693 892 1771; x_wconf 91' lang='lat' dir='ltr'><strong>dicitur,</strong></span> <span class='ocrx_word' id='word_1_150' title='bbox 916 1696 963 1757; x_wconf 91' lang='lat' dir='ltr'><strong>oui</strong></span> <span class='ocrx_word' id='word_1_151' title='bbox 986 1694 1164 1774; x_wconf 87' lang='lat' dir='ltr'><strong>imprimitur</strong></span> <span class='ocrx_word' id='word_1_152' title='bbox 1191 1697 1309 1775; x_wconf 80' lang='lat' dir='ltr'><strong>species</strong></span> <span class='ocrx_word' id='word_1_153' title='bbox 1337 1697 1528 1760; x_wconf 90' lang='lat' dir='ltr'><strong>instrumenti</strong></span> 
     </span>
     <span class='ocr_line' id='line_1_17' title="bbox 178 1780 1526 1866; baseline 0.004 -26"><span class='ocrx_word' id='word_1_154' title='bbox 178 1780 283 1844; x_wconf 91' lang='lat' dir='ltr'><strong>visorii</strong></span> <span class='ocrx_word' id='word_1_155' title='bbox 307 1781 417 1856; x_wconf 85' lang='lat' dir='ltr'><strong>adecti,</strong></span> <span class='ocrx_word' id='word_1_156' title='bbox 441 1783 499 1843; x_wconf 90' lang='lat' dir='ltr'><strong>hoc</strong></span> <span class='ocrx_word' id='word_1_157' title='bbox 522 1791 570 1844; x_wconf 90' lang='lat' dir='ltr'><strong>est</strong></span> <span class='ocrx_word' id='word_1_158' title='bbox 592 1783 665 1866; x_wconf 85' lang='lat' dir='ltr'><strong>picti</strong></span> <span class='ocrx_word' id='word_1_159' title='bbox 689 1804 709 1844; x_wconf 89' lang='lat' dir='ltr'><strong>a</strong></span> <span class='ocrx_word' id='word_1_160' title='bbox 730 1783 796 1844; x_wconf 91' lang='lat' dir='ltr'><strong>luce</strong></span> <span class='ocrx_word' id='word_1_161' title='bbox 819 1782 863 1845; x_wconf 92' lang='lat' dir='ltr'><strong>rei</strong></span> <span class='ocrx_word' id='word_1_162' title='bbox 885 1783 1024 1845; x_wconf 91' lang='lat' dir='ltr'><strong>visibilis.</strong></span> <span class='ocrx_word' id='word_1_163' title='bbox 1072 1782 1157 1855; x_wconf 79' lang='lat' dir='ltr'><strong>Quas</strong></span> <span class='ocrx_word' id='word_1_164' title='bbox 1190 1784 1281 1864; x_wconf 81' lang='lat' dir='ltr'><strong>igitur</strong></span> <span class='ocrx_word' id='word_1_165' title='bbox 1314 1786 1454 1847; x_wconf 88' lang='lat' dir='ltr'><strong>accidunt</strong></span> <span class='ocrx_word' id='word_1_166' title='bbox 1476 1785 1526 1846; x_wconf 89' lang='lat' dir='ltr'><strong>in-</strong></span> 
     </span>
     <span class='ocr_line' id='line_1_18' title="bbox 178 1871 1528 1952; baseline 0.003 -22"><span class='ocrx_word' id='word_1_167' title='bbox 178 1877 344 1932; x_wconf 86' lang='lat' dir='ltr'><strong>strumento</strong></span> <span class='ocrx_word' id='word_1_168' title='bbox 368 1876 455 1932; x_wconf 82' lang='lat' dir='ltr'><strong>extra</strong></span> <span class='ocrx_word' id='word_1_169' title='bbox 486 1871 590 1934; x_wconf 90' lang='lat' dir='ltr'><strong>sedem</strong></span> <span class='ocrx_word' id='word_1_170' title='bbox 620 1889 727 1934; x_wconf 91' lang='lat' dir='ltr'><strong>seusus</strong></span> <span class='ocrx_word' id='word_1_171' title='bbox 761 1872 943 1946; x_wconf 90' lang='lat' dir='ltr'><strong>communis,</strong></span> <span class='ocrx_word' id='word_1_172' title='bbox 977 1889 1014 1932; x_wconf 88' lang='lat' dir='ltr'><strong>ea</strong></span> <span class='ocrx_word' id='word_1_173' title='bbox 1045 1889 1099 1950; x_wconf 88' lang='lat' dir='ltr'><strong>per</strong></span> <span class='ocrx_word' id='word_1_174' title='bbox 1130 1872 1261 1952; x_wconf 87' lang='lat' dir='ltr'><strong>speciem</strong></span> <span class='ocrx_word' id='word_1_175' title='bbox 1293 1873 1528 1934; x_wconf 88' lang='lat' dir='ltr'><strong>immateriatam</strong></span> 
     </span>
     <span class='ocr_line' id='line_1_19' title="bbox 180 1958 1527 2040; baseline 0.001 -20"><span class='ocrx_word' id='word_1_176' title='bbox 180 1958 338 2038; x_wconf 89' lang='lat' dir='ltr'><strong>delapsam</strong></span> <span class='ocrx_word' id='word_1_177' title='bbox 360 1959 398 2022; x_wconf 91' lang='lat' dir='ltr'><strong>ab</strong></span> <span class='ocrx_word' id='word_1_178' title='bbox 421 1959 621 2022; x_wconf 88' lang='lat' dir='ltr'><strong>instrumento</strong></span> <span class='ocrx_word' id='word_1_179' title='bbox 644 1961 752 2022; x_wconf 86' lang='lat' dir='ltr'><strong>affecto</strong></span> <span class='ocrx_word' id='word_1_180' title='bbox 776 1978 829 2021; x_wconf 92' lang='lat' dir='ltr'><strong>seu</strong></span> <span class='ocrx_word' id='word_1_181' title='bbox 851 1961 942 2040; x_wconf 86' lang='lat' dir='ltr'><strong>picto,</strong></span> <span class='ocrx_word' id='word_1_182' title='bbox 968 1967 999 2021; x_wconf 90' lang='lat' dir='ltr'><strong>et</strong></span> <span class='ocrx_word' id='word_1_183' title='bbox 1026 1960 1197 2022; x_wconf 89' lang='lat' dir='ltr'><strong>traductam</strong></span> <span class='ocrx_word' id='word_1_184' title='bbox 1221 1961 1260 2022; x_wconf 90' lang='lat' dir='ltr'><strong>ad</strong></span> <span class='ocrx_word' id='word_1_185' title='bbox 1289 1960 1394 2022; x_wconf 90' lang='lat' dir='ltr'><strong>limina</strong></span> <span class='ocrx_word' id='word_1_186' title='bbox 1421 1979 1527 2022; x_wconf 88' lang='lat' dir='ltr'><strong>sensus</strong></span> 
     </span>
     <span class='ocr_line' id='line_1_20' title="bbox 178 2046 1529 2128; baseline 0 -20"><span class='ocrx_word' id='word_1_187' title='bbox 178 2047 343 2108; x_wconf 86' lang='lat' dir='ltr'><strong>communis</strong></span> <span class='ocrx_word' id='word_1_188' title='bbox 366 2047 411 2110; x_wconf 93' lang='lat' dir='ltr'><strong>illi</strong></span> <span class='ocrx_word' id='word_1_189' title='bbox 434 2048 535 2110; x_wconf 90' lang='lat' dir='ltr'><strong>sensui</strong></span> <span class='ocrx_word' id='word_1_190' title='bbox 557 2049 704 2111; x_wconf 90' lang='lat' dir='ltr'><strong>communi</strong></span> <span class='ocrx_word' id='word_1_191' title='bbox 718 2048 934 2128; x_wconf 89' lang='lat' dir='ltr'><strong>imprimuntur.</strong></span> <span class='ocrx_word' id='word_1_192' title='bbox 972 2046 1035 2110; x_wconf 88' lang='lat' dir='ltr'><strong>Sed</strong></span> <span class='ocrx_word' id='word_1_193' title='bbox 1050 2048 1207 2128; x_wconf 87' lang='lat' dir='ltr'><strong>impressio</strong></span> <span class='ocrx_word' id='word_1_194' title='bbox 1222 2049 1297 2110; x_wconf 90' lang='lat' dir='ltr'><strong>haec</strong></span> <span class='ocrx_word' id='word_1_195' title='bbox 1320 2057 1369 2111; x_wconf 89' lang='lat' dir='ltr'><strong>est</strong></span> <span class='ocrx_word' id='word_1_196' title='bbox 1390 2048 1529 2111; x_wconf 88' lang='lat' dir='ltr'><strong>occultae</strong></span> 
     </span>
     <span class='ocr_line' id='line_1_21' title="bbox 177 2135 1527 2218; baseline 0 -20"><span class='ocrx_word' id='word_1_197' title='bbox 177 2135 319 2198; x_wconf 88' lang='lat' dir='ltr'><strong>rationis:</strong></span> <span class='ocrx_word' id='word_1_198' title='bbox 343 2153 399 2196; x_wconf 89' lang='lat' dir='ltr'><strong>neo</strong></span> <span class='ocrx_word' id='word_1_199' title='bbox 422 2143 488 2198; x_wconf 87' lang='lat' dir='ltr'><strong>tuto</strong></span> <span class='ocrx_word' id='word_1_200' title='bbox 512 2137 570 2198; x_wconf 93' lang='lat' dir='ltr'><strong>dici</strong></span> <span class='ocrx_word' id='word_1_201' title='bbox 593 2144 704 2218; x_wconf 85' lang='lat' dir='ltr'><strong>potest,</strong></span> <span class='ocrx_word' id='word_1_202' title='bbox 730 2137 860 2218; x_wconf 76' lang='lat' dir='ltr'><strong>speciem</strong></span> <span class='ocrx_word' id='word_1_203' title='bbox 883 2137 961 2198; x_wconf 89' lang='lat' dir='ltr'><strong>hanc</strong></span> <span class='ocrx_word' id='word_1_204' title='bbox 982 2137 1061 2199; x_wconf 88' lang='lat' dir='ltr'><strong>intro</strong></span> <span class='ocrx_word' id='word_1_205' title='bbox 1081 2135 1152 2198; x_wconf 89' lang='lat' dir='ltr'><strong>ferri</strong></span> <span class='ocrx_word' id='word_1_206' title='bbox 1170 2154 1223 2217; x_wconf 91' lang='lat' dir='ltr'><strong>per</strong></span> <span class='ocrx_word' id='word_1_207' title='bbox 1238 2145 1355 2198; x_wconf 89' lang='lat' dir='ltr'><strong>meatus</strong></span> <span class='ocrx_word' id='word_1_208' title='bbox 1369 2155 1527 2198; x_wconf 87' lang='lat' dir='ltr'><strong>nervorum</strong></span> 
     </span>
     <span class='ocr_line' id='line_1_22' title="bbox 180 2224 1529 2305; baseline 0.001 -20"><span class='ocrx_word' id='word_1_209' title='bbox 180 2224 346 2304; x_wconf 89' lang='lat' dir='ltr'><strong>optioorum</strong></span> <span class='ocrx_word' id='word_1_210' title='bbox 369 2242 436 2286; x_wconf 89' lang='lat' dir='ltr'><strong>sese</strong></span> <span class='ocrx_word' id='word_1_211' title='bbox 460 2224 694 2288; x_wconf 87' lang='lat' dir='ltr'><strong>decussantium.</strong></span> <span class='ocrx_word' id='word_1_212' title='bbox 731 2225 811 2288; x_wconf 89' lang='lat' dir='ltr'><strong>Nam</strong></span> <span class='ocrx_word' id='word_1_213' title='bbox 834 2245 906 2287; x_wconf 91' lang='lat' dir='ltr'><strong>usus</strong></span> <span class='ocrx_word' id='word_1_214' title='bbox 929 2227 1033 2287; x_wconf 92' lang='lat' dir='ltr'><strong>borum</strong></span> <span class='ocrx_word' id='word_1_215' title='bbox 1054 2243 1214 2287; x_wconf 86' lang='lat' dir='ltr'><strong>nervorum</strong></span> <span class='ocrx_word' id='word_1_216' title='bbox 1234 2233 1324 2305; x_wconf 86' lang='lat' dir='ltr'><strong>patet</strong></span> <span class='ocrx_word' id='word_1_217' title='bbox 1339 2225 1416 2288; x_wconf 89' lang='lat' dir='ltr'><strong>alius</strong></span> <span class='ocrx_word' id='word_1_218' title='bbox 1430 2225 1529 2286; x_wconf 86' lang='lat' dir='ltr'><strong>mani-</strong></span> 
     </span>
     <span class='ocr_line' id='line_1_23' title="bbox 179 2311 1529 2394; baseline 0.001 -21"><span class='ocrx_word' id='word_1_219' title='bbox 179 2312 294 2381; x_wconf 86' lang='lat' dir='ltr'><strong>festior,</strong></span> <span class='ocrx_word' id='word_1_220' title='bbox 319 2319 351 2374; x_wconf 90' lang='lat' dir='ltr'><strong>ut</strong></span> <span class='ocrx_word' id='word_1_221' title='bbox 373 2311 490 2374; x_wconf 88' lang='lat' dir='ltr'><strong>scilicet</strong></span> <span class='ocrx_word' id='word_1_222' title='bbox 517 2313 653 2394; x_wconf 85' lang='lat' dir='ltr'><strong>spiritum</strong></span> <span class='ocrx_word' id='word_1_223' title='bbox 680 2313 808 2376; x_wconf 81' lang='lat' dir='ltr'><strong>visivam</strong></span> <span class='ocrx_word' id='word_1_224' title='bbox 832 2332 871 2375; x_wconf 89' lang='lat' dir='ltr'><strong>ex</strong></span> <span class='ocrx_word' id='word_1_225' title='bbox 896 2321 1022 2394; x_wconf 85' lang='lat' dir='ltr'><strong>utraque</strong></span> <span class='ocrx_word' id='word_1_226' title='bbox 1051 2313 1165 2374; x_wconf 88' lang='lat' dir='ltr'><strong>cerebri</strong></span> <span class='ocrx_word' id='word_1_227' title='bbox 1187 2321 1275 2394; x_wconf 89' lang='lat' dir='ltr'><strong>parte</strong></span> <span class='ocrx_word' id='word_1_228' title='bbox 1303 2313 1420 2393; x_wconf 89' lang='lat' dir='ltr'><strong>utrique</strong></span> <span class='ocrx_word' id='word_1_229' title='bbox 1443 2313 1529 2375; x_wconf 91' lang='lat' dir='ltr'><strong>oculo</strong></span> 
     </span>
     <span class='ocr_line' id='line_1_24' title="bbox 178 2399 1528 2480; baseline 0.001 -19"><span class='ocrx_word' id='word_1_230' title='bbox 178 2399 338 2474; x_wconf 82' lang='lat' dir='ltr'><strong>sufficiant,</strong></span> <span class='ocrx_word' id='word_1_231' title='bbox 364 2401 414 2480; x_wconf 91' lang='lat' dir='ltr'><strong>qui</strong></span> <span class='ocrx_word' id='word_1_232' title='bbox 437 2400 503 2462; x_wconf 91' lang='lat' dir='ltr'><strong>ideo</strong></span> <span class='ocrx_word' id='word_1_233' title='bbox 527 2402 681 2464; x_wconf 89' lang='lat' dir='ltr'><strong>decussati</strong></span> <span class='ocrx_word' id='word_1_234' title='bbox 695 2410 775 2477; x_wconf 87' lang='lat' dir='ltr'><strong>sunt,</strong></span> <span class='ocrx_word' id='word_1_235' title='bbox 799 2420 835 2463; x_wconf 90' lang='lat' dir='ltr'><strong>ue</strong></span> <span class='ocrx_word' id='word_1_236' title='bbox 855 2403 951 2464; x_wconf 88' lang='lat' dir='ltr'><strong>altero</strong></span> <span class='ocrx_word' id='word_1_237' title='bbox 975 2401 1042 2462; x_wconf 91' lang='lat' dir='ltr'><strong>sinu</strong></span> <span class='ocrx_word' id='word_1_238' title='bbox 1064 2401 1178 2464; x_wconf 90' lang='lat' dir='ltr'><strong>cerebri</strong></span> <span class='ocrx_word' id='word_1_239' title='bbox 1200 2403 1283 2463; x_wconf 89' lang='lat' dir='ltr'><strong>laeso</strong></span> <span class='ocrx_word' id='word_1_240' title='bbox 1303 2409 1356 2464; x_wconf 91' lang='lat' dir='ltr'><strong>aut</strong></span> <span class='ocrx_word' id='word_1_241' title='bbox 1374 2400 1528 2463; x_wconf 88' lang='lat' dir='ltr'><strong>obstructo</strong></span> 
     </span>
     <span class='ocr_line' id='line_1_25' title="bbox 177 2487 1528 2569; baseline 0 -20"><span class='ocrx_word' id='word_1_242' title='bbox 177 2507 279 2564; x_wconf 90' lang='lat' dir='ltr'><strong>nervo,</strong></span> <span class='ocrx_word' id='word_1_243' title='bbox 305 2489 416 2568; x_wconf 87' lang='lat' dir='ltr'><strong>quiex</strong></span> <span class='ocrx_word' id='word_1_244' title='bbox 439 2508 474 2550; x_wconf 92' lang='lat' dir='ltr'><strong>eo</strong></span> <span class='ocrx_word' id='word_1_245' title='bbox 497 2489 570 2565; x_wconf 88' lang='lat' dir='ltr'><strong>exit,</strong></span> <span class='ocrx_word' id='word_1_246' title='bbox 594 2490 699 2552; x_wconf 90' lang='lat' dir='ltr'><strong>statim</strong></span> <span class='ocrx_word' id='word_1_247' title='bbox 723 2499 755 2552; x_wconf 91' lang='lat' dir='ltr'><strong>et</strong></span> <span class='ocrx_word' id='word_1_248' title='bbox 777 2489 855 2551; x_wconf 90' lang='lat' dir='ltr'><strong>alter</strong></span> <span class='ocrx_word' id='word_1_249' title='bbox 878 2491 981 2551; x_wconf 88' lang='lat' dir='ltr'><strong>oculus</strong></span> <span class='ocrx_word' id='word_1_250' title='bbox 1002 2489 1171 2569; x_wconf 89' lang='lat' dir='ltr'><strong>privaretur</strong></span> <span class='ocrx_word' id='word_1_251' title='bbox 1185 2489 1301 2569; x_wconf 92' lang='lat' dir='ltr'><strong>spiritu.</strong></span> <span class='ocrx_word' id='word_1_252' title='bbox 1341 2487 1416 2551; x_wconf 83' lang='lat' dir='ltr'><strong>Cum</strong></span> <span class='ocrx_word' id='word_1_253' title='bbox 1436 2489 1528 2568; x_wconf 81' lang='lat' dir='ltr'><strong>igilur</strong></span> 
     </span>
     <span class='ocr_line' id='line_1_26' title="bbox 178 2575 1526 2658; baseline -0.001 -20"><span class='ocrx_word' id='word_1_254' title='bbox 178 2577 372 2640; x_wconf 88' lang='lat' dir='ltr'><strong>manifestum</strong></span> <span class='ocrx_word' id='word_1_255' title='bbox 394 2595 480 2640; x_wconf 87' lang='lat' dir='ltr'><strong>usum</strong></span> <span class='ocrx_word' id='word_1_256' title='bbox 502 2578 635 2640; x_wconf 87' lang='lat' dir='ltr'><strong>habeant</strong></span> <span class='ocrx_word' id='word_1_257' title='bbox 657 2578 741 2641; x_wconf 92' lang='lat' dir='ltr'><strong>nervi</strong></span> <span class='ocrx_word' id='word_1_258' title='bbox 764 2577 866 2658; x_wconf 93' lang='lat' dir='ltr'><strong>optiei,</strong></span> <span class='ocrx_word' id='word_1_259' title='bbox 891 2578 1048 2639; x_wconf 90' lang='lat' dir='ltr'><strong>obscurum</strong></span> <span class='ocrx_word' id='word_1_260' title='bbox 1071 2585 1129 2651; x_wconf 86' lang='lat' dir='ltr'><strong>est,</strong></span> <span class='ocrx_word' id='word_1_261' title='bbox 1154 2595 1193 2638; x_wconf 90' lang='lat' dir='ltr'><strong>an</strong></span> <span class='ocrx_word' id='word_1_262' title='bbox 1217 2577 1309 2638; x_wconf 88' lang='lat' dir='ltr'><strong>etiam</strong></span> <span class='ocrx_word' id='word_1_263' title='bbox 1323 2575 1445 2656; x_wconf 87' lang='lat' dir='ltr'><strong>insuper</strong></span> <span class='ocrx_word' id='word_1_264' title='bbox 1459 2595 1526 2638; x_wconf 85' lang='lat' dir='ltr'><strong>ser-</strong></span> 
     </span>
     <span class='ocr_line' id='line_1_27' title="bbox 179 2665 1528 2745; baseline 0 -21"><span class='ocrx_word' id='word_1_265' title='bbox 179 2665 266 2727; x_wconf 85' lang='lat' dir='ltr'><strong>viant</strong></span> <span class='ocrx_word' id='word_1_266' title='bbox 288 2665 399 2745; x_wconf 87' lang='lat' dir='ltr'><strong>speciei</strong></span> <span class='ocrx_word' id='word_1_267' title='bbox 423 2665 524 2728; x_wconf 82' lang='lat' dir='ltr'><strong>allecti</strong></span> <span class='ocrx_word' id='word_1_268' title='bbox 546 2665 737 2729; x_wconf 87' lang='lat' dir='ltr'><strong>instrumenti</strong></span> <span class='ocrx_word' id='word_1_269' title='bbox 760 2665 964 2728; x_wconf 88' lang='lat' dir='ltr'><strong>traducendae</strong></span> <span class='ocrx_word' id='word_1_270' title='bbox 980 2666 1074 2736; x_wconf 66' lang='lat' dir='ltr'><strong>‚iutro</strong></span> <span class='ocrx_word' id='word_1_271' title='bbox 1098 2665 1128 2726; x_wconf 93' lang='lat' dir='ltr'><strong>in</strong></span> <span class='ocrx_word' id='word_1_272' title='bbox 1161 2665 1335 2736; x_wconf 90' lang='lat' dir='ltr'><strong>cerebrum,</strong></span> <span class='ocrx_word' id='word_1_273' title='bbox 1366 2684 1403 2725; x_wconf 88' lang='lat' dir='ltr'><strong>an</strong></span> <span class='ocrx_word' id='word_1_274' title='bbox 1428 2665 1528 2744; x_wconf 92' lang='lat' dir='ltr'><strong>potius</strong></span> 
     </span>
    </p>
   </div>
   <div class='ocr_carea' id='block_1_6' title="bbox 71 2752 1529 2835">
    <p class='ocr_par' dir='ltr' id='par_1_8' title="bbox 71 2752 1529 2835">
     <span class='ocr_line' id='line_1_28' title="bbox 71 2752 1529 2835; baseline -0.002 -20"><span class='ocrx_word' id='word_1_275' title='bbox 71 2776 74 2782; x_wconf 93' lang='lat'>·</span> <span class='ocrx_word' id='word_1_276' title='bbox 180 2753 244 2815; x_wconf 90' lang='lat' dir='ltr'><strong>siut</strong></span> <span class='ocrx_word' id='word_1_277' title='bbox 265 2753 318 2815; x_wconf 84' lang='lat' dir='ltr'><strong>alii</strong></span> <span class='ocrx_word' id='word_1_278' title='bbox 342 2753 433 2833; x_wconf 87' lang='lat' dir='ltr'><strong>aliqui</strong></span> <span class='ocrx_word' id='word_1_279' title='bbox 456 2753 590 2834; x_wconf 88' lang='lat' dir='ltr'><strong>spiritus,</strong></span> <span class='ocrx_word' id='word_1_280' title='bbox 614 2755 788 2818; x_wconf 87' lang='lat' dir='ltr'><strong>subtiliores</strong></span> <span class='ocrx_word' id='word_1_281' title='bbox 811 2772 955 2835; x_wconf 90' lang='lat' dir='ltr'><strong>corporeo</strong></span> <span class='ocrx_word' id='word_1_282' title='bbox 978 2755 1038 2816; x_wconf 88' lang='lat' dir='ltr'><strong>isto</strong></span> <span class='ocrx_word' id='word_1_283' title='bbox 1061 2772 1115 2833; x_wconf 89' lang='lat' dir='ltr'><strong>per</strong></span> <span class='ocrx_word' id='word_1_284' title='bbox 1138 2754 1323 2816; x_wconf 87' lang='lat' dir='ltr'><strong>retiformem</strong></span> <span class='ocrx_word' id='word_1_285' title='bbox 1338 2771 1454 2832; x_wconf 87' lang='lat' dir='ltr'><strong>sparso,</strong></span> <span class='ocrx_word' id='word_1_286' title='bbox 1479 2752 1529 2832; x_wconf 89' lang='lat' dir='ltr'><strong>qui</strong></span> 
     </span>
    </p>
   </div>
   <div class='ocr_carea' id='block_1_7' title="bbox 154 2839 1532 3543">
    <p class='ocr_par' dir='ltr' id='par_1_9' title="bbox 154 2839 1532 3543">
     <span class='ocr_line' id='line_1_29' title="bbox 179 2839 1529 2924; baseline -0.001 -22"><span class='ocrx_word' id='word_1_287' title='bbox 179 2848 281 2904; x_wconf 88' lang='lat' dir='ltr'><strong>meatu</strong></span> <span class='ocrx_word' id='word_1_288' title='bbox 303 2839 445 2920; x_wconf 82' lang='lat' dir='ltr'><strong>corporeo</strong></span> <span class='ocrx_word' id='word_1_289' title='bbox 463 2862 523 2905; x_wconf 93' lang='lat' dir='ltr'><strong>non</strong></span> <span class='ocrx_word' id='word_1_290' title='bbox 537 2842 714 2924; x_wconf 78' lang='lat' dir='ltr'><strong>indigentes,</strong></span> <span class='ocrx_word' id='word_1_291' title='bbox 738 2863 794 2924; x_wconf 87' lang='lat' dir='ltr'><strong>per</strong></span> <span class='ocrx_word' id='word_1_292' title='bbox 815 2851 912 2906; x_wconf 87' lang='lat' dir='ltr'><strong>totum</strong></span> <span class='ocrx_word' id='word_1_293' title='bbox 936 2861 1043 2923; x_wconf 88' lang='lat' dir='ltr'><strong>eorpus</strong></span> <span class='ocrx_word' id='word_1_294' title='bbox 1067 2842 1159 2904; x_wconf 89' lang='lat' dir='ltr'><strong>libere</strong></span> <span class='ocrx_word' id='word_1_295' title='bbox 1183 2843 1361 2922; x_wconf 89' lang='lat' dir='ltr'><strong>spatientur,</strong></span> <span class='ocrx_word' id='word_1_296' title='bbox 1377 2841 1529 2902; x_wconf 88' lang='lat' dir='ltr'><strong>membr0·</strong></span> 
     </span>
     <span class='ocr_line' id='line_1_30' title="bbox 179 2929 1529 3012; baseline -0.001 -20"><span class='ocrx_word' id='word_1_297' title='bbox 179 2947 302 3010; x_wconf 88' lang='lat' dir='ltr'><strong>rumque</strong></span> <span class='ocrx_word' id='word_1_298' title='bbox 327 2929 500 2993; x_wconf 88' lang='lat' dir='ltr'><strong>affectiones</strong></span> <span class='ocrx_word' id='word_1_299' title='bbox 534 2931 735 3012; x_wconf 86' lang='lat' dir='ltr'><strong>excipientes,</strong></span> <span class='ocrx_word' id='word_1_300' title='bbox 772 2930 887 2995; x_wconf 89' lang='lat' dir='ltr'><strong>cerebri</strong></span> <span class='ocrx_word' id='word_1_301' title='bbox 920 2929 1077 3005; x_wconf 84' lang='lat' dir='ltr'><strong>facultati,</strong></span> <span class='ocrx_word' id='word_1_302' title='bbox 1116 2949 1192 3012; x_wconf 87' lang='lat' dir='ltr'><strong>quas</strong></span> <span class='ocrx_word' id='word_1_303' title='bbox 1224 2930 1388 2993; x_wconf 91' lang='lat' dir='ltr'><strong>communis</strong></span> <span class='ocrx_word' id='word_1_304' title='bbox 1421 2949 1529 2992; x_wconf 85' lang='lat' dir='ltr'><strong>sensus</strong></span> 
     </span>
     <span class='ocr_line' id='line_1_31' title="bbox 181 3017 1530 3098; baseline -0.002 -17"><span class='ocrx_word' id='word_1_305' title='bbox 181 3018 308 3094; x_wconf 87' lang='lat' dir='ltr'><strong>dicitur,</strong></span> <span class='ocrx_word' id='word_1_306' title='bbox 333 3019 561 3082; x_wconf 89' lang='lat' dir='ltr'><strong>communicent.</strong></span> <span class='ocrx_word' id='word_1_307' title='bbox 607 3021 701 3083; x_wconf 86' lang='lat' dir='ltr'><strong>Forte</strong></span> <span class='ocrx_word' id='word_1_308' title='bbox 733 3021 777 3082; x_wconf 92' lang='lat' dir='ltr'><strong>sic</strong></span> <span class='ocrx_word' id='word_1_309' title='bbox 810 3027 875 3094; x_wconf 89' lang='lat' dir='ltr'><strong>eat,</strong></span> <span class='ocrx_word' id='word_1_310' title='bbox 907 3029 941 3081; x_wconf 93' lang='lat' dir='ltr'><strong>ut</strong></span> <span class='ocrx_word' id='word_1_311' title='bbox 964 3021 1167 3082; x_wconf 88' lang='lat' dir='ltr'><strong>transferatur</strong></span> <span class='ocrx_word' id='word_1_312' title='bbox 1190 3020 1263 3081; x_wconf 87' lang='lat' dir='ltr'><strong>haec</strong></span> <span class='ocrx_word' id='word_1_313' title='bbox 1287 3017 1404 3098; x_wconf 89' lang='lat' dir='ltr'><strong>species</strong></span> <span class='ocrx_word' id='word_1_314' title='bbox 1428 3018 1530 3080; x_wconf 86' lang='lat' dir='ltr'><strong>affecti</strong></span> 
     </span>
     <span class='ocr_line' id='line_1_32' title="bbox 154 3104 1530 3188; baseline -0.001 -20"><span class='ocrx_word' id='word_1_315' title='bbox 154 3107 371 3170; x_wconf 87' lang='lat' dir='ltr'><strong>&#39;instrumenti</strong></span> <span class='ocrx_word' id='word_1_316' title='bbox 394 3129 413 3168; x_wconf 89' lang='lat' dir='ltr'><strong>a</strong></span> <span class='ocrx_word' id='word_1_317' title='bbox 435 3107 581 3170; x_wconf 90' lang='lat' dir='ltr'><strong>retiformi</strong></span> <span class='ocrx_word' id='word_1_318' title='bbox 603 3108 634 3170; x_wconf 87' lang='lat' dir='ltr'><strong>in</strong></span> <span class='ocrx_word' id='word_1_319' title='bbox 657 3108 810 3171; x_wconf 86' lang='lat' dir='ltr'><strong>cerebrum</strong></span> <span class='ocrx_word' id='word_1_320' title='bbox 832 3104 887 3188; x_wconf 80' lang='lat' dir='ltr'><strong>per</strong></span> <span class='ocrx_word' id='word_1_321' title='bbox 909 3116 1042 3170; x_wconf 89' lang='lat' dir='ltr'><strong>meatum</strong></span> <span class='ocrx_word' id='word_1_322' title='bbox 1065 3107 1185 3188; x_wconf 90' lang='lat' dir='ltr'><strong>quidem</strong></span> <span class='ocrx_word' id='word_1_323' title='bbox 1212 3105 1296 3169; x_wconf 93' lang='lat' dir='ltr'><strong>nervi</strong></span> <span class='ocrx_word' id='word_1_324' title='bbox 1329 3106 1440 3186; x_wconf 91' lang='lat' dir='ltr'><strong>optici,</strong></span> <span class='ocrx_word' id='word_1_325' title='bbox 1472 3123 1530 3166; x_wconf 92' lang='lat' dir='ltr'><strong>non</strong></span> 
     </span>
     <span class='ocr_line' id='line_1_33' title="bbox 179 3194 1532 3278; baseline -0.003 -20"><span class='ocrx_word' id='word_1_326' title='bbox 179 3204 281 3258; x_wconf 88' lang='lat' dir='ltr'><strong>tamen</strong></span> <span class='ocrx_word' id='word_1_327' title='bbox 306 3203 453 3275; x_wconf 88' lang='lat' dir='ltr'><strong>quatenus</strong></span> <span class='ocrx_word' id='word_1_328' title='bbox 475 3195 502 3258; x_wconf 93' lang='lat' dir='ltr'><strong>is</strong></span> <span class='ocrx_word' id='word_1_329' title='bbox 526 3205 574 3258; x_wconf 89' lang='lat' dir='ltr'><strong>est</strong></span> <span class='ocrx_word' id='word_1_330' title='bbox 596 3196 705 3278; x_wconf 90' lang='lat' dir='ltr'><strong>aliquis</strong></span> <span class='ocrx_word' id='word_1_331' title='bbox 728 3215 888 3276; x_wconf 88' lang='lat' dir='ltr'><strong>corporeus</strong></span> <span class='ocrx_word' id='word_1_332' title='bbox 912 3203 1049 3270; x_wconf 89' lang='lat' dir='ltr'><strong>meatus,</strong></span> <span class='ocrx_word' id='word_1_333' title='bbox 1081 3197 1136 3257; x_wconf 90' lang='lat' dir='ltr'><strong>ssd</strong></span> <span class='ocrx_word' id='word_1_334' title='bbox 1159 3203 1307 3276; x_wconf 85' lang='lat' dir='ltr'><strong>quatenus</strong></span> <span class='ocrx_word' id='word_1_335' title='bbox 1340 3195 1366 3256; x_wconf 89' lang='lat' dir='ltr'><strong>is</strong></span> <span class='ocrx_word' id='word_1_336' title='bbox 1397 3195 1435 3256; x_wconf 92' lang='lat' dir='ltr'><strong>ab</strong></span> <span class='ocrx_word' id='word_1_337' title='bbox 1463 3194 1532 3272; x_wconf 89' lang='lat' dir='ltr'><strong>ipsa</strong></span> 
     </span>
     <span class='ocr_line' id='line_1_34' title="bbox 179 3282 1531 3365; baseline -0.002 -19"><span class='ocrx_word' id='word_1_338' title='bbox 179 3284 252 3346; x_wconf 90' lang='lat' dir='ltr'><strong>sede</strong></span> <span class='ocrx_word' id='word_1_339' title='bbox 276 3301 383 3345; x_wconf 92' lang='lat' dir='ltr'><strong>sensus</strong></span> <span class='ocrx_word' id='word_1_340' title='bbox 416 3285 581 3346; x_wconf 89' lang='lat' dir='ltr'><strong>communis</strong></span> <span class='ocrx_word' id='word_1_341' title='bbox 613 3303 706 3365; x_wconf 91' lang='lat' dir='ltr'><strong>usque</strong></span> <span class='ocrx_word' id='word_1_342' title='bbox 737 3285 768 3346; x_wconf 92' lang='lat' dir='ltr'><strong>in</strong></span> <span class='ocrx_word' id='word_1_343' title='bbox 790 3303 913 3346; x_wconf 82' lang='lat' dir='ltr'><strong>nervum</strong></span> <span class='ocrx_word' id='word_1_344' title='bbox 946 3286 1076 3364; x_wconf 90' lang='lat' dir='ltr'><strong>optioum</strong></span> <span class='ocrx_word' id='word_1_345' title='bbox 1109 3285 1323 3358; x_wconf 89' lang='lat' dir='ltr'><strong>(retiformem)</strong></span> <span class='ocrx_word' id='word_1_346' title='bbox 1347 3292 1396 3346; x_wconf 88' lang='lat' dir='ltr'><strong>ert</strong></span> <span class='ocrx_word' id='word_1_347' title='bbox 1426 3282 1531 3363; x_wconf 85' lang='lat' dir='ltr'><strong>spiritu</strong></span> 
     </span>
     <span class='ocr_line' id='line_1_35' title="bbox 177 3369 1530 3453; baseline -0.001 -19"><span class='ocrx_word' id='word_1_348' title='bbox 177 3371 293 3452; x_wconf 91' lang='lat' dir='ltr'><strong>plenus,</strong></span> <span class='ocrx_word' id='word_1_349' title='bbox 318 3371 407 3434; x_wconf 87' lang='lat' dir='ltr'><strong>etsie</strong></span> <span class='ocrx_word' id='word_1_350' title='bbox 423 3373 608 3436; x_wconf 87' lang='lat' dir='ltr'><strong>continuatio</strong></span> <span class='ocrx_word' id='word_1_351' title='bbox 623 3372 747 3453; x_wconf 89' lang='lat' dir='ltr'><strong>spiritus</strong></span> <span class='ocrx_word' id='word_1_352' title='bbox 761 3373 804 3436; x_wconf 88' lang='lat' dir='ltr'><strong>sit</strong></span> <span class='ocrx_word' id='word_1_353' title='bbox 817 3391 910 3435; x_wconf 90' lang='lat' dir='ltr'><strong>causa</strong></span> <span class='ocrx_word' id='word_1_354' title='bbox 932 3373 1117 3434; x_wconf 88' lang='lat' dir='ltr'><strong>transeuntis</strong></span> <span class='ocrx_word' id='word_1_355' title='bbox 1128 3371 1310 3434; x_wconf 83' lang='lat' dir='ltr'><strong>&#39;allectionis</strong></span> <span class='ocrx_word' id='word_1_356' title='bbox 1333 3372 1372 3432; x_wconf 85' lang='lat' dir='ltr'><strong>ab</strong></span> <span class='ocrx_word' id='word_1_357' title='bbox 1396 3372 1483 3433; x_wconf 92' lang='lat' dir='ltr'><strong>oculo</strong></span> <span class='ocrx_word' id='word_1_358' title='bbox 1498 3369 1530 3431; x_wconf 93' lang='lat' dir='ltr'><strong>in</strong></span> 
     </span>
     <span class='ocr_line' id='line_1_36' title="bbox 179 3459 1531 3543; baseline -0.001 -21"><span class='ocrx_word' id='word_1_359' title='bbox 179 3460 351 3522; x_wconf 88' lang='lat' dir='ltr'><strong>cerebrum:</strong></span> <span class='ocrx_word' id='word_1_360' title='bbox 377 3459 458 3522; x_wconf 89' lang='lat' dir='ltr'><strong>sicut</strong></span> <span class='ocrx_word' id='word_1_361' title='bbox 478 3460 508 3522; x_wconf 93' lang='lat' dir='ltr'><strong>in</strong></span> <span class='ocrx_word' id='word_1_362' title='bbox 532 3462 744 3541; x_wconf 85' lang='lat' dir='ltr'><strong>stagnantibus</strong></span> <span class='ocrx_word' id='word_1_363' title='bbox 768 3461 855 3543; x_wconf 82' lang='lat' dir='ltr'><strong>nudis</strong></span> <span class='ocrx_word' id='word_1_364' title='bbox 879 3469 978 3523; x_wconf 89' lang='lat' dir='ltr'><strong>motus</strong></span> <span class='ocrx_word' id='word_1_365' title='bbox 1001 3460 1105 3541; x_wconf 89' lang='lat' dir='ltr'><strong>lapillo</strong></span> <span class='ocrx_word' id='word_1_366' title='bbox 1127 3461 1239 3539; x_wconf 87' lang='lat' dir='ltr'><strong>injecto</strong></span> <span class='ocrx_word' id='word_1_367' title='bbox 1263 3459 1362 3522; x_wconf 85' lang='lat' dir='ltr'><strong>factus</strong></span> <span class='ocrx_word' id='word_1_368' title='bbox 1385 3461 1425 3521; x_wconf 85' lang='lat' dir='ltr'><strong>ad</strong></span> <span class='ocrx_word' id='word_1_369' title='bbox 1440 3460 1531 3521; x_wconf 86' lang='lat' dir='ltr'><strong>litora</strong></span> 
     </span>
    </p>
   </div>
   <div class='ocr_carea' id='block_1_8' title="bbox 179 3547 1634 3630">
    <p class='ocr_par' dir='ltr' id='par_1_10' title="bbox 179 3547 1634 3630">
     <span class='ocr_line' id='line_1_37' title="bbox 179 3547 1634 3630; baseline -0.001 -21"><span class='ocrx_word' id='word_1_370' title='bbox 179 3566 272 3628; x_wconf 91' lang='lat' dir='ltr'><strong>usque</strong></span> <span class='ocrx_word' id='word_1_371' title='bbox 286 3555 488 3628; x_wconf 79' lang='lat' dir='ltr'><strong>propagator:</strong></span> <span class='ocrx_word' id='word_1_372' title='bbox 513 3569 665 3630; x_wconf 90' lang='lat' dir='ltr'><strong>quousque</strong></span> <span class='ocrx_word' id='word_1_373' title='bbox 679 3549 797 3613; x_wconf 89' lang='lat' dir='ltr'><strong>scilicet</strong></span> <span class='ocrx_word' id='word_1_374' title='bbox 818 3549 989 3630; x_wconf 87' lang='lat' dir='ltr'><strong>superficies</strong></span> <span class='ocrx_word' id='word_1_375' title='bbox 1013 3567 1108 3630; x_wconf 83' lang='lat' dir='ltr'><strong>aquae</strong></span> <span class='ocrx_word' id='word_1_376' title='bbox 1131 3547 1304 3628; x_wconf 83' lang='lat' dir='ltr'><strong>stagnantis</strong></span> <span class='ocrx_word' id='word_1_377' title='bbox 1327 3549 1528 3610; x_wconf 90' lang='lat' dir='ltr'><strong>continuatur.</strong></span> <span class='ocrx_word' id='word_1_378' title='bbox 1632 3615 1634 3620; x_wconf 55' lang='grc'>,</span> 
     </span>
    </p>
   </div>
   <div class='ocr_carea' id='block_1_9' title="bbox 178 3634 1531 4072">
    <p class='ocr_par' dir='ltr' id='par_1_11' title="bbox 178 3634 1531 4072">
     <span class='ocr_line' id='line_1_38' title="bbox 266 3634 1531 3718; baseline -0.002 -21"><span class='ocrx_word' id='word_1_379' title='bbox 266 3635 375 3698; x_wconf 88' lang='lat' dir='ltr'><strong>Potest</strong></span> <span class='ocrx_word' id='word_1_380' title='bbox 397 3637 466 3712; x_wconf 92' lang='lat' dir='ltr'><strong>dici,</strong></span> <span class='ocrx_word' id='word_1_381' title='bbox 491 3639 739 3718; x_wconf 86' lang='lat' dir='ltr'><strong>quemadmodum</strong></span> <span class='ocrx_word' id='word_1_382' title='bbox 762 3637 817 3701; x_wconf 87' lang='lat' dir='ltr'><strong>Sol</strong></span> <span class='ocrx_word' id='word_1_383' title='bbox 839 3638 927 3700; x_wconf 86' lang='lat' dir='ltr'><strong>lineis</strong></span> <span class='ocrx_word' id='word_1_384' title='bbox 951 3638 1043 3700; x_wconf 89' lang='lat' dir='ltr'><strong>rectis</strong></span> <span class='ocrx_word' id='word_1_385' title='bbox 1067 3637 1224 3717; x_wconf 89' lang='lat' dir='ltr'><strong>pellucidis</strong></span> <span class='ocrx_word' id='word_1_386' title='bbox 1247 3635 1397 3698; x_wconf 89' lang='lat' dir='ltr'><strong>illuminat</strong></span> <span class='ocrx_word' id='word_1_387' title='bbox 1420 3634 1531 3706; x_wconf 86' lang='lat' dir='ltr'><strong>omnis,</strong></span> 
     </span>
     <span class='ocr_line' id='line_1_39' title="bbox 180 3723 1531 3807; baseline -0.003 -21"><span class='ocrx_word' id='word_1_388' title='bbox 180 3725 224 3786; x_wconf 92' lang='lat' dir='ltr'><strong>sic</strong></span> <span class='ocrx_word' id='word_1_389' title='bbox 249 3723 366 3785; x_wconf 89' lang='lat' dir='ltr'><strong>animae</strong></span> <span class='ocrx_word' id='word_1_390' title='bbox 394 3725 584 3802; x_wconf 87' lang='lat' dir='ltr'><strong>facultatem,</strong></span> <span class='ocrx_word' id='word_1_391' title='bbox 619 3745 694 3807; x_wconf 90' lang='lat' dir='ltr'><strong>quac</strong></span> <span class='ocrx_word' id='word_1_392' title='bbox 726 3734 774 3790; x_wconf 91' lang='lat' dir='ltr'><strong>est</strong></span> <span class='ocrx_word' id='word_1_393' title='bbox 796 3726 827 3788; x_wconf 91' lang='lat' dir='ltr'><strong>in</strong></span> <span class='ocrx_word' id='word_1_394' title='bbox 855 3727 998 3801; x_wconf 90' lang='lat' dir='ltr'><strong>cerebro,</strong></span> <span class='ocrx_word' id='word_1_395' title='bbox 1030 3725 1119 3788; x_wconf 89' lang='lat' dir='ltr'><strong>lineis</strong></span> <span class='ocrx_word' id='word_1_396' title='bbox 1147 3723 1334 3805; x_wconf 87' lang='lat' dir='ltr'><strong>spiritalibus</strong></span> <span class='ocrx_word' id='word_1_397' title='bbox 1357 3739 1531 3804; x_wconf 90' lang='lat' dir='ltr'><strong>quocunqne</strong></span> 
     </span>
     <span class='ocr_line' id='line_1_40' title="bbox 179 3809 1531 3889; baseline -0.001 -15"><span class='ocrx_word' id='word_1_398' title='bbox 179 3813 269 3888; x_wconf 88' lang='lat' dir='ltr'><strong>flexu,</strong></span> <span class='ocrx_word' id='word_1_399' title='bbox 296 3813 502 3876; x_wconf 88' lang='lat' dir='ltr'><strong>tantummodo</strong></span> <span class='ocrx_word' id='word_1_400' title='bbox 527 3814 686 3889; x_wconf 88' lang='lat' dir='ltr'><strong>continuis,</strong></span> <span class='ocrx_word' id='word_1_401' title='bbox 709 3815 877 3878; x_wconf 87' lang='lat' dir='ltr'><strong>illuminare</strong></span> <span class='ocrx_word' id='word_1_402' title='bbox 900 3815 1110 3878; x_wconf 86' lang='lat' dir='ltr'><strong>instrumenta.</strong></span> <span class='ocrx_word' id='word_1_403' title='bbox 1148 3814 1232 3874; x_wconf 84' lang='lat' dir='ltr'><strong>Tunc</strong></span> <span class='ocrx_word' id='word_1_404' title='bbox 1255 3811 1333 3872; x_wconf 88' lang='lat' dir='ltr'><strong>enim</strong></span> <span class='ocrx_word' id='word_1_405' title='bbox 1357 3811 1436 3873; x_wconf 89' lang='lat' dir='ltr'><strong>sicut</strong></span> <span class='ocrx_word' id='word_1_406' title='bbox 1457 3809 1531 3872; x_wconf 91' lang='lat' dir='ltr'><strong>nibil</strong></span> 
     </span>
     <span class='ocr_line' id='line_1_41' title="bbox 178 3897 1531 3985; baseline -0.003 -22"><span class='ocrx_word' id='word_1_407' title='bbox 178 3919 235 3963; x_wconf 87' lang='lat' dir='ltr'><strong>nos</strong></span> <span class='ocrx_word' id='word_1_408' title='bbox 255 3899 346 3980; x_wconf 87' lang='lat' dir='ltr'><strong>juvat</strong></span> <span class='ocrx_word' id='word_1_409' title='bbox 368 3907 422 3964; x_wconf 77' lang='lat' dir='ltr'><strong>altr</strong></span> <span class='ocrx_word' id='word_1_410' title='bbox 443 3902 626 3982; x_wconf 90' lang='lat' dir='ltr'><strong>pellucidus,</strong></span> <span class='ocrx_word' id='word_1_411' title='bbox 660 3903 685 3964; x_wconf 92' lang='lat' dir='ltr'><strong>si</strong></span> <span class='ocrx_word' id='word_1_412' title='bbox 718 3921 844 3985; x_wconf 89' lang='lat' dir='ltr'><strong>opacum</strong></span> <span class='ocrx_word' id='word_1_413' title='bbox 875 3903 1048 3966; x_wconf 90' lang='lat' dir='ltr'><strong>intercurrit</strong></span> <span class='ocrx_word' id='word_1_414' title='bbox 1069 3900 1173 3963; x_wconf 89' lang='lat' dir='ltr'><strong>Solem</strong></span> <span class='ocrx_word' id='word_1_415' title='bbox 1196 3908 1228 3962; x_wconf 92' lang='lat' dir='ltr'><strong>et</strong></span> <span class='ocrx_word' id='word_1_416' title='bbox 1257 3916 1326 3973; x_wconf 90' lang='lat' dir='ltr'><strong>nos,</strong></span> <span class='ocrx_word' id='word_1_417' title='bbox 1361 3899 1405 3960; x_wconf 92' lang='lat' dir='ltr'><strong>sio</strong></span> <span class='ocrx_word' id='word_1_418' title='bbox 1439 3897 1531 3960; x_wconf 87' lang='lat' dir='ltr'><strong>etiam</strong></span> 
     </span>
     <span class='ocr_line' id='line_1_42' title="bbox 178 3985 1531 4072; baseline -0.001 -22"><span class='ocrx_word' id='word_1_419' title='bbox 178 3988 252 4051; x_wconf 92' lang='lat' dir='ltr'><strong>nihil</strong></span> <span class='ocrx_word' id='word_1_420' title='bbox 275 3989 422 4070; x_wconf 87' lang='lat' dir='ltr'><strong>profuerit</strong></span> <span class='ocrx_word' id='word_1_421' title='bbox 444 3991 577 4072; x_wconf 92' lang='lat' dir='ltr'><strong>spiritus,</strong></span> <span class='ocrx_word' id='word_1_422' title='bbox 602 3991 653 4072; x_wconf 93' lang='lat' dir='ltr'><strong>qui</strong></span> <span class='ocrx_word' id='word_1_423' title='bbox 676 3999 760 4055; x_wconf 89' lang='lat' dir='ltr'><strong>astat</strong></span> <span class='ocrx_word' id='word_1_424' title='bbox 782 3991 938 4067; x_wconf 89' lang='lat' dir='ltr'><strong>retiformi,</strong></span> <span class='ocrx_word' id='word_1_425' title='bbox 963 3993 990 4054; x_wconf 92' lang='lat' dir='ltr'><strong>si</strong></span> <span class='ocrx_word' id='word_1_426' title='bbox 1013 3989 1150 4071; x_wconf 85' lang='lat' dir='ltr'><strong>superius</strong></span> <span class='ocrx_word' id='word_1_427' title='bbox 1174 3995 1206 4050; x_wconf 85' lang='lat' dir='ltr'><strong>et</strong></span> <span class='ocrx_word' id='word_1_428' title='bbox 1227 3987 1352 4049; x_wconf 83' lang='lat' dir='ltr'><strong>interius</strong></span> <span class='ocrx_word' id='word_1_429' title='bbox 1376 3987 1407 4049; x_wconf 90' lang='lat' dir='ltr'><strong>in</strong></span> <span class='ocrx_word' id='word_1_430' title='bbox 1430 3985 1531 4066; x_wconf 88' lang='lat' dir='ltr'><strong>capite</strong></span> 
     </span>
    </p>
   </div>
   <div class='ocr_carea' id='block_1_10' title="bbox 79 4073 1531 4160">
    <p class='ocr_par' dir='ltr' id='par_1_12' title="bbox 79 4073 1531 4160">
     <span class='ocr_line' id='line_1_43' title="bbox 79 4073 1531 4160; baseline -0.004 -20"><span class='ocrx_word' id='word_1_431' title='bbox 79 4087 87 4096; x_wconf 83' lang='lat'>&#39;</span> <span class='ocrx_word' id='word_1_432' title='bbox 179 4095 354 4158; x_wconf 88' lang='lat' dir='ltr'><strong>quacunque</strong></span> <span class='ocrx_word' id='word_1_433' title='bbox 387 4079 424 4140; x_wconf 93' lang='lat' dir='ltr'><strong>de</strong></span> <span class='ocrx_word' id='word_1_434' title='bbox 442 4097 549 4142; x_wconf 77' lang='lat' dir='ltr'><strong>causa</strong></span> <span class='ocrx_word' id='word_1_435' title='bbox 581 4079 742 4160; x_wconf 90' lang='lat' dir='ltr'><strong>spiritosns</strong></span> <span class='ocrx_word' id='word_1_436' title='bbox 774 4080 824 4142; x_wconf 89' lang='lat' dir='ltr'><strong>ille</strong></span> <span class='ocrx_word' id='word_1_437' title='bbox 852 4080 959 4142; x_wconf 88' lang='lat' dir='ltr'><strong>ductus</strong></span> <span class='ocrx_word' id='word_1_438' title='bbox 974 4076 1199 4157; x_wconf 61' lang='lat' dir='ltr'><strong>⁴intercipiatur</strong></span> <span class='ocrx_word' id='word_1_439' title='bbox 1221 4073 1438 4155; x_wconf 85' lang='lat' dir='ltr'><strong>continuusque</strong></span> <span class='ocrx_word' id='word_1_440' title='bbox 1462 4073 1531 4135; x_wconf 78' lang='lat' dir='ltr'><strong>esse</strong></span> 
     </span>
    </p>
   </div>
   <div class='ocr_carea' id='block_1_11' title="bbox 177 4165 1533 4868">
    <p class='ocr_par' dir='ltr' id='par_1_13' title="bbox 177 4165 1532 4424">
     <span class='ocr_line' id='line_1_44' title="bbox 177 4165 1532 4243; baseline -0.003 -15"><span class='ocrx_word' id='word_1_441' title='bbox 177 4165 307 4229; x_wconf 87' lang='lat' dir='ltr'><strong>desinat.</strong></span> <span class='ocrx_word' id='word_1_442' title='bbox 353 4166 432 4230; x_wconf 90' lang='lat' dir='ltr'><strong>Hinc</strong></span> <span class='ocrx_word' id='word_1_443' title='bbox 455 4167 509 4230; x_wconf 91' lang='lat' dir='ltr'><strong>illa</strong></span> <span class='ocrx_word' id='word_1_444' title='bbox 531 4168 632 4232; x_wconf 89' lang='lat' dir='ltr'><strong>subita</strong></span> <span class='ocrx_word' id='word_1_445' title='bbox 655 4168 775 4232; x_wconf 89' lang='lat' dir='ltr'><strong>luminis</strong></span> <span class='ocrx_word' id='word_1_446' title='bbox 798 4167 960 4231; x_wconf 86' lang='lat' dir='ltr'><strong>exstinctio</strong></span> <span class='ocrx_word' id='word_1_447' title='bbox 983 4169 1014 4230; x_wconf 94' lang='lat' dir='ltr'><strong>in</strong></span> <span class='ocrx_word' id='word_1_448' title='bbox 1042 4165 1172 4240; x_wconf 90' lang='lat' dir='ltr'><strong>morbis,</strong></span> <span class='ocrx_word' id='word_1_449' title='bbox 1205 4183 1264 4227; x_wconf 90' lang='lat' dir='ltr'><strong>non</strong></span> <span class='ocrx_word' id='word_1_450' title='bbox 1293 4180 1348 4243; x_wconf 88' lang='lat' dir='ltr'><strong>per</strong></span> <span class='ocrx_word' id='word_1_451' title='bbox 1380 4179 1532 4225; x_wconf 75' lang='lat' dir='ltr'><strong>recusem</strong></span> 
     </span>
     <span class='ocr_line' id='line_1_45' title="bbox 177 4249 1531 4337; baseline -0.003 -23"><span class='ocrx_word' id='word_1_452' title='bbox 177 4253 350 4334; x_wconf 82' lang='lat' dir='ltr'><strong>spirituum,</strong></span> <span class='ocrx_word' id='word_1_453' title='bbox 374 4255 428 4318; x_wconf 92' lang='lat' dir='ltr'><strong>sed</strong></span> <span class='ocrx_word' id='word_1_454' title='bbox 451 4273 506 4337; x_wconf 91' lang='lat' dir='ltr'><strong>per</strong></span> <span class='ocrx_word' id='word_1_455' title='bbox 534 4255 742 4336; x_wconf 88' lang='lat' dir='ltr'><strong>abruptionem</strong></span> <span class='ocrx_word' id='word_1_456' title='bbox 773 4256 1083 4336; x_wconf 87' lang='lat' dir='ltr'><strong>interceptionemque</strong></span> <span class='ocrx_word' id='word_1_457' title='bbox 1111 4272 1213 4316; x_wconf 89' lang='lat' dir='ltr'><strong>eorum</strong></span> <span class='ocrx_word' id='word_1_458' title='bbox 1243 4273 1263 4315; x_wconf 88' lang='lat' dir='ltr'><strong>a</strong></span> <span class='ocrx_word' id='word_1_459' title='bbox 1294 4252 1458 4335; x_wconf 73' lang='lat' dir='ltr'><strong>constricto</strong></span> <span class='ocrx_word' id='word_1_460' title='bbox 1483 4249 1531 4310; x_wconf 88' lang='lat' dir='ltr'><strong>vel</strong></span> 
     </span>
     <span class='ocr_line' id='line_1_46' title="bbox 178 4343 700 4424; baseline 0.011 -22"><span class='ocrx_word' id='word_1_461' title='bbox 178 4344 333 4406; x_wconf 90' lang='lat' dir='ltr'><strong>obstructo</strong></span> <span class='ocrx_word' id='word_1_462' title='bbox 357 4344 406 4406; x_wconf 91' lang='lat' dir='ltr'><strong>vel</strong></span> <span class='ocrx_word' id='word_1_463' title='bbox 427 4343 566 4424; x_wconf 88' lang='lat' dir='ltr'><strong>praeciso</strong></span> <span class='ocrx_word' id='word_1_464' title='bbox 589 4352 700 4408; x_wconf 85' lang='lat' dir='ltr'><strong>meatu.</strong></span> 
     </span>
    </p>

    <p class='ocr_par' dir='ltr' id='par_1_14' title="bbox 178 4428 1533 4602">
     <span class='ocr_line' id='line_1_47' title="bbox 265 4428 1533 4512; baseline -0.004 -18"><span class='ocrx_word' id='word_1_465' title='bbox 265 4433 352 4494; x_wconf 87' lang='lat' dir='ltr'><strong>Haec</strong></span> <span class='ocrx_word' id='word_1_466' title='bbox 375 4433 412 4494; x_wconf 90' lang='lat' dir='ltr'><strong>de</strong></span> <span class='ocrx_word' id='word_1_467' title='bbox 437 4433 536 4494; x_wconf 88' lang='lat' dir='ltr'><strong>altera</strong></span> <span class='ocrx_word' id='word_1_468' title='bbox 558 4432 721 4511; x_wconf 88' lang='lat' dir='ltr'><strong>passione,</strong></span> <span class='ocrx_word' id='word_1_469' title='bbox 753 4451 830 4512; x_wconf 88' lang='lat' dir='ltr'><strong>quae</strong></span> <span class='ocrx_word' id='word_1_470' title='bbox 861 4440 908 4494; x_wconf 90' lang='lat' dir='ltr'><strong>est</strong></span> <span class='ocrx_word' id='word_1_471' title='bbox 941 4450 1048 4495; x_wconf 89' lang='lat' dir='ltr'><strong>seusus</strong></span> <span class='ocrx_word' id='word_1_472' title='bbox 1080 4428 1244 4493; x_wconf 90' lang='lat' dir='ltr'><strong>communis</strong></span> <span class='ocrx_word' id='word_1_473' title='bbox 1277 4435 1309 4491; x_wconf 90' lang='lat' dir='ltr'><strong>et</strong></span> <span class='ocrx_word' id='word_1_474' title='bbox 1341 4436 1481 4499; x_wconf 79' lang='lat' dir='ltr'><strong>causatur</strong></span> <span class='ocrx_word' id='word_1_475' title='bbox 1513 4448 1533 4489; x_wconf 90' lang='lat' dir='ltr'><strong>a</strong></span> 
     </span>
     <span class='ocr_line' id='line_1_48' title="bbox 178 4518 1118 4602; baseline -0.001 -20"><span class='ocrx_word' id='word_1_476' title='bbox 178 4518 280 4599; x_wconf 87' lang='lat' dir='ltr'><strong>speeie</strong></span> <span class='ocrx_word' id='word_1_477' title='bbox 303 4519 449 4601; x_wconf 85' lang='lat' dir='ltr'><strong>patientis</strong></span> <span class='ocrx_word' id='word_1_478' title='bbox 472 4519 674 4594; x_wconf 87' lang='lat' dir='ltr'><strong>instrumenti,</strong></span> <span class='ocrx_word' id='word_1_479' title='bbox 697 4521 776 4600; x_wconf 91' lang='lat' dir='ltr'><strong>quod</strong></span> <span class='ocrx_word' id='word_1_480' title='bbox 799 4520 863 4601; x_wconf 87' lang='lat' dir='ltr'><strong>ejus</strong></span> <span class='ocrx_word' id='word_1_481' title='bbox 887 4521 1037 4602; x_wconf 86' lang='lat' dir='ltr'><strong>objectum</strong></span> <span class='ocrx_word' id='word_1_482' title='bbox 1060 4526 1118 4582; x_wconf 88' lang='lat' dir='ltr'><strong>est.</strong></span> 
     </span>
    </p>

    <p class='ocr_par' dir='ltr' id='par_1_15' title="bbox 181 4601 1533 4868">
     <span class='ocr_line' id='line_1_49' title="bbox 268 4601 1533 4690; baseline -0.008 -17"><span class='ocrx_word' id='word_1_483' title='bbox 268 4609 368 4673; x_wconf 85' lang='lat' dir='ltr'><strong>LXII.</strong></span> <span class='ocrx_word' id='word_1_484' title='bbox 414 4607 646 4688; x_wconf 85' lang='lat' dir='ltr'><strong>Propositio.</strong></span> <span class='ocrx_word' id='word_1_485' title='bbox 692 4608 896 4672; x_wconf 82' lang='lat' dir='ltr'><strong>Instrumenta</strong></span> <span class='ocrx_word' id='word_1_486' title='bbox 918 4601 1044 4690; x_wconf 70' lang='lat' dir='ltr'><strong>utroque</strong></span> <span class='ocrx_word' id='word_1_487' title='bbox 1080 4606 1219 4670; x_wconf 77' lang='lat' dir='ltr'><strong>siniliter</strong></span> <span class='ocrx_word' id='word_1_488' title='bbox 1240 4607 1362 4675; x_wconf 81' lang='lat' dir='ltr'><strong>affecto,</strong></span> <span class='ocrx_word' id='word_1_489' title='bbox 1396 4602 1533 4664; x_wconf 88' lang='lat' dir='ltr'><strong>videmur</strong></span> 
     </span>
     <span class='ocr_line' id='line_1_50' title="bbox 181 4693 1531 4778; baseline -0.001 -25"><span class='ocrx_word' id='word_1_490' title='bbox 181 4695 313 4772; x_wconf 87' lang='lat' dir='ltr'><strong>speciem</strong></span> <span class='ocrx_word' id='word_1_491' title='bbox 335 4715 424 4758; x_wconf 88' lang='lat' dir='ltr'><strong>unam</strong></span> <span class='ocrx_word' id='word_1_492' title='bbox 447 4695 567 4759; x_wconf 84' lang='lat' dir='ltr'><strong>videre:</strong></span> <span class='ocrx_word' id='word_1_493' title='bbox 591 4703 623 4758; x_wconf 84' lang='lat' dir='ltr'><strong>at</strong></span> <span class='ocrx_word' id='word_1_494' title='bbox 648 4695 833 4760; x_wconf 88' lang='lat' dir='ltr'><strong>dissimiliter</strong></span> <span class='ocrx_word' id='word_1_495' title='bbox 856 4698 973 4760; x_wconf 86' lang='lat' dir='ltr'><strong>affectis</strong></span> <span class='ocrx_word' id='word_1_496' title='bbox 997 4698 1045 4759; x_wconf 91' lang='lat' dir='ltr'><strong>vel</strong></span> <span class='ocrx_word' id='word_1_497' title='bbox 1076 4697 1167 4778; x_wconf 90' lang='lat' dir='ltr'><strong>pictis</strong></span> <span class='ocrx_word' id='word_1_498' title='bbox 1199 4696 1281 4758; x_wconf 91' lang='lat' dir='ltr'><strong>intus</strong></span> <span class='ocrx_word' id='word_1_499' title='bbox 1311 4693 1436 4756; x_wconf 88' lang='lat' dir='ltr'><strong>duorum</strong></span> <span class='ocrx_word' id='word_1_500' title='bbox 1459 4707 1531 4752; x_wconf 90' lang='lat' dir='ltr'><strong>ocu-</strong></span> 
     </span>
     <span class='ocr_line' id='line_1_51' title="bbox 181 4779 1449 4868; baseline 0 -26"><span class='ocrx_word' id='word_1_501' title='bbox 181 4781 278 4846; x_wconf 86' lang='lat' dir='ltr'><strong>lorum</strong></span> <span class='ocrx_word' id='word_1_502' title='bbox 300 4783 410 4848; x_wconf 85' lang='lat' dir='ltr'><strong>tunicis</strong></span> <span class='ocrx_word' id='word_1_503' title='bbox 433 4783 646 4860; x_wconf 82' lang='lat' dir='ltr'><strong>retiformibus,</strong></span> <span class='ocrx_word' id='word_1_504' title='bbox 672 4783 729 4848; x_wconf 90' lang='lat' dir='ltr'><strong>duc</strong></span> <span class='ocrx_word' id='word_1_505' title='bbox 752 4783 838 4849; x_wconf 84' lang='lat' dir='ltr'><strong>uobis</strong></span> <span class='ocrx_word' id='word_1_506' title='bbox 861 4803 915 4868; x_wconf 93' lang='lat' dir='ltr'><strong>pro</strong></span> <span class='ocrx_word' id='word_1_507' title='bbox 939 4803 997 4850; x_wconf 89' lang='lat' dir='ltr'><strong>uuo</strong></span> <span class='ocrx_word' id='word_1_508' title='bbox 1020 4789 1286 4867; x_wconf 87' lang='lat' dir='ltr'><strong>repraesentantur</strong></span> <span class='ocrx_word' id='word_1_509' title='bbox 1307 4779 1449 4844; x_wconf 78' lang='lat' dir='ltr'><strong>risibilia.</strong></span> 
     </span>
    </p>
   </div>
   <div class='ocr_carea' id='block_1_12' title="bbox 0 0 1855 5528">
    <p class='ocr_par' dir='ltr' id='par_1_16' title="bbox 0 0 1855 5528">
     <span class='ocr_line' id='line_1_52' title="bbox 0 0 1855 5528; baseline 0 0"><span class='ocrx_word' id='word_1_510' title='bbox 0 0 1855 5528; x_wconf 95' lang='lat' dir='ltr'><strong> </strong></span> 
     </span>
    </p>
   </div>
  </div>
 </body>
</html>
