3684 5518
309 273 375 344 252
778 277 967 342 Pualipomeaa
983 278 1010 328 in
1028 275 1196 328 Vitsllloneus.

307 451 397 526 Quod
420 461 521 518 autem
543 452 574 514 id
596 453 631 514 lit
652 469 710 513 non
730 453 759 514 in
778 475 803 514 a
826 452 953 515 termino
978 451 1122 514 cititirnae
1146 451 1379 527 intersectionis,
1404 458 1565 514 causaest
1587 451 1658 530 qnia

307 543 439 605 citimam
463 541 701 605 intersectionem
725 565 749 602 a
773 541 906 602 efficiunt
929 563 984 614 eo,
1005 540 1049 617 βω
1073 541 1150 602 radii
1173 560 1193 601 a
1216 540 1360 602 lateribus
1384 539 1511 601 debilius
1535 539 1656 618 allapsi,

308 630 378 710 quia
399 632 429 692 iu
462 648 572 708 magna
602 629 803 691 refractione:
838 629 933 691 locum
965 646 1037 690 vero
1070 628 1213 691 sectionis
1242 653 1266 689 ω
1299 628 1328 688 in
1361 645 1476 707 papyro
1509 634 1659 708 occupant

307 719 400 780 etiam
424 717 500 780 radii
523 716 671 796 (ejusdem
695 717 822 778 lucentis
844 736 899 798 per
921 717 1041 796 globum
1071 717 1188 797 puncti)
1218 716 1309 778 ceteri
1334 715 1462 777 nondum
1491 715 1655 788 intersecti,

307 806 425 868 collecti
449 813 547 866 tamen
568 813 599 865 et
621 805 704 879 clari,
729 805 829 885 itaque
854 805 997 867 collectos
1023 805 1062 865 ad
1086 805 1249 866 sectionem
1264 828 1288 865 ω
1313 803 1484 865 obliterant.
1522 803 1656 883 Denique

306 894 373 956 coni
396 891 552 954 venientes
576 892 614 953 ab
638 893 706 954 aliis
729 893 847 972 punctis
870 893 914 954 rei
937 893 1064 954 lucentis
1093 900 1164 955 sunt
1189 892 1315 954 latiores
1339 892 1446 962 adhuc,
1470 899 1504 954 nt
1522 893 1570 954 hle
1591 918 1609 967 ι,
1630 917 1656 966 κ,

306 989 337 1044 et
359 990 478 1062 partem
502 980 560 1042 loci
584 980 661 1042 alter
684 982 808 1043 alterins
831 987 989 1061 occupant,
1014 981 1190 1061 pariuntque
1215 980 1428 1044 confusionem.

394 1067 509 1132 Contra
541 1068 569 1129 ln
603 1069 816 1131 intersectione
848 1078 1003 1150 postrema
1034 1083 1061 1148 ψ
1092 1069 1177 1130 multi
1214 1068 1290 1130 radii
1323 1070 1361 1130 ab
1398 1067 1504 1128 eodem
1537 1065 1656 1129 lucente

304 1164 424 1238 puncto,
448 1155 583 1237 proxime
607 1157 860 1220 circumsistentes
883 1156 1160 1237 perpendicularem
1185 1156 1381 1218 fortissimum
1400 1171 1461 1234 ψω,
1486 1162 1594 1216 coeunt
1616 1153 1656 1215 ad

304 1264 394 1307 unum
417 1253 560 1325 puuctum
574 1264 628 1324 per
645 1244 695 1309 15.
719 1246 925 1327 praemissam,
951 1253 983 1306 et
1003 1246 1072 1326 quia
1091 1244 1157 1307 coni
1176 1245 1325 1306 attenuati
1343 1253 1414 1306 sunt
1434 1243 1464 1306 in
1488 1260 1654 1316 mucrones,

305 1333 417 1394 nnllam
455 1333 585 1395 alienam
622 1334 774 1414 regionem
811 1342 978 1414 occupant;
1011 1343 1045 1395 nt
1076 1333 1122 1394 ita
1158 1333 1278 1412 singula
1313 1339 1426 1410 puncta
1464 1329 1591 1392 seorsim
1624 1337 1657 1392 et

307 1421 449 1482 distincte
472 1421 643 1501 pingantur.
689 1421 884 1485 Solummodo
908 1421 984 1482 radii
1007 1422 1100 1502 aliqui
1123 1428 1289 1483 ceterorum
1312 1419 1340 1481 in
1364 1439 1397 1482 rs
1420 1417 1532 1480 visibili
1555 1437 1652 1498 punc-

304 1517 402 1572 torum
430 1509 615 1582 allabuntur,
645 1510 699 1572 sed
727 1512 789 1592 jam
821 1510 976 1572 intersecti
1000 1519 1032 1572 et
1055 1509 1230 1584 debiliores,
1259 1517 1293 1570 nt
1315 1507 1342 1569 si
1366 1526 1457 1570 conus
1482 1506 1558 1568 alins
1584 1506 1612 1568 in
1636 1529 1655 1568 o

303 1597 532 1672 terminaretur:
557 1607 660 1661 essent
682 1599 773 1678 igitur
795 1599 900 1660 eodem
923 1599 989 1660 loco
1012 1607 1119 1662 vertex
1142 1597 1210 1660 novi
1229 1604 1262 1659 et
1283 1595 1463 1658 intersectas
1483 1616 1519 1672 ην
1542 1593 1655 1656 veteris

303 1686 390 1748 coni:
425 1685 489 1766 quI,
514 1686 540 1748 si
563 1705 622 1766 qua
645 1694 692 1747 est
715 1686 744 1747 in
769 1687 825 1748 hac
857 1686 975 1765 pictura
998 1687 1142 1762 confusio,
1177 1704 1244 1746 eam
1270 1685 1399 1766 pariunt.
1446 1683 1550 1764 Imago
1582 1699 1654 1744 vero

305 1793 414 1836 eversa
442 1783 491 1836 est
520 1793 578 1836 non
607 1775 645 1835 cb
677 1775 822 1837 transitos
854 1774 996 1837 terminos
1028 1773 1273 1838 intersectionnm
1311 1773 1456 1835 hactenus
1488 1768 1655 1851 explicatos

305 1870 375 1924 ante
399 1862 524 1934 vitrum,
556 1863 610 1924 sed
634 1861 704 1943 qnia
725 1870 867 1943 pnnetum
894 1863 1050 1946 quodlibet
1070 1862 1114 1926 rei
1137 1861 1282 1936 visibilis,
1315 1859 1602 1942 perpendiculariter
1624 1859 1655 1921 in

303 1950 464 2030 sphaeram
487 1949 619 2025 radians,
643 1969 711 2012 sese
728 1951 890 2013 fortissimo
911 1970 985 2014 cono
1004 1961 1075 2032 post
1095 1951 1206 2013 vitrum
1224 1949 1320 2029 pingit·
1330 1969 1340 2024 ;
1364 1949 1442 2011 unde
1460 1949 1503 2024 iit,
1525 1957 1558 2009 nt
1581 1967 1655 2009 axes

305 2057 444 2100 concrum
458 2052 509 2118 ψω
523 2037 553 2100 in
578 2046 679 2100 centro
702 2039 849 2118 sphaerae
865 2057 932 2102 sese
951 2037 1144 2114 intersecant,
1169 2038 1226 2118 ipsi
1249 2038 1462 2100 refractionem
1478 2055 1534 2098 non
1558 2036 1652 2118 passi.

303 2125 388 2187 Haec
413 2133 461 2187 est
483 2125 611 2205 genuina
634 2146 727 2191 cansa
753 2127 931 2189 inversionis
962 2129 1111 2207 picturae,
1145 2145 1221 2206 quae
1244 2125 1278 2186 fit
1302 2147 1320 2186 a
1343 2127 1473 2206 sphaera
1506 2124 1654 2198 densiore,

303 2212 422 2293 quando
447 2233 483 2273 ea
506 2233 563 2274 nou
588 2214 700 2292 tegitur
722 2215 822 2295 aliquo
847 2216 952 2290 solido,
976 2217 1080 2279 relicto
1106 2215 1260 2276 foramine.

392 2300 609 2379 Propositio
630 2302 719 2365 XXI.
766 2304 1059 2384 Propinqnarum
1082 2322 1204 2365 rernm
1226 2301 1400 2382 picturas
1428 2299 1531 2360 locus
1555 2307 1612 2361 est
1635 2321 1654 2361 a

302 2387 401 2450 vitro
424 2389 620 2464 remotior,
644 2399 868 2453 remotarum
892 2394 1052 2472 propior.
1091 2393 1183 2453 Patet
1205 2408 1259 2469 per
1274 2387 1304 2452 2.
1330 2387 1517 2448 corollarium
1532 2408 1577 2468 pr.
1605 2385 1672 2450 lii.

301 2477 487 2556 praemissae
510 2486 541 2539 et
570 2497 624 2558 per
655 2480 852 2558 praemissam
875 2476 927 2543 20.
975 2479 1064 2552 Quod
1097 2477 1216 2542 notabit
1246 2475 1435 2538 machinator
1464 2477 1589 2556 aliquis,
1621 2484 1655 2538 ut

302 2565 397 2626 rnnlta
419 2565 448 2627 in
478 2565 533 2628 boc
561 2565 637 2628 libro
670 2566 741 2629 alia.
787 2567 920 2630 Probare
949 2577 1038 2649 potes
1068 2569 1104 2630 de
1133 2568 1181 2627 die
1216 2566 1321 2639 etiam,
1355 2582 1483 2625 accensa
1516 2564 1654 2637 candela,

301 2671 376 2732 quae
400 2671 490 2732 super
512 2672 655 2735 papyrum
680 2656 785 2717 ardere
808 2656 968 2729 videbitur,
992 2658 1019 2718 si
1038 2677 1075 2719 aa
1097 2655 1230 2734 legitime
1255 2653 1435 2715 collocetur:
1461 2652 1539 2732 qnod
1563 2671 1654 2732 snpra

300 2760 339 2802 ex
359 2741 454 2803 Porta
478 2741 539 2803 dixi
562 2761 665 2804 verum
688 2762 755 2805 esse
779 2745 809 2805 in
832 2744 888 2807 boc
910 2745 1045 2827 picturae
1069 2743 1210 2823 negotio:
1235 2750 1270 2804 at
1293 2760 1351 2803 non
1371 2739 1400 2800 io
1425 2739 1476 2803 illo
1501 2739 1651 2820 imaginis,

306 2847 361 2891 nec
385 2829 413 2891 in
439 2835 519 2904 aere,
543 2831 597 2892 sed
620 2851 709 2912 snper
732 2833 858 2911 pariete.

388 2918 605 2997 Propositio
628 2919 731 2982 XXII.
777 2921 876 2982 Haec
905 2920 1056 3000 pictura
1086 2917 1366 2999 proportionem
1399 2915 1543 2977 retinet
1564 2935 1653 2977 snae

301 3004 519 3070 distantiae.
575 3008 654 3069 Nam
686 3009 981 3088 perpendicularibns
1014 3007 1179 3072 irrefractis
1212 3006 1241 3068 in
1273 3013 1377 3068 centro
1410 3004 1653 3068 concurrentibus

298 3093 489 3171 potIssimnrn
512 3095 679 3158 delineatur
701 3115 756 3176 per
774 3094 826 3160 20.
851 3097 1059 3178 praemissam.
1096 3096 1132 3159 Id
1156 3094 1360 3176 experimento
1383 3100 1477 3172 patet.
1516 3091 1651 3156 Candela

302 3180 425 3243 admota
448 3189 480 3243 et
503 3183 662 3246 recedente
685 3185 751 3245 loeo
774 3185 910 3264 picturae
934 3185 1052 3266 pictura
1074 3183 1184 3246 crescit
1207 3193 1239 3245 et
1261 3191 1376 3254 contra.

388 3269 606 3348 Propositio
638 3271 758 3335 XXIII.
813 3271 900 3336 Corn
932 3274 1077 3346 tabula,
1118 3272 1324 3335 fenestella
1360 3277 1510 3349 patens,
1543 3269 1652 3348 globo

300 3355 480 3436 objicitur
501 3358 604 3421 inter
627 3361 808 3424 terminos
832 3362 1039 3424 sectionum
1068 3361 1348 3440 parallelorum,
1379 3366 1415 3420 et
1438 3357 1653 3419 fenestella

299 3443 411 3523 globo
435 3455 492 3508 est
515 3448 729 3526 angustior:
762 3450 915 3528 pictura
942 3450 1122 3512 maximae
1153 3449 1276 3529 partis
1300 3447 1343 3506 de
1372 3444 1652 3525 hemisphaerio

299 3533 500 3613 projicitur
524 3534 557 3595 in
581 3556 774 3618 papyrum,
808 3557 897 3617 quae
929 3547 1014 3617 post
1044 3538 1188 3617 globum
1212 3537 1249 3598 in
1276 3536 1435 3596 termIno
1469 3535 1651 3596 intersec-

299 3621 414 3684 tionis
439 3622 594 3686 ultimee
617 3626 778 3687 lucentis
802 3627 930 3705 puncti
954 3625 1143 3688 radiorum
1172 3625 1369 3688 collocata
1392 3623 1453 3685 sit.
1499 3622 1652 3686 Pictura

299 3728 432 3772 aversa
456 3720 533 3787 est,
558 3715 621 3775 sed
645 3714 844 3793 purIssima
867 3713 902 3775 in
927 3715 1047 3776 medio
1070 3721 1107 3776 et
1129 3711 1433 3776 distinctissime.
1481 3711 1581 3774 Tanta
1603 3719 1652 3773 est

298 3797 403 3861 barum
426 3819 523 3863 rernm
547 3803 681 3866 varietas
700 3809 733 3864 et
755 3801 881 3864 subinde
900 3803 968 3864 novi
992 3803 1072 3883 quid,
1097 3801 1202 3864 utnisi
1227 3801 1446 3862 attentissimus
1466 3799 1553 3862 facile
1578 3818 1650 3862 con-

298 3885 449 3950 fundatur.
462 3887 496 3962 *)
533 3890 679 3971 Adeoque
704 3909 760 3971 ego
776 3909 891 3970 qnoque
915 3889 1085 3953 diutissime
1100 3891 1194 3966 haesi,
1219 3889 1287 3952 dum
1307 3888 1491 3954 diversorum
1504 3889 1651 3951 rationem

298 3975 423 4038 eandem
448 3997 516 4038 esse
541 3979 612 4041 mibi
635 3979 814 4059 persuadeo.
862 3977 912 4040 Sit
934 3987 1038 4041 centro
1062 3981 1091 4040 A
1115 3979 1222 4058 globus
1250 3997 1345 4058 aquae
1368 3977 1437 4052 BC,
1463 3977 1509 4040 cui
1532 3977 1651 4056 objecta

489 4133 615 4143 ---—

385 4222 410 4290 *l
431 4227 509 4298 Ergo
530 4228 619 4281 lucam
639 4229 799 4282 nonnullam
819 4233 947 4298 petamus
967 4229 1135 4283 amethodo.
1163 4229 1229 4282 Alia
1249 4227 1338 4280 forma
1357 4227 1552 4282 refractIonnm
1573 4225 1651 4298 globi

296 4309 348 4366 est,
370 4304 468 4375 quibos
490 4305 624 4375 decipitur
643 4307 718 4360 risus
741 4308 776 4360 ad
806 4307 858 4360 sibi
885 4307 1064 4378 imaginando
1091 4307 1251 4370 simulacra,
1278 4323 1349 4377 quae
1377 4321 1476 4360 reuera
1505 4323 1559 4360 nnn
1587 4313 1652 4360 sunt

298 4381 444 4454 (imagines
466 4383 595 4448 diximus)
617 4387 651 4439 de
672 4385 770 4455 quibus
790 4403 870 4456 prop.
893 4385 920 4441 7.
942 4387 1078 4455 prioribus
1100 4393 1128 4440 et
1149 4404 1227 4456 prop.
1247 4387 1291 4440 l‘l.
1316 4385 1361 4440 18.
1390 4387 1457 4439 Alia
1477 4385 1542 4438 item
1564 4387 1651 4439 forma

296 4461 499 4528 refractionem,
522 4463 619 4534 quibos
640 4465 793 4520 formantur
813 4481 903 4518 rerum
924 4466 1049 4537 picturae
1070 4467 1180 4521 reales:
1202 4475 1232 4519 et
1249 4467 1302 4519 hae
1323 4465 1430 4534 quidem
1451 4468 1565 4519 duonum
1585 4471 1651 4518 sunl

295 4559 436 4612 generum,
458 4547 592 4614 quaedam
614 4545 766 4616 pinguntur
786 4561 805 4599 a
824 4545 909 4615 globo
930 4548 1011 4608 nudo,
1033 4548 1066 4600 de
1088 4545 1185 4616 quibus
1206 4562 1233 4614 p.
1259 4545 1303 4598 19.
1320 4545 1366 4598 20.
1382 4545 1429 4599 21.
1447 4545 1493 4608 22,
1515 4545 1648 4615 quaedam

296 4622 419 4691 agluba
440 4629 522 4687 teate,
544 4631 658 4693 praeter
678 4625 811 4696 exigerem
831 4625 1021 4689 fenestellam,
1044 4627 1196 4696 dequibus
1217 4641 1245 4692 p.
1268 4624 1315 4678 23.
1358 4626 1427 4678 Nam
1452 4625 1647 4680 refractionum

296 4699 368 4753 alius
389 4709 543 4770 apparatus
563 4710 615 4758 est.
658 4705 736 4767 Quae
756 4719 823 4757 vero
844 4710 910 4757 sunt
930 4706 966 4756 ab
981 4704 1008 4758 8.
1031 4706 1059 4758 in
1084 4707 1128 4760 16.
1150 4721 1304 4758 communes
1325 4712 1399 4769 sunt,
1420 4705 1454 4757 de
1475 4703 1646 4772 retractioni-

296 4779 347 4833 bus
367 4779 454 4850 globi.
