<?xml version="1.0" encoding="UTF-8"?>
<!DOCTYPE html PUBLIC "-//W3C//DTD XHTML 1.0 Transitional//EN"
    "http://www.w3.org/TR/xhtml1/DTD/xhtml1-transitional.dtd">
<html xmlns="http://www.w3.org/1999/xhtml" xml:lang="en" lang="en">
 <head>
  <title>
</title>
<meta http-equiv="Content-Type" content="text/html;charset=utf-8" />
  <meta name='ocr-system' content='tesseract 3.04.00' />
  <meta name='ocr-capabilities' content='ocr_page ocr_carea ocr_par ocr_line ocrx_word'/>
</head>
<body>
  <div class='ocr_page' id='page_1' title='image "./joanniskepleria02unkngoog/joanniskepleria02unkngoog_0652.png"; bbox 0 0 3700 5530; ppageno 0'>
   <div class='ocr_carea' id='block_1_1' title="bbox 808 303 1548 374">
    <p class='ocr_par' dir='ltr' id='par_1_1' title="bbox 808 303 1548 374">
     <span class='ocr_line' id='line_1_1' title="bbox 808 303 1548 374; baseline 0.001 -1"><span class='ocrx_word' id='word_1_1' title='bbox 808 303 927 373; x_wconf 56' lang='grc' dir='ltr'>(11111ι</span> <span class='ocrx_word' id='word_1_2' title='bbox 1482 305 1548 374; x_wconf 81' lang='lat' dir='ltr'>tto</span> 
     </span>
    </p>
   </div>
   <div class='ocr_carea' id='block_1_2' title="bbox 174 473 1614 4637">
    <p class='ocr_par' dir='ltr' id='par_1_2' title="bbox 184 473 1614 1160">
     <span class='ocr_line' id='line_1_2' title="bbox 277 473 1545 562; baseline 0.005 -22"><span class='ocrx_word' id='word_1_3' title='bbox 277 477 395 541; x_wconf 75' lang='lat' dir='ltr'>Eodem</span> <span class='ocrx_word' id='word_1_4' title='bbox 416 473 501 558; x_wconf 69' lang='lat'>2112.</span> <span class='ocrx_word' id='word_1_5' title='bbox 527 480 596 543; x_wconf 88' lang='grc'>001</span> <span class='ocrx_word' id='word_1_6' title='bbox 617 481 748 544; x_wconf 89' lang='lat' dir='ltr'>eandem</span> <span class='ocrx_word' id='word_1_7' title='bbox 769 481 897 562; x_wconf 90' lang='lat' dir='ltr'>primum</span> <span class='ocrx_word' id='word_1_8' title='bbox 921 487 971 542; x_wconf 87' lang='lat' dir='ltr'>cst</span> <span class='ocrx_word' id='word_1_9' title='bbox 992 479 1185 560; x_wconf 85' lang='lat' dir='ltr'>conspicatus</span> <span class='ocrx_word' id='word_1_10' title='bbox 1208 489 1240 543; x_wconf 90' lang='lat' dir='ltr'>et</span> <span class='ocrx_word' id='word_1_11' title='bbox 1260 482 1423 545; x_wconf 76' lang='lat' dir='ltr'>Helisaeus</span> <span class='ocrx_word' id='word_1_12' title='bbox 1442 483 1545 547; x_wconf 85' lang='lat' dir='ltr'>Roas-</span> 
     </span>
     <span class='ocr_line' id='line_1_3' title="bbox 189 563 1614 652; baseline 0.006 -26"><span class='ocrx_word' id='word_1_13' title='bbox 189 563 270 626; x_wconf 87' lang='lat' dir='ltr'>linus</span> <span class='ocrx_word' id='word_1_14' title='bbox 292 565 324 628; x_wconf 92' lang='lat' dir='ltr'>in</span> <span class='ocrx_word' id='word_1_15' title='bbox 345 566 470 630; x_wconf 74' lang='lat' dir='ltr'>alsatio</span> <span class='ocrx_word' id='word_1_16' title='bbox 492 569 800 652; x_wconf 70' lang='lat' dir='ltr'>interequitantium</span> <span class='ocrx_word' id='word_1_17' title='bbox 825 589 891 632; x_wconf 88' lang='lat' dir='ltr'>conr</span> <span class='ocrx_word' id='word_1_18' title='bbox 912 569 1040 650; x_wconf 88' lang='lat' dir='ltr'>primam</span> <span class='ocrx_word' id='word_1_19' title='bbox 1062 569 1147 632; x_wconf 89' lang='lat' dir='ltr'>illam</span> <span class='ocrx_word' id='word_1_20' title='bbox 1170 587 1307 632; x_wconf 89' lang='lat' dir='ltr'>serenam</span> <span class='ocrx_word' id='word_1_21' title='bbox 1329 579 1437 633; x_wconf 87' lang='lat' dir='ltr'>nactus</span> <span class='ocrx_word' id='word_1_22' title='bbox 1460 579 1545 634; x_wconf 86' lang='lat' dir='ltr'>esset</span> <span class='ocrx_word' id='word_1_23' title='bbox 1611 635 1614 646; x_wconf 59' lang='lat'>,</span> 
     </span>
     <span class='ocr_line' id='line_1_4' title="bbox 189 650 1544 738; baseline 0.007 -25"><span class='ocrx_word' id='word_1_24' title='bbox 189 671 349 734; x_wconf 86' lang='lat' dir='ltr'>vesperam</span> <span class='ocrx_word' id='word_1_25' title='bbox 378 665 450 735; x_wconf 87' lang='lat' dir='ltr'>post</span> <span class='ocrx_word' id='word_1_26' title='bbox 477 657 634 720; x_wconf 89' lang='lat' dir='ltr'>diuturnas</span> <span class='ocrx_word' id='word_1_27' title='bbox 660 657 790 737; x_wconf 90' lang='lat' dir='ltr'>pluvias.</span> <span class='ocrx_word' id='word_1_28' title='bbox 835 650 1003 737; x_wconf 73' lang='grc'>11113113.</span> <span class='ocrx_word' id='word_1_29' title='bbox 1029 657 1096 720; x_wconf 79' lang='lat' dir='ltr'>Oct</span> <span class='ocrx_word' id='word_1_30' title='bbox 1120 657 1237 738; x_wconf 89' lang='lat' dir='ltr'>passim</span> <span class='ocrx_word' id='word_1_31' title='bbox 1259 666 1308 720; x_wconf 88' lang='lat' dir='ltr'>est</span> <span class='ocrx_word' id='word_1_32' title='bbox 1330 659 1544 722; x_wconf 84' lang='lat' dir='ltr'>animadversa</span> 
     </span>
     <span class='ocr_line' id='line_1_5' title="bbox 189 740 1545 828; baseline 0.004 -24"><span class='ocrx_word' id='word_1_33' title='bbox 189 740 222 804; x_wconf 91' lang='lat' dir='ltr'>iu</span> <span class='ocrx_word' id='word_1_34' title='bbox 243 741 480 824; x_wconf 81' lang='lat' dir='ltr'>Wirtenbergia</span> <span class='ocrx_word' id='word_1_35' title='bbox 526 747 642 808; x_wconf 84' lang='lat' dir='ltr'>Eodem</span> <span class='ocrx_word' id='word_1_36' title='bbox 673 740 758 828; x_wconf 65' lang='lat'><strong>3113.</strong></span> <span class='ocrx_word' id='word_1_37' title='bbox 792 746 861 809; x_wconf 89' lang='lat' dir='ltr'>Oct.</span> <span class='ocrx_word' id='word_1_38' title='bbox 894 747 996 808; x_wconf 89' lang='lat' dir='ltr'>David</span> <span class='ocrx_word' id='word_1_39' title='bbox 1026 745 1184 808; x_wconf 79' lang='lat' dir='ltr'><strong>Fabricius</strong></span> <span class='ocrx_word' id='word_1_40' title='bbox 1216 747 1247 808; x_wconf 93' lang='lat' dir='ltr'>in</span> <span class='ocrx_word' id='word_1_41' title='bbox 1278 747 1379 810; x_wconf 80' lang='lat' dir='ltr'>Fhisia</span> <span class='ocrx_word' id='word_1_42' title='bbox 1406 756 1438 809; x_wconf 87' lang='lat' dir='ltr'>et</span> <span class='ocrx_word' id='word_1_43' title='bbox 1467 748 1545 810; x_wconf 88' lang='lat' dir='ltr'>vidit</span> 
     </span>
     <span class='ocr_line' id='line_1_6' title="bbox 187 829 1545 915; baseline 0.005 -23"><span class='ocrx_word' id='word_1_44' title='bbox 187 829 272 901; x_wconf 84' lang='lat' dir='ltr'>illam</span> <span class='ocrx_word' id='word_1_45' title='bbox 295 839 327 892; x_wconf 87' lang='lat' dir='ltr'>et</span> <span class='ocrx_word' id='word_1_46' title='bbox 349 834 474 912; x_wconf 86' lang='lat' dir='ltr'>agnovit</span> <span class='ocrx_word' id='word_1_47' title='bbox 496 842 528 896; x_wconf 89' lang='lat' dir='ltr'>et</span> <span class='ocrx_word' id='word_1_48' title='bbox 550 835 725 898; x_wconf 82' lang='lat' dir='ltr'>observavit</span> <span class='ocrx_word' id='word_1_49' title='bbox 745 835 803 896; x_wconf 91' lang='lat' dir='ltr'>hoc</span> <span class='ocrx_word' id='word_1_50' title='bbox 826 842 858 896; x_wconf 91' lang='lat' dir='ltr'>et</span> <span class='ocrx_word' id='word_1_51' title='bbox 873 835 1010 915; x_wconf 81' lang='lat' dir='ltr'>sequenti</span> <span class='ocrx_word' id='word_1_52' title='bbox 1026 833 1074 896; x_wconf 89' lang='lat' dir='ltr'>die</span> <span class='ocrx_word' id='word_1_53' title='bbox 1089 834 1298 897; x_wconf 80' lang='lat' dir='ltr'><strong>instrumentis</strong></span> <span class='ocrx_word' id='word_1_54' title='bbox 1315 835 1378 896; x_wconf 90' lang='lat' dir='ltr'>suis</span> <span class='ocrx_word' id='word_1_55' title='bbox 1394 837 1545 900; x_wconf 86' lang='lat' dir='ltr'>accuratis</span> 
     </span>
     <span class='ocr_line' id='line_1_7' title="bbox 188 917 1544 1004; baseline 0.005 -25"><span class='ocrx_word' id='word_1_56' title='bbox 188 919 230 980; x_wconf 92' lang='lat' dir='ltr'>ad</span> <span class='ocrx_word' id='word_1_57' title='bbox 244 920 328 998; x_wconf 86' lang='lat' dir='ltr'>leges</span> <span class='ocrx_word' id='word_1_58' title='bbox 344 921 533 1000; x_wconf 83' lang='lat' dir='ltr'>Tychonioas</span> <span class='ocrx_word' id='word_1_59' title='bbox 557 923 761 986; x_wconf 88' lang='lat' dir='ltr'>conformatis.</span> <span class='ocrx_word' id='word_1_60' title='bbox 807 923 867 984; x_wconf 88' lang='lat' dir='ltr'>Die</span> <span class='ocrx_word' id='word_1_61' title='bbox 896 917 981 1004; x_wconf 77' lang='grc'>4111.</span> <span class='ocrx_word' id='word_1_62' title='bbox 1008 922 1076 985; x_wconf 83' lang='lat' dir='ltr'>Oct</span> <span class='ocrx_word' id='word_1_63' title='bbox 1100 941 1155 1002; x_wconf 89' lang='lat' dir='ltr'>per</span> <span class='ocrx_word' id='word_1_64' title='bbox 1183 924 1278 986; x_wconf 90' lang='lat' dir='ltr'>nubes</span> <span class='ocrx_word' id='word_1_65' title='bbox 1307 923 1455 1001; x_wconf 83' lang='lat' dir='ltr'>fulgorem</span> <span class='ocrx_word' id='word_1_66' title='bbox 1477 931 1544 986; x_wconf 86' lang='lat' dir='ltr'>tra-</span> 
     </span>
     <span class='ocr_line' id='line_1_8' title="bbox 184 1007 1546 1089; baseline 0.004 -21"><span class='ocrx_word' id='word_1_67' title='bbox 184 1007 299 1086; x_wconf 81' lang='lat' dir='ltr'>jectum</span> <span class='ocrx_word' id='word_1_68' title='bbox 313 1012 553 1089; x_wconf 67' lang='lat' dir='ltr'>repraesentavit</span> <span class='ocrx_word' id='word_1_69' title='bbox 567 1013 741 1086; x_wconf 88' lang='lat' dir='ltr'>Maestlino,</span> <span class='ocrx_word' id='word_1_70' title='bbox 755 1012 809 1072; x_wconf 86' lang='lat' dir='ltr'>sed</span> <span class='ocrx_word' id='word_1_71' title='bbox 825 1009 971 1073; x_wconf 86' lang='lat' dir='ltr'>novitatis</span> <span class='ocrx_word' id='word_1_72' title='bbox 986 1010 1031 1074; x_wconf 92' lang='lat' dir='ltr'>illi</span> <span class='ocrx_word' id='word_1_73' title='bbox 1045 1012 1176 1073; x_wconf 90' lang='lat' dir='ltr'>nondum</span> <span class='ocrx_word' id='word_1_74' title='bbox 1191 1011 1356 1074; x_wconf 88' lang='lat' dir='ltr'>manifesta</span> <span class='ocrx_word' id='word_1_75' title='bbox 1372 1013 1409 1073; x_wconf 95' lang='lat' dir='ltr'>ob</span> <span class='ocrx_word' id='word_1_76' title='bbox 1424 1012 1546 1074; x_wconf 86' lang='lat' dir='ltr'>nubium</span> 
     </span>
     <span class='ocr_line' id='line_1_9' title="bbox 188 1095 390 1160; baseline 0 -2"><span class='ocrx_word' id='word_1_77' title='bbox 188 1095 390 1160; x_wconf 71' lang='lat' dir='ltr'>crebritatem.</span> 
     </span>
    </p>

    <p class='ocr_par' dir='ltr' id='par_1_3' title="bbox 179 1182 1546 1620">
     <span class='ocr_line' id='line_1_10' title="bbox 277 1182 1544 1268; baseline 0.002 -20"><span class='ocrx_word' id='word_1_78' title='bbox 277 1185 412 1248; x_wconf 80' lang='lat' dir='ltr'>Tandem</span> <span class='ocrx_word' id='word_1_79' title='bbox 434 1186 484 1248; x_wconf 89' lang='lat' dir='ltr'>hic</span> <span class='ocrx_word' id='word_1_80' title='bbox 505 1187 625 1266; x_wconf 87' lang='lat' dir='ltr'>Pragae</span> <span class='ocrx_word' id='word_1_81' title='bbox 649 1188 697 1250; x_wconf 90' lang='lat' dir='ltr'>die</span> <span class='ocrx_word' id='word_1_82' title='bbox 715 1182 798 1256; x_wconf 78' lang='grc'>6116.</span> <span class='ocrx_word' id='word_1_83' title='bbox 815 1187 884 1250; x_wconf 92' lang='grc'>001.</span> <span class='ocrx_word' id='word_1_84' title='bbox 902 1187 1030 1268; x_wconf 89' lang='lat' dir='ltr'>depulsa</span> <span class='ocrx_word' id='word_1_85' title='bbox 1050 1188 1133 1250; x_wconf 90' lang='lat' dir='ltr'>fuere</span> <span class='ocrx_word' id='word_1_86' title='bbox 1148 1187 1262 1264; x_wconf 91' lang='lat' dir='ltr'>nubila,</span> <span class='ocrx_word' id='word_1_87' title='bbox 1287 1190 1341 1251; x_wconf 89' lang='lat' dir='ltr'>sed</span> <span class='ocrx_word' id='word_1_88' title='bbox 1356 1188 1408 1250; x_wconf 85' lang='lat' dir='ltr'>vix</span> <span class='ocrx_word' id='word_1_89' title='bbox 1422 1206 1544 1268; x_wconf 80' lang='lat' dir='ltr'>parum5</span> 
     </span>
     <span class='ocr_line' id='line_1_11' title="bbox 189 1275 1546 1353; baseline 0.004 -19"><span class='ocrx_word' id='word_1_90' title='bbox 189 1290 258 1334; x_wconf 89' lang='lat' dir='ltr'>cum</span> <span class='ocrx_word' id='word_1_91' title='bbox 279 1282 402 1353; x_wconf 86' lang='lat' dir='ltr'>praesto</span> <span class='ocrx_word' id='word_1_92' title='bbox 426 1275 508 1336; x_wconf 90' lang='lat' dir='ltr'>fuere</span> <span class='ocrx_word' id='word_1_93' title='bbox 531 1276 746 1338; x_wconf 81' lang='lat' dir='ltr'>Brnnovvslrius</span> <span class='ocrx_word' id='word_1_94' title='bbox 770 1285 803 1336; x_wconf 91' lang='lat' dir='ltr'>et</span> <span class='ocrx_word' id='word_1_95' title='bbox 824 1277 989 1338; x_wconf 87' lang='lat' dir='ltr'>Sohulerus</span> <span class='ocrx_word' id='word_1_96' title='bbox 1019 1293 1121 1349; x_wconf 88' lang='lat' dir='ltr'>meus,</span> <span class='ocrx_word' id='word_1_97' title='bbox 1151 1276 1204 1338; x_wconf 90' lang='lat' dir='ltr'>ille</span> <span class='ocrx_word' id='word_1_98' title='bbox 1228 1277 1448 1338; x_wconf 86' lang='lat' dir='ltr'>confirmandae</span> <span class='ocrx_word' id='word_1_99' title='bbox 1472 1295 1546 1339; x_wconf 86' lang='lat' dir='ltr'>snae</span> 
     </span>
     <span class='ocr_line' id='line_1_12' title="bbox 186 1361 1544 1444; baseline 0.002 -20"><span class='ocrx_word' id='word_1_100' title='bbox 186 1362 338 1438; x_wconf 88' lang='lat' dir='ltr'>relationi,</span> <span class='ocrx_word' id='word_1_101' title='bbox 362 1361 412 1424; x_wconf 91' lang='lat' dir='ltr'>hic</span> <span class='ocrx_word' id='word_1_102' title='bbox 435 1364 461 1424; x_wconf 93' lang='lat' dir='ltr'>si</span> <span class='ocrx_word' id='word_1_103' title='bbox 485 1365 673 1443; x_wconf 89' lang='lat' dir='ltr'>contingeret</span> <span class='ocrx_word' id='word_1_104' title='bbox 694 1365 873 1426; x_wconf 78' lang='lat' dir='ltr'>refutandae</span> <span class='ocrx_word' id='word_1_105' title='bbox 895 1365 1039 1426; x_wconf 89' lang='lat' dir='ltr'>intentus.</span> <span class='ocrx_word' id='word_1_106' title='bbox 1080 1365 1216 1426; x_wconf 88' lang='lat' dir='ltr'>Monitus</span> <span class='ocrx_word' id='word_1_107' title='bbox 1238 1365 1332 1444; x_wconf 89' lang='lat' dir='ltr'>igitur</span> <span class='ocrx_word' id='word_1_108' title='bbox 1355 1385 1375 1426; x_wconf 98' lang='lat' dir='ltr'>a</span> <span class='ocrx_word' id='word_1_109' title='bbox 1398 1365 1544 1428; x_wconf 84' lang='lat' dir='ltr'>Schulero</span> 
     </span>
     <span class='ocr_line' id='line_1_13' title="bbox 188 1449 1546 1533; baseline 0.003 -21"><span class='ocrx_word' id='word_1_110' title='bbox 188 1449 260 1512; x_wconf 88' lang='grc'>1111111</span> <span class='ocrx_word' id='word_1_111' title='bbox 277 1451 383 1512; x_wconf 86' lang='lat' dir='ltr'>locum</span> <span class='ocrx_word' id='word_1_112' title='bbox 406 1453 576 1514; x_wconf 86' lang='lat' dir='ltr'>conscendo</span> <span class='ocrx_word' id='word_1_113' title='bbox 599 1452 749 1528; x_wconf 88' lang='lat' dir='ltr'>idoneum,</span> <span class='ocrx_word' id='word_1_114' title='bbox 769 1453 834 1533; x_wconf 86' lang='lat' dir='ltr'>jam</span> <span class='ocrx_word' id='word_1_115' title='bbox 857 1453 912 1514; x_wconf 90' lang='lat' dir='ltr'>illa</span> <span class='ocrx_word' id='word_1_116' title='bbox 927 1452 1004 1514; x_wconf 92' lang='lat' dir='ltr'>coeli</span> <span class='ocrx_word' id='word_1_117' title='bbox 1026 1469 1098 1532; x_wconf 88' lang='lat' dir='ltr'>pars</span> <span class='ocrx_word' id='word_1_118' title='bbox 1122 1471 1160 1514; x_wconf 86' lang='lat' dir='ltr'>ex</span> <span class='ocrx_word' id='word_1_119' title='bbox 1182 1453 1250 1514; x_wconf 86' lang='lat' dir='ltr'>visu</span> <span class='ocrx_word' id='word_1_120' title='bbox 1265 1453 1390 1515; x_wconf 88' lang='lat' dir='ltr'>abierat.</span> <span class='ocrx_word' id='word_1_121' title='bbox 1428 1453 1546 1516; x_wconf 81' lang='lat' dir='ltr'>Eodem</span> 
     </span>
     <span class='ocr_line' id='line_1_14' title="bbox 179 1530 1051 1620; baseline 0 -20"><span class='ocrx_word' id='word_1_122' title='bbox 179 1530 275 1620; x_wconf 69' lang='lat' dir='ltr'>titt.</span> <span class='ocrx_word' id='word_1_123' title='bbox 301 1537 369 1602; x_wconf 82' lang='lat' dir='ltr'>Oct</span> <span class='ocrx_word' id='word_1_124' title='bbox 395 1540 476 1601; x_wconf 87' lang='lat' dir='ltr'>clare</span> <span class='ocrx_word' id='word_1_125' title='bbox 499 1539 567 1602; x_wconf 88' lang='lat' dir='ltr'>visa</span> <span class='ocrx_word' id='word_1_126' title='bbox 589 1548 638 1602; x_wconf 91' lang='lat' dir='ltr'>est</span> <span class='ocrx_word' id='word_1_127' title='bbox 654 1561 674 1601; x_wconf 87' lang='lat' dir='ltr'>a</span> <span class='ocrx_word' id='word_1_128' title='bbox 697 1541 861 1603; x_wconf 88' lang='lat' dir='ltr'>Maestlino</span> <span class='ocrx_word' id='word_1_129' title='bbox 885 1541 1051 1620; x_wconf 74' lang='lat' dir='ltr'>lubingae.</span> 
     </span>
    </p>

    <p class='ocr_par' dir='ltr' id='par_1_4' title="bbox 187 1622 1545 2240">
     <span class='ocr_line' id='line_1_15' title="bbox 278 1622 1545 1710; baseline 0.002 -20"><span class='ocrx_word' id='word_1_130' title='bbox 278 1626 424 1708; x_wconf 83' lang='lat' dir='ltr'>Sequenti</span> <span class='ocrx_word' id='word_1_131' title='bbox 447 1627 496 1690; x_wconf 92' lang='lat' dir='ltr'>die</span> <span class='ocrx_word' id='word_1_132' title='bbox 521 1622 605 1707; x_wconf 78' lang='grc'>7117.</span> <span class='ocrx_word' id='word_1_133' title='bbox 631 1629 699 1694; x_wconf 87' lang='grc'>001</span> <span class='ocrx_word' id='word_1_134' title='bbox 725 1630 809 1692; x_wconf 83' lang='grc'>00110</span> <span class='ocrx_word' id='word_1_135' title='bbox 839 1630 1009 1692; x_wconf 83' lang='lat' dir='ltr'>clarissimo</span> <span class='ocrx_word' id='word_1_136' title='bbox 1041 1628 1201 1693; x_wconf 80' lang='lat' dir='ltr'>observavi</span> <span class='ocrx_word' id='word_1_137' title='bbox 1230 1629 1316 1692; x_wconf 86' lang='lat' dir='ltr'>illam</span> <span class='ocrx_word' id='word_1_138' title='bbox 1345 1647 1399 1710; x_wconf 89' lang='lat' dir='ltr'>pro</span> <span class='ocrx_word' id='word_1_139' title='bbox 1431 1627 1489 1691; x_wconf 89' lang='lat' dir='ltr'>loci</span> <span class='ocrx_word' id='word_1_140' title='bbox 1513 1637 1545 1692; x_wconf 91' lang='lat' dir='ltr'>et</span> 
     </span>
     <span class='ocr_line' id='line_1_16' title="bbox 187 1712 1544 1798; baseline 0.003 -22"><span class='ocrx_word' id='word_1_141' title='bbox 187 1712 457 1778; x_wconf 87' lang='lat' dir='ltr'>instrumentorum</span> <span class='ocrx_word' id='word_1_142' title='bbox 479 1717 713 1798; x_wconf 80' lang='lat' dir='ltr'>opportunitate.</span> <span class='ocrx_word' id='word_1_143' title='bbox 759 1719 808 1780; x_wconf 82' lang='lat' dir='ltr'>Ex</span> <span class='ocrx_word' id='word_1_144' title='bbox 832 1738 867 1780; x_wconf 95' lang='lat' dir='ltr'>eo</span> <span class='ocrx_word' id='word_1_145' title='bbox 891 1718 988 1780; x_wconf 89' lang='lat' dir='ltr'>literis</span> <span class='ocrx_word' id='word_1_146' title='bbox 1011 1716 1127 1797; x_wconf 90' lang='lat' dir='ltr'>passim</span> <span class='ocrx_word' id='word_1_147' title='bbox 1149 1717 1295 1780; x_wconf 83' lang='lat' dir='ltr'>admoniti</span> <span class='ocrx_word' id='word_1_148' title='bbox 1319 1719 1467 1779; x_wconf 90' lang='lat' dir='ltr'>universi:</span> <span class='ocrx_word' id='word_1_149' title='bbox 1492 1737 1544 1780; x_wconf 86' lang='lat' dir='ltr'>re-</span> 
     </span>
     <span class='ocr_line' id='line_1_17' title="bbox 187 1803 1544 1886; baseline 0.003 -22"><span class='ocrx_word' id='word_1_150' title='bbox 187 1803 306 1886; x_wconf 82' lang='lat' dir='ltr'>fertque</span> <span class='ocrx_word' id='word_1_151' title='bbox 335 1805 589 1868; x_wconf 85' lang='lat' dir='ltr'>Bartholomaeus</span> <span class='ocrx_word' id='word_1_152' title='bbox 622 1805 798 1880; x_wconf 82' lang='lat' dir='ltr'>Orestinus,</span> <span class='ocrx_word' id='word_1_153' title='bbox 830 1805 1002 1868; x_wconf 87' lang='lat' dir='ltr'>Sabaudiae</span> <span class='ocrx_word' id='word_1_154' title='bbox 1033 1805 1185 1885; x_wconf 89' lang='lat' dir='ltr'>Principis</span> <span class='ocrx_word' id='word_1_155' title='bbox 1214 1805 1463 1882; x_wconf 85' lang='lat' dir='ltr'>mathematicus,</span> <span class='ocrx_word' id='word_1_156' title='bbox 1495 1807 1544 1868; x_wconf 89' lang='lat' dir='ltr'>die</span> 
     </span>
     <span class='ocr_line' id='line_1_18' title="bbox 187 1889 1543 1975; baseline 0.002 -22"><span class='ocrx_word' id='word_1_157' title='bbox 187 1889 272 1972; x_wconf 67' lang='lat'><strong>7117.</strong></span> <span class='ocrx_word' id='word_1_158' title='bbox 295 1893 373 1956; x_wconf 86' lang='lat' dir='ltr'>Nov.</span> <span class='ocrx_word' id='word_1_159' title='bbox 394 1893 459 1973; x_wconf 89' lang='lat' dir='ltr'>jam</span> <span class='ocrx_word' id='word_1_160' title='bbox 482 1893 616 1956; x_wconf 88' lang='lat' dir='ltr'>adfuisse</span> <span class='ocrx_word' id='word_1_161' title='bbox 649 1896 756 1958; x_wconf 88' lang='lat' dir='ltr'>literas</span> <span class='ocrx_word' id='word_1_162' title='bbox 788 1915 826 1957; x_wconf 85' lang='lat' dir='ltr'>ex</span> <span class='ocrx_word' id='word_1_163' title='bbox 848 1894 1007 1974; x_wconf 90' lang='lat' dir='ltr'>Hispaniis</span> <span class='ocrx_word' id='word_1_164' title='bbox 1035 1895 1074 1954; x_wconf 89' lang='lat' dir='ltr'>ad</span> <span class='ocrx_word' id='word_1_165' title='bbox 1099 1913 1184 1956; x_wconf 90' lang='lat' dir='ltr'>snum</span> <span class='ocrx_word' id='word_1_166' title='bbox 1207 1895 1378 1974; x_wconf 87' lang='lat' dir='ltr'>Principem</span> <span class='ocrx_word' id='word_1_167' title='bbox 1402 1895 1543 1975; x_wconf 87' lang='lat' dir='ltr'>scriptas,</span> 
     </span>
     <span class='ocr_line' id='line_1_19' title="bbox 187 1978 1544 2068; baseline 0.001 -26"><span class='ocrx_word' id='word_1_168' title='bbox 187 1980 295 2061; x_wconf 89' lang='lat' dir='ltr'>quibus</span> <span class='ocrx_word' id='word_1_169' title='bbox 318 1981 390 2043; x_wconf 92' lang='lat' dir='ltr'>novi</span> <span class='ocrx_word' id='word_1_170' title='bbox 413 1982 522 2044; x_wconf 84' lang='lat' dir='ltr'>sideris</span> <span class='ocrx_word' id='word_1_171' title='bbox 546 1991 669 2046; x_wconf 86' lang='lat' dir='ltr'>exortus</span> <span class='ocrx_word' id='word_1_172' title='bbox 693 1984 906 2046; x_wconf 84' lang='lat' dir='ltr'>celebraretur.</span> <span class='ocrx_word' id='word_1_173' title='bbox 952 1983 1011 2045; x_wconf 92' lang='lat' dir='ltr'>Die</span> <span class='ocrx_word' id='word_1_174' title='bbox 1045 1978 1148 2063; x_wconf 74' lang='grc'>11121.</span> <span class='ocrx_word' id='word_1_175' title='bbox 1175 1982 1243 2045; x_wconf 95' lang='grc'>001.</span> <span class='ocrx_word' id='word_1_176' title='bbox 1270 1984 1431 2068; x_wconf 83' lang='lat' dir='ltr'>observata</span> <span class='ocrx_word' id='word_1_177' title='bbox 1454 1991 1544 2045; x_wconf 87' lang='lat' dir='ltr'>esta</span> 
     </span>
     <span class='ocr_line' id='line_1_20' title="bbox 187 2069 1542 2152; baseline -0.001 -18"><span class='ocrx_word' id='word_1_178' title='bbox 187 2069 278 2134; x_wconf 84' lang='lat' dir='ltr'>Justo</span> <span class='ocrx_word' id='word_1_179' title='bbox 300 2070 414 2150; x_wconf 85' lang='lat' dir='ltr'>Byrgio</span> <span class='ocrx_word' id='word_1_180' title='bbox 437 2089 493 2151; x_wconf 90' lang='lat' dir='ltr'>per</span> <span class='ocrx_word' id='word_1_181' title='bbox 521 2072 753 2136; x_wconf 87' lang='lat' dir='ltr'>instrumentum</span> <span class='ocrx_word' id='word_1_182' title='bbox 785 2091 860 2134; x_wconf 85' lang='lat' dir='ltr'>ase</span> <span class='ocrx_word' id='word_1_183' title='bbox 889 2079 1039 2152; x_wconf 86' lang='lat' dir='ltr'>paratum,</span> <span class='ocrx_word' id='word_1_184' title='bbox 1073 2069 1178 2132; x_wconf 88' lang='lat' dir='ltr'>eodem</span> <span class='ocrx_word' id='word_1_185' title='bbox 1211 2071 1415 2134; x_wconf 66' lang='lat' dir='ltr'>altanoisco</span> <span class='ocrx_word' id='word_1_186' title='bbox 1438 2074 1542 2152; x_wconf 83' lang='lat' dir='ltr'>Tong-</span> 
     </span>
     <span class='ocr_line' id='line_1_21' title="bbox 187 2158 1351 2240; baseline 0.002 -22"><span class='ocrx_word' id='word_1_187' title='bbox 187 2158 289 2236; x_wconf 88' lang='lat' dir='ltr'>naglio</span> <span class='ocrx_word' id='word_1_188' title='bbox 312 2165 344 2219; x_wconf 89' lang='lat' dir='ltr'>et</span> <span class='ocrx_word' id='word_1_189' title='bbox 364 2177 413 2220; x_wconf 91' lang='lat' dir='ltr'>me</span> <span class='ocrx_word' id='word_1_190' title='bbox 435 2177 489 2239; x_wconf 92' lang='lat' dir='ltr'>per</span> <span class='ocrx_word' id='word_1_191' title='bbox 512 2160 714 2240; x_wconf 78' lang='lat' dir='ltr'>&#39;lychonioum</span> <span class='ocrx_word' id='word_1_192' title='bbox 738 2169 910 2224; x_wconf 84' lang='lat' dir='ltr'>sextantem</span> <span class='ocrx_word' id='word_1_193' title='bbox 932 2159 963 2222; x_wconf 93' lang='lat' dir='ltr'>in</span> <span class='ocrx_word' id='word_1_194' title='bbox 986 2159 1131 2222; x_wconf 87' lang='lat' dir='ltr'>viridario</span> <span class='ocrx_word' id='word_1_195' title='bbox 1155 2159 1351 2221; x_wconf 84' lang='lat' dir='ltr'>Caesariano.</span> 
     </span>
    </p>

    <p class='ocr_par' dir='ltr' id='par_1_5' title="bbox 184 2247 1543 2864">
     <span class='ocr_line' id='line_1_22' title="bbox 274 2247 1543 2330; baseline 0.002 -22"><span class='ocrx_word' id='word_1_196' title='bbox 274 2247 396 2308; x_wconf 86' lang='lat' dir='ltr'>Interea</span> <span class='ocrx_word' id='word_1_197' title='bbox 418 2247 487 2310; x_wconf 89' lang='lat' dir='ltr'>dnm</span> <span class='ocrx_word' id='word_1_198' title='bbox 510 2249 618 2327; x_wconf 85' lang='lat' dir='ltr'>vulgus</span> <span class='ocrx_word' id='word_1_199' title='bbox 640 2249 756 2330; x_wconf 90' lang='lat' dir='ltr'>passim</span> <span class='ocrx_word' id='word_1_200' title='bbox 779 2251 819 2312; x_wconf 87' lang='lat' dir='ltr'>ad</span> <span class='ocrx_word' id='word_1_201' title='bbox 841 2269 937 2312; x_wconf 89' lang='lat' dir='ltr'>novae</span> <span class='ocrx_word' id='word_1_202' title='bbox 961 2250 1072 2311; x_wconf 86' lang='lat' dir='ltr'>stallae</span> <span class='ocrx_word' id='word_1_203' title='bbox 1096 2248 1208 2309; x_wconf 86' lang='lat' dir='ltr'>famam</span> <span class='ocrx_word' id='word_1_204' title='bbox 1238 2249 1403 2323; x_wconf 82' lang='lat' dir='ltr'>excitatur,</span> <span class='ocrx_word' id='word_1_205' title='bbox 1433 2267 1466 2310; x_wconf 92' lang='lat' dir='ltr'>re</span> <span class='ocrx_word' id='word_1_206' title='bbox 1488 2268 1543 2328; x_wconf 89' lang='lat' dir='ltr'>per</span> 
     </span>
     <span class='ocr_line' id='line_1_23' title="bbox 187 2333 1542 2414; baseline 0.003 -18"><span class='ocrx_word' id='word_1_207' title='bbox 187 2333 309 2397; x_wconf 87' lang='lat' dir='ltr'>crebras</span> <span class='ocrx_word' id='word_1_208' title='bbox 332 2335 439 2398; x_wconf 88' lang='lat' dir='ltr'>literas</span> <span class='ocrx_word' id='word_1_209' title='bbox 462 2339 696 2401; x_wconf 86' lang='lat' dir='ltr'>communicata:</span> <span class='ocrx_word' id='word_1_210' title='bbox 721 2339 909 2401; x_wconf 90' lang='lat' dir='ltr'>commodum</span> <span class='ocrx_word' id='word_1_211' title='bbox 926 2338 1059 2400; x_wconf 87' lang='lat' dir='ltr'>accessit</span> <span class='ocrx_word' id='word_1_212' title='bbox 1071 2337 1203 2398; x_wconf 87' lang='lat' dir='ltr'>Veneris</span> <span class='ocrx_word' id='word_1_213' title='bbox 1219 2344 1342 2398; x_wconf 84' lang='lat' dir='ltr'>exortus</span> <span class='ocrx_word' id='word_1_214' title='bbox 1358 2338 1542 2414; x_wconf 87' lang='lat' dir='ltr'>matutinus;</span> 
     </span>
     <span class='ocr_line' id='line_1_24' title="bbox 186 2425 1541 2507; baseline 0.004 -24"><span class='ocrx_word' id='word_1_215' title='bbox 186 2441 263 2502; x_wconf 88' lang='lat' dir='ltr'>quae</span> <span class='ocrx_word' id='word_1_216' title='bbox 287 2442 354 2486; x_wconf 92' lang='lat' dir='ltr'>cum</span> <span class='ocrx_word' id='word_1_217' title='bbox 378 2432 461 2486; x_wconf 90' lang='lat' dir='ltr'>esset</span> <span class='ocrx_word' id='word_1_218' title='bbox 483 2427 587 2488; x_wconf 87' lang='lat' dir='ltr'>Terris</span> <span class='ocrx_word' id='word_1_219' title='bbox 609 2427 760 2506; x_wconf 84' lang='lat' dir='ltr'>proxima,</span> <span class='ocrx_word' id='word_1_220' title='bbox 790 2427 908 2490; x_wconf 86' lang='lat' dir='ltr'>distans</span> <span class='ocrx_word' id='word_1_221' title='bbox 932 2427 969 2487; x_wconf 90' lang='lat' dir='ltr'>ab</span> <span class='ocrx_word' id='word_1_222' title='bbox 994 2446 1030 2488; x_wconf 88' lang='lat' dir='ltr'>ea</span> <span class='ocrx_word' id='word_1_223' title='bbox 1052 2425 1104 2486; x_wconf 86' lang='lat' dir='ltr'>vix</span> <span class='ocrx_word' id='word_1_224' title='bbox 1128 2433 1235 2506; x_wconf 89' lang='lat' dir='ltr'>quarta</span> <span class='ocrx_word' id='word_1_225' title='bbox 1261 2433 1347 2506; x_wconf 88' lang='lat' dir='ltr'>parte</span> <span class='ocrx_word' id='word_1_226' title='bbox 1373 2427 1437 2505; x_wconf 87' lang='lat' dir='ltr'>ejus</span> <span class='ocrx_word' id='word_1_227' title='bbox 1461 2428 1541 2507; x_wconf 91' lang='lat' dir='ltr'>quod</span> 
     </span>
     <span class='ocr_line' id='line_1_25' title="bbox 188 2509 1540 2596; baseline 0.004 -24"><span class='ocrx_word' id='word_1_228' title='bbox 188 2509 242 2572; x_wconf 86' lang='lat' dir='ltr'>Sol</span> <span class='ocrx_word' id='word_1_229' title='bbox 266 2512 378 2588; x_wconf 86' lang='lat' dir='ltr'>distat,</span> <span class='ocrx_word' id='word_1_230' title='bbox 409 2521 497 2575; x_wconf 81' lang='lat' dir='ltr'>sexta</span> <span class='ocrx_word' id='word_1_231' title='bbox 519 2533 592 2577; x_wconf 86' lang='lat' dir='ltr'>vero</span> <span class='ocrx_word' id='word_1_232' title='bbox 615 2517 664 2578; x_wconf 86' lang='lat' dir='ltr'>vel</span> <span class='ocrx_word' id='word_1_233' title='bbox 687 2517 816 2596; x_wconf 89' lang='lat' dir='ltr'>septima</span> <span class='ocrx_word' id='word_1_234' title='bbox 839 2517 904 2595; x_wconf 86' lang='lat' dir='ltr'>ejus</span> <span class='ocrx_word' id='word_1_235' title='bbox 928 2516 1101 2588; x_wconf 87' lang='lat' dir='ltr'>distantiae,</span> <span class='ocrx_word' id='word_1_236' title='bbox 1127 2533 1216 2594; x_wconf 88' lang='lat' dir='ltr'>qnam</span> <span class='ocrx_word' id='word_1_237' title='bbox 1239 2515 1357 2575; x_wconf 89' lang='lat' dir='ltr'>obtinet</span> <span class='ocrx_word' id='word_1_238' title='bbox 1378 2515 1409 2576; x_wconf 92' lang='lat' dir='ltr'>in</span> <span class='ocrx_word' id='word_1_239' title='bbox 1433 2523 1540 2577; x_wconf 84' lang='lat' dir='ltr'>exortu</span> 
     </span>
     <span class='ocr_line' id='line_1_26' title="bbox 184 2600 1537 2684; baseline 0.003 -24"><span class='ocrx_word' id='word_1_240' title='bbox 184 2600 376 2680; x_wconf 88' lang='lat' dir='ltr'>vespertino:</span> <span class='ocrx_word' id='word_1_241' title='bbox 410 2603 608 2666; x_wconf 89' lang='lat' dir='ltr'>conveniebat</span> <span class='ocrx_word' id='word_1_242' title='bbox 631 2605 738 2680; x_wconf 91' lang='lat' dir='ltr'>etiam,</span> <span class='ocrx_word' id='word_1_243' title='bbox 770 2611 805 2666; x_wconf 89' lang='lat' dir='ltr'>ut</span> <span class='ocrx_word' id='word_1_244' title='bbox 831 2605 948 2684; x_wconf 89' lang='lat' dir='ltr'>totuplo</span> <span class='ocrx_word' id='word_1_245' title='bbox 973 2612 1056 2666; x_wconf 88' lang='lat' dir='ltr'>esset</span> <span class='ocrx_word' id='word_1_246' title='bbox 1079 2602 1188 2664; x_wconf 88' lang='lat' dir='ltr'>clarior</span> <span class='ocrx_word' id='word_1_247' title='bbox 1211 2611 1242 2663; x_wconf 90' lang='lat' dir='ltr'>et</span> <span class='ocrx_word' id='word_1_248' title='bbox 1264 2603 1410 2682; x_wconf 88' lang='lat' dir='ltr'>adspectu</span> <span class='ocrx_word' id='word_1_249' title='bbox 1432 2604 1537 2682; x_wconf 82' lang='lat' dir='ltr'>maJ&#39;or.</span> 
     </span>
     <span class='ocr_line' id='line_1_27' title="bbox 184 2689 1540 2774; baseline 0.003 -24"><span class='ocrx_word' id='word_1_250' title='bbox 184 2689 290 2769; x_wconf 86' lang='lat' dir='ltr'>Itaque</span> <span class='ocrx_word' id='word_1_251' title='bbox 314 2697 345 2750; x_wconf 89' lang='lat' dir='ltr'>et</span> <span class='ocrx_word' id='word_1_252' title='bbox 367 2690 503 2752; x_wconf 89' lang='lat' dir='ltr'>umbram</span> <span class='ocrx_word' id='word_1_253' title='bbox 526 2693 762 2774; x_wconf 84' lang='lat' dir='ltr'>circumscripsit</span> <span class='ocrx_word' id='word_1_254' title='bbox 785 2694 960 2774; x_wconf 84' lang='lat' dir='ltr'>corporibus</span> <span class='ocrx_word' id='word_1_255' title='bbox 984 2699 1016 2753; x_wconf 92' lang='lat' dir='ltr'>et</span> <span class='ocrx_word' id='word_1_256' title='bbox 1037 2691 1077 2753; x_wconf 88' lang='lat' dir='ltr'>ad</span> <span class='ocrx_word' id='word_1_257' title='bbox 1091 2690 1217 2752; x_wconf 88' lang='lat' dir='ltr'>multam</span> <span class='ocrx_word' id='word_1_258' title='bbox 1233 2691 1313 2752; x_wconf 90' lang='lat' dir='ltr'>diem</span> <span class='ocrx_word' id='word_1_259' title='bbox 1328 2692 1415 2752; x_wconf 90' lang='lat' dir='ltr'>coelo</span> <span class='ocrx_word' id='word_1_260' title='bbox 1432 2709 1540 2754; x_wconf 88' lang='lat' dir='ltr'>sereno</span> 
     </span>
     <span class='ocr_line' id='line_1_28' title="bbox 186 2777 1099 2864; baseline 0.003 -27"><span class='ocrx_word' id='word_1_261' title='bbox 186 2777 318 2857; x_wconf 87' lang='lat' dir='ltr'>conspici</span> <span class='ocrx_word' id='word_1_262' title='bbox 340 2779 450 2857; x_wconf 90' lang='lat' dir='ltr'>potnit,</span> <span class='ocrx_word' id='word_1_263' title='bbox 474 2801 493 2842; x_wconf 98' lang='lat' dir='ltr'>a</span> <span class='ocrx_word' id='word_1_264' title='bbox 515 2799 562 2842; x_wconf 89' lang='lat' dir='ltr'>me</span> <span class='ocrx_word' id='word_1_265' title='bbox 586 2783 677 2844; x_wconf 87' lang='lat' dir='ltr'>etiam</span> <span class='ocrx_word' id='word_1_266' title='bbox 700 2784 749 2864; x_wconf 91' lang='lat' dir='ltr'>qni</span> <span class='ocrx_word' id='word_1_267' title='bbox 773 2783 910 2845; x_wconf 90' lang='lat' dir='ltr'>debiliori</span> <span class='ocrx_word' id='word_1_268' title='bbox 933 2789 1001 2843; x_wconf 89' lang='grc'>11101</span> <span class='ocrx_word' id='word_1_269' title='bbox 1024 2781 1099 2842; x_wconf 89' lang='lat' dir='ltr'>visu.</span> 
     </span>
    </p>

    <p class='ocr_par' dir='ltr' id='par_1_6' title="bbox 174 2865 1577 3807">
     <span class='ocr_line' id='line_1_29' title="bbox 273 2865 1541 2952; baseline 0.002 -26"><span class='ocrx_word' id='word_1_270' title='bbox 273 2867 353 2927; x_wconf 90' lang='lat' dir='ltr'>Dum</span> <span class='ocrx_word' id='word_1_271' title='bbox 375 2867 468 2946; x_wconf 90' lang='lat' dir='ltr'>igitur</span> <span class='ocrx_word' id='word_1_272' title='bbox 490 2871 655 2932; x_wconf 82' lang='lat' dir='ltr'>astronomi</span> <span class='ocrx_word' id='word_1_273' title='bbox 678 2890 835 2952; x_wconf 87' lang='lat' dir='ltr'>rerumque</span> <span class='ocrx_word' id='word_1_274' title='bbox 858 2869 1065 2950; x_wconf 87' lang='lat' dir='ltr'>intelligentes</span> <span class='ocrx_word' id='word_1_275' title='bbox 1087 2868 1208 2948; x_wconf 86' lang='lat' dir='ltr'>vesperi</span> <span class='ocrx_word' id='word_1_276' title='bbox 1231 2867 1270 2928; x_wconf 88' lang='lat' dir='ltr'>ad</span> <span class='ocrx_word' id='word_1_277' title='bbox 1286 2885 1426 2928; x_wconf 86' lang='lat' dir='ltr'>occasum</span> <span class='ocrx_word' id='word_1_278' title='bbox 1440 2865 1541 2948; x_wconf 91' lang='lat' dir='ltr'>respi-</span> 
     </span>
     <span class='ocr_line' id='line_1_30' title="bbox 186 2952 1539 3040; baseline 0.004 -27"><span class='ocrx_word' id='word_1_279' title='bbox 186 2952 285 3028; x_wconf 89' lang='grc'>0111111,</span> <span class='ocrx_word' id='word_1_280' title='bbox 308 2956 416 3035; x_wconf 90' lang='lat' dir='ltr'>vulgus</span> <span class='ocrx_word' id='word_1_281' title='bbox 439 2955 593 3020; x_wconf 90' lang='lat' dir='ltr'>hominum</span> <span class='ocrx_word' id='word_1_282' title='bbox 617 2967 649 3021; x_wconf 92' lang='lat' dir='ltr'>et</span> <span class='ocrx_word' id='word_1_283' title='bbox 671 2960 768 3040; x_wconf 88' lang='lat' dir='ltr'>ipsum</span> <span class='ocrx_word' id='word_1_284' title='bbox 791 2961 981 3040; x_wconf 88' lang='lat' dir='ltr'>negotiosum</span> <span class='ocrx_word' id='word_1_285' title='bbox 1004 2967 1035 3020; x_wconf 91' lang='lat' dir='ltr'>et</span> <span class='ocrx_word' id='word_1_286' title='bbox 1057 2956 1155 3038; x_wconf 89' lang='lat' dir='ltr'>ipsum</span> <span class='ocrx_word' id='word_1_287' title='bbox 1179 2955 1356 3018; x_wconf 88' lang='lat' dir='ltr'>coelestium</span> <span class='ocrx_word' id='word_1_288' title='bbox 1379 2955 1539 3031; x_wconf 87' lang='lat' dir='ltr'>curiosum,</span> 
     </span>
     <span class='ocr_line' id='line_1_31' title="bbox 186 3041 1541 3126; baseline 0.003 -24"><span class='ocrx_word' id='word_1_289' title='bbox 186 3041 314 3123; x_wconf 89' lang='lat' dir='ltr'>deniqne</span> <span class='ocrx_word' id='word_1_290' title='bbox 343 3045 481 3125; x_wconf 85' lang='lat' dir='ltr'>sapiens,</span> <span class='ocrx_word' id='word_1_291' title='bbox 511 3047 590 3111; x_wconf 86' lang='lat' dir='ltr'>alter</span> <span class='ocrx_word' id='word_1_292' title='bbox 620 3048 748 3110; x_wconf 84' lang='lat' dir='ltr'>alterum</span> <span class='ocrx_word' id='word_1_293' title='bbox 776 3049 950 3122; x_wconf 88' lang='lat' dir='ltr'>trahentes,</span> <span class='ocrx_word' id='word_1_294' title='bbox 980 3046 1137 3110; x_wconf 86' lang='lat' dir='ltr'>matutinis</span> <span class='ocrx_word' id='word_1_295' title='bbox 1165 3045 1250 3108; x_wconf 87' lang='lat' dir='ltr'>horis</span> <span class='ocrx_word' id='word_1_296' title='bbox 1272 3045 1303 3106; x_wconf 94' lang='lat' dir='ltr'>in</span> <span class='ocrx_word' id='word_1_297' title='bbox 1327 3047 1394 3106; x_wconf 88' lang='lat' dir='ltr'>fora</span> <span class='ocrx_word' id='word_1_298' title='bbox 1415 3046 1541 3126; x_wconf 87' lang='lat' dir='ltr'>passim,</span> 
     </span>
     <span class='ocr_line' id='line_1_32' title="bbox 185 3129 1543 3214; baseline 0.004 -24"><span class='ocrx_word' id='word_1_299' title='bbox 185 3129 324 3192; x_wconf 90' lang='lat' dir='ltr'>Viemrae</span> <span class='ocrx_word' id='word_1_300' title='bbox 346 3133 516 3214; x_wconf 89' lang='lat' dir='ltr'>praecipue,</span> <span class='ocrx_word' id='word_1_301' title='bbox 540 3136 710 3212; x_wconf 86' lang='lat' dir='ltr'>convolant,</span> <span class='ocrx_word' id='word_1_302' title='bbox 736 3139 856 3200; x_wconf 88' lang='lat' dir='ltr'>stellam</span> <span class='ocrx_word' id='word_1_303' title='bbox 878 3146 948 3198; x_wconf 88' lang='lat' dir='ltr'>ante</span> <span class='ocrx_word' id='word_1_304' title='bbox 972 3137 1076 3200; x_wconf 86' lang='lat' dir='ltr'>Solem</span> <span class='ocrx_word' id='word_1_305' title='bbox 1098 3135 1129 3197; x_wconf 92' lang='lat' dir='ltr'>in</span> <span class='ocrx_word' id='word_1_306' title='bbox 1153 3153 1267 3196; x_wconf 87' lang='lat' dir='ltr'>summo</span> <span class='ocrx_word' id='word_1_307' title='bbox 1290 3134 1414 3195; x_wconf 89' lang='lat' dir='ltr'>aethere</span> <span class='ocrx_word' id='word_1_308' title='bbox 1437 3135 1543 3214; x_wconf 86' lang='lat' dir='ltr'>digitis</span> 
     </span>
     <span class='ocr_line' id='line_1_33' title="bbox 174 3217 1541 3306; baseline 0.004 -28"><span class='ocrx_word' id='word_1_309' title='bbox 174 3217 349 3297; x_wconf 70' lang='lat' dir='ltr'>‚designant</span> <span class='ocrx_word' id='word_1_310' title='bbox 372 3224 492 3284; x_wconf 89' lang='lat' dir='ltr'>attoniti</span> <span class='ocrx_word' id='word_1_311' title='bbox 517 3225 661 3306; x_wconf 87' lang='lat' dir='ltr'>stultique</span> <span class='ocrx_word' id='word_1_312' title='bbox 683 3225 715 3288; x_wconf 91' lang='lat' dir='ltr'>in</span> <span class='ocrx_word' id='word_1_313' title='bbox 738 3227 832 3288; x_wconf 89' lang='lat' dir='ltr'>stulta</span> <span class='ocrx_word' id='word_1_314' title='bbox 847 3227 966 3289; x_wconf 86' lang='lat' dir='ltr'>Venere</span> <span class='ocrx_word' id='word_1_315' title='bbox 990 3226 1123 3288; x_wconf 90' lang='lat' dir='ltr'>animum</span> <span class='ocrx_word' id='word_1_316' title='bbox 1139 3224 1300 3304; x_wconf 90' lang='lat' dir='ltr'>oculosque</span> <span class='ocrx_word' id='word_1_317' title='bbox 1323 3231 1429 3284; x_wconf 91' lang='lat' dir='ltr'>tenent</span> <span class='ocrx_word' id='word_1_318' title='bbox 1450 3242 1541 3284; x_wconf 91' lang='lat' dir='ltr'>occu-</span> 
     </span>
     <span class='ocr_line' id='line_1_34' title="bbox 187 3307 1543 3392; baseline 0.004 -25"><span class='ocrx_word' id='word_1_319' title='bbox 187 3313 286 3386; x_wconf 85' lang='lat' dir='ltr'>patos.</span> <span class='ocrx_word' id='word_1_320' title='bbox 334 3307 420 3380; x_wconf 83' lang='lat' dir='ltr'>Quae</span> <span class='ocrx_word' id='word_1_321' title='bbox 451 3311 527 3374; x_wconf 89' lang='lat' dir='ltr'>adeo</span> <span class='ocrx_word' id='word_1_322' title='bbox 557 3331 606 3374; x_wconf 87' lang='lat' dir='ltr'>res</span> <span class='ocrx_word' id='word_1_323' title='bbox 636 3314 666 3374; x_wconf 90' lang='lat' dir='ltr'>in</span> <span class='ocrx_word' id='word_1_324' title='bbox 695 3315 827 3378; x_wconf 88' lang='lat' dir='ltr'>tabellas</span> <span class='ocrx_word' id='word_1_325' title='bbox 856 3333 1001 3376; x_wconf 90' lang='lat' dir='ltr'>novorum</span> <span class='ocrx_word' id='word_1_326' title='bbox 1025 3313 1193 3377; x_wconf 88' lang='lat' dir='ltr'>ordinarias</span> <span class='ocrx_word' id='word_1_327' title='bbox 1216 3314 1312 3374; x_wconf 89' lang='lat' dir='ltr'>multa</span> <span class='ocrx_word' id='word_1_328' title='bbox 1334 3311 1459 3392; x_wconf 88' lang='lat' dir='ltr'>irrepsit</span> <span class='ocrx_word' id='word_1_329' title='bbox 1466 3333 1475 3387; x_wconf 90' lang='lat'>;</span> <span class='ocrx_word' id='word_1_330' title='bbox 1510 3319 1543 3372; x_wconf 89' lang='lat' dir='ltr'>et</span> 
     </span>
     <span class='ocr_line' id='line_1_35' title="bbox 189 3395 1577 3483; baseline 0.004 -27"><span class='ocrx_word' id='word_1_331' title='bbox 189 3411 255 3457; x_wconf 89' lang='lat' dir='ltr'>cum</span> <span class='ocrx_word' id='word_1_332' title='bbox 277 3395 361 3476; x_wconf 89' lang='lat' dir='ltr'>vulgi</span> <span class='ocrx_word' id='word_1_333' title='bbox 384 3399 546 3462; x_wconf 86' lang='lat' dir='ltr'>sedulitate</span> <span class='ocrx_word' id='word_1_334' title='bbox 569 3401 746 3483; x_wconf 88' lang='lat' dir='ltr'>quandoque</span> <span class='ocrx_word' id='word_1_335' title='bbox 769 3404 932 3477; x_wconf 88' lang='lat' dir='ltr'>evenisset,</span> <span class='ocrx_word' id='word_1_336' title='bbox 956 3412 992 3465; x_wconf 91' lang='lat' dir='ltr'>ut</span> <span class='ocrx_word' id='word_1_337' title='bbox 1011 3403 1087 3466; x_wconf 87' lang='lat' dir='ltr'>haec</span> <span class='ocrx_word' id='word_1_338' title='bbox 1111 3402 1281 3464; x_wconf 86' lang='lat' dir='ltr'>clarissima</span> <span class='ocrx_word' id='word_1_339' title='bbox 1298 3401 1427 3462; x_wconf 89' lang='lat' dir='ltr'>Veneris</span> <span class='ocrx_word' id='word_1_340' title='bbox 1451 3401 1542 3462; x_wconf 89' lang='lat' dir='ltr'>stella</span> <span class='ocrx_word' id='word_1_341' title='bbox 1576 3441 1577 3444; x_wconf 25' lang='lat'>¹</span> 
     </span>
     <span class='ocr_line' id='line_1_36' title="bbox 186 3483 1541 3571; baseline 0.004 -28"><span class='ocrx_word' id='word_1_342' title='bbox 186 3483 286 3562; x_wconf 88' lang='lat' dir='ltr'>magis</span> <span class='ocrx_word' id='word_1_343' title='bbox 307 3487 463 3568; x_wconf 86' lang='lat' dir='ltr'>magisque</span> <span class='ocrx_word' id='word_1_344' title='bbox 487 3489 601 3552; x_wconf 87' lang='lat' dir='ltr'>eSolis</span> <span class='ocrx_word' id='word_1_345' title='bbox 624 3490 718 3553; x_wconf 90' lang='lat' dir='ltr'>radiis</span> <span class='ocrx_word' id='word_1_346' title='bbox 735 3492 839 3555; x_wconf 85' lang='lat' dir='ltr'>exiens</span> <span class='ocrx_word' id='word_1_347' title='bbox 863 3500 1035 3554; x_wconf 84' lang='lat' dir='ltr'>cerneretur</span> <span class='ocrx_word' id='word_1_348' title='bbox 1058 3491 1187 3571; x_wconf 85' lang='lat' dir='ltr'>aprime</span> <span class='ocrx_word' id='word_1_349' title='bbox 1203 3491 1286 3553; x_wconf 84' lang='lat' dir='ltr'>Solia</span> <span class='ocrx_word' id='word_1_350' title='bbox 1308 3499 1423 3564; x_wconf 85' lang='lat' dir='ltr'>exortu,</span> <span class='ocrx_word' id='word_1_351' title='bbox 1446 3507 1541 3571; x_wconf 88' lang='lat' dir='ltr'>nsque</span> 
     </span>
     <span class='ocr_line' id='line_1_37' title="bbox 188 3569 1540 3660; baseline 0.007 -29"><span class='ocrx_word' id='word_1_352' title='bbox 188 3569 258 3632; x_wconf 87' lang='lat' dir='ltr'>dnm</span> <span class='ocrx_word' id='word_1_353' title='bbox 280 3571 348 3651; x_wconf 85' lang='lat' dir='ltr'>ipsa</span> <span class='ocrx_word' id='word_1_354' title='bbox 370 3577 475 3655; x_wconf 89' lang='lat' dir='ltr'>paucis</span> <span class='ocrx_word' id='word_1_355' title='bbox 497 3587 567 3640; x_wconf 92' lang='lat' dir='ltr'>ante</span> <span class='ocrx_word' id='word_1_356' title='bbox 585 3577 688 3642; x_wconf 84' lang='lat' dir='ltr'>Solem</span> <span class='ocrx_word' id='word_1_357' title='bbox 711 3580 794 3643; x_wconf 85' lang='lat' dir='ltr'>horis</span> <span class='ocrx_word' id='word_1_358' title='bbox 818 3581 971 3643; x_wconf 88' lang='lat' dir='ltr'>occideret</span> <span class='ocrx_word' id='word_1_359' title='bbox 994 3583 1040 3656; x_wconf 89' lang='lat' dir='ltr'>(in</span> <span class='ocrx_word' id='word_1_360' title='bbox 1063 3582 1150 3658; x_wconf 89' lang='lat' dir='ltr'>signo</span> <span class='ocrx_word' id='word_1_361' title='bbox 1166 3579 1245 3640; x_wconf 90' lang='lat' dir='ltr'>enim</span> <span class='ocrx_word' id='word_1_362' title='bbox 1259 3579 1540 3660; x_wconf 30' lang='lat' dir='ltr'>brevinmxdescen-</span> 
     </span>
     <span class='ocr_line' id='line_1_38' title="bbox 185 3658 1539 3807; baseline 0.007 -89"><span class='ocrx_word' id='word_1_363' title='bbox 185 3658 306 3807; x_wconf 56' lang='lat' dir='ltr'>{ionum</span> <span class='ocrx_word' id='word_1_364' title='bbox 329 3663 536 3792; x_wconf 61' lang='lat' dir='ltr'>occidebant),</span> <span class='ocrx_word' id='word_1_365' title='bbox 564 3667 595 3728; x_wconf 94' lang='lat' dir='ltr'>id</span> <span class='ocrx_word' id='word_1_366' title='bbox 619 3675 777 3748; x_wconf 83' lang='lat' dir='ltr'>exceptum</span> <span class='ocrx_word' id='word_1_367' title='bbox 801 3669 961 3749; x_wconf 89' lang='lat' dir='ltr'>diligenter</span> <span class='ocrx_word' id='word_1_368' title='bbox 985 3678 1016 3731; x_wconf 89' lang='lat' dir='ltr'>et</span> <span class='ocrx_word' id='word_1_369' title='bbox 1037 3668 1190 3750; x_wconf 88' lang='lat' dir='ltr'>praecipui</span> <span class='ocrx_word' id='word_1_370' title='bbox 1213 3665 1344 3747; x_wconf 88' lang='lat' dir='ltr'>prodigii</span> <span class='ocrx_word' id='word_1_371' title='bbox 1367 3667 1433 3728; x_wconf 94' lang='lat' dir='ltr'>loco</span> <span class='ocrx_word' id='word_1_372' title='bbox 1456 3668 1539 3728; x_wconf 87' lang='lat' dir='ltr'>cele-</span> 
     </span>
    </p>

    <p class='ocr_par' dir='ltr' id='par_1_7' title="bbox 206 3750 1002 3828">
     <span class='ocr_line' id='line_1_39' title="bbox 206 3750 1002 3828; baseline 0.008 -21"><span class='ocrx_word' id='word_1_373' title='bbox 206 3754 304 3810; x_wconf 89' lang='lat' dir='ltr'>ratum</span> <span class='ocrx_word' id='word_1_374' title='bbox 327 3750 392 3812; x_wconf 87' lang='lat' dir='ltr'>fnit.</span> <span class='ocrx_word' id='word_1_375' title='bbox 420 3756 435 3828; x_wconf 96' lang='lat'>)</span> <span class='ocrx_word' id='word_1_376' title='bbox 1000 3791 1002 3794; x_wconf 94' lang='lat'>-</span> 
     </span>
    </p>

    <p class='ocr_par' dir='ltr' id='par_1_8' title="bbox 183 3839 1542 4262">
     <span class='ocr_line' id='line_1_40' title="bbox 276 3839 1542 3928; baseline 0.003 -26"><span class='ocrx_word' id='word_1_377' title='bbox 276 3839 419 3903; x_wconf 85' lang='lat' dir='ltr'>Ceterum</span> <span class='ocrx_word' id='word_1_378' title='bbox 448 3859 485 3904; x_wconf 85' lang='lat' dir='ltr'>ex</span> <span class='ocrx_word' id='word_1_379' title='bbox 516 3844 698 3908; x_wconf 90' lang='lat' dir='ltr'>astronomis</span> <span class='ocrx_word' id='word_1_380' title='bbox 728 3845 779 3928; x_wconf 91' lang='lat' dir='ltr'>qui</span> <span class='ocrx_word' id='word_1_381' title='bbox 809 3845 892 3912; x_wconf 90' lang='lat' dir='ltr'>sidus</span> <span class='ocrx_word' id='word_1_382' title='bbox 921 3843 979 3908; x_wconf 90' lang='lat' dir='ltr'>hoc</span> <span class='ocrx_word' id='word_1_383' title='bbox 1000 3863 1111 3909; x_wconf 90' lang='lat' dir='ltr'>novum</span> <span class='ocrx_word' id='word_1_384' title='bbox 1133 3842 1270 3908; x_wconf 75' lang='lat' dir='ltr'>vidisset</span> <span class='ocrx_word' id='word_1_385' title='bbox 1291 3841 1438 3920; x_wconf 88' lang='lat' dir='ltr'>interdiu,</span> <span class='ocrx_word' id='word_1_386' title='bbox 1470 3843 1542 3906; x_wconf 89' lang='lat' dir='ltr'>novi</span> 
     </span>
     <span class='ocr_line' id='line_1_41' title="bbox 185 3928 1540 4018; baseline 0.001 -25"><span class='ocrx_word' id='word_1_387' title='bbox 185 3928 351 4006; x_wconf 89' lang='lat' dir='ltr'>nemiuem;</span> <span class='ocrx_word' id='word_1_388' title='bbox 382 3951 478 4013; x_wconf 88' lang='lat' dir='ltr'>neque</span> <span class='ocrx_word' id='word_1_389' title='bbox 508 3934 586 3996; x_wconf 90' lang='lat' dir='ltr'>enirn</span> <span class='ocrx_word' id='word_1_390' title='bbox 616 3936 768 3996; x_wconf 88' lang='lat' dir='ltr'>Venerem</span> <span class='ocrx_word' id='word_1_391' title='bbox 798 3935 949 4018; x_wconf 87' lang='lat' dir='ltr'>aequabat</span> <span class='ocrx_word' id='word_1_392' title='bbox 976 3935 1191 4014; x_wconf 86' lang='lat' dir='ltr'>magnitudine.</span> <span class='ocrx_word' id='word_1_393' title='bbox 1238 3935 1410 3997; x_wconf 87' lang='lat' dir='ltr'>Narrarunt</span> <span class='ocrx_word' id='word_1_394' title='bbox 1437 3941 1540 3995; x_wconf 89' lang='lat' dir='ltr'>tamen</span> 
     </span>
     <span class='ocr_line' id='line_1_42' title="bbox 184 4020 1540 4106; baseline -0.001 -20"><span class='ocrx_word' id='word_1_395' title='bbox 184 4020 258 4086; x_wconf 89' lang='lat' dir='ltr'>mihi</span> <span class='ocrx_word' id='word_1_396' title='bbox 282 4021 403 4102; x_wconf 86' lang='lat' dir='ltr'>quidam</span> <span class='ocrx_word' id='word_1_397' title='bbox 424 4023 483 4086; x_wconf 90' lang='lat' dir='ltr'>viri</span> <span class='ocrx_word' id='word_1_398' title='bbox 505 4042 632 4104; x_wconf 84' lang='lat' dir='ltr'>graves,</span> <span class='ocrx_word' id='word_1_399' title='bbox 662 4023 800 4086; x_wconf 87' lang='lat' dir='ltr'>mirabile</span> <span class='ocrx_word' id='word_1_400' title='bbox 824 4025 926 4086; x_wconf 86' lang='lat' dir='ltr'>nescio</span> <span class='ocrx_word' id='word_1_401' title='bbox 951 4025 1021 4106; x_wconf 91' lang='lat' dir='ltr'>quid</span> <span class='ocrx_word' id='word_1_402' title='bbox 1043 4026 1142 4087; x_wconf 88' lang='lat' dir='ltr'>instar</span> <span class='ocrx_word' id='word_1_403' title='bbox 1162 4021 1277 4098; x_wconf 87' lang='lat' dir='ltr'>trabis,</span> <span class='ocrx_word' id='word_1_404' title='bbox 1308 4021 1345 4084; x_wconf 90' lang='lat' dir='ltr'>de</span> <span class='ocrx_word' id='word_1_405' title='bbox 1369 4023 1417 4084; x_wconf 90' lang='lat' dir='ltr'>die</span> <span class='ocrx_word' id='word_1_406' title='bbox 1441 4023 1540 4085; x_wconf 88' lang='lat' dir='ltr'>visum</span> 
     </span>
     <span class='ocr_line' id='line_1_43' title="bbox 183 4110 1539 4194; baseline 0.001 -23"><span class='ocrx_word' id='word_1_407' title='bbox 183 4110 215 4173; x_wconf 89' lang='lat' dir='ltr'>in</span> <span class='ocrx_word' id='word_1_408' title='bbox 238 4110 372 4186; x_wconf 87' lang='lat' dir='ltr'>aethere,</span> <span class='ocrx_word' id='word_1_409' title='bbox 396 4111 475 4192; x_wconf 94' lang='lat' dir='ltr'>qnod</span> <span class='ocrx_word' id='word_1_410' title='bbox 497 4121 569 4192; x_wconf 88' lang='lat' dir='ltr'>post</span> <span class='ocrx_word' id='word_1_411' title='bbox 591 4112 682 4174; x_wconf 89' lang='lat' dir='ltr'>horas</span> <span class='ocrx_word' id='word_1_412' title='bbox 706 4113 822 4194; x_wconf 86' lang='lat' dir='ltr'>aliquot</span> <span class='ocrx_word' id='word_1_413' title='bbox 844 4113 982 4176; x_wconf 89' lang='lat' dir='ltr'>diurnum</span> <span class='ocrx_word' id='word_1_414' title='bbox 1003 4122 1117 4176; x_wconf 90' lang='lat' dir='ltr'>motum</span> <span class='ocrx_word' id='word_1_415' title='bbox 1147 4120 1305 4193; x_wconf 89' lang='lat' dir='ltr'>sequutum</span> <span class='ocrx_word' id='word_1_416' title='bbox 1326 4119 1398 4192; x_wconf 89' lang='lat' dir='ltr'>post</span> <span class='ocrx_word' id='word_1_417' title='bbox 1418 4117 1539 4173; x_wconf 85' lang='lat' dir='ltr'>montes</span> 
     </span>
     <span class='ocr_line' id='line_1_44' title="bbox 185 4195 1116 4262; baseline 0 -2"><span class='ocrx_word' id='word_1_418' title='bbox 185 4195 385 4262; x_wconf 84' lang='lat' dir='ltr'>descenderit.</span> <span class='ocrx_word' id='word_1_419' title='bbox 1114 4247 1116 4252; x_wconf 91' lang='lat'><em>.</em></span> 
     </span>
    </p>

    <p class='ocr_par' dir='ltr' id='par_1_9' title="bbox 181 4285 1537 4637">
     <span class='ocr_line' id='line_1_45' title="bbox 270 4285 1537 4371; baseline -0.003 -19"><span class='ocrx_word' id='word_1_420' title='bbox 270 4287 318 4352; x_wconf 89' lang='lat' dir='ltr'>De</span> <span class='ocrx_word' id='word_1_421' title='bbox 341 4287 443 4368; x_wconf 88' lang='lat' dir='ltr'>specie</span> <span class='ocrx_word' id='word_1_422' title='bbox 466 4287 575 4351; x_wconf 88' lang='lat' dir='ltr'>stellae</span> <span class='ocrx_word' id='word_1_423' title='bbox 598 4287 740 4352; x_wconf 88' lang='lat' dir='ltr'>convenit</span> <span class='ocrx_word' id='word_1_424' title='bbox 763 4289 915 4365; x_wconf 90' lang='lat' dir='ltr'>omnibus,</span> <span class='ocrx_word' id='word_1_425' title='bbox 929 4286 993 4371; x_wconf 90' lang='lat' dir='ltr'>-qni</span> <span class='ocrx_word' id='word_1_426' title='bbox 1015 4288 1112 4370; x_wconf 90' lang='lat' dir='ltr'>&#39;primo</span> <span class='ocrx_word' id='word_1_427' title='bbox 1137 4285 1202 4369; x_wconf 88' lang='lat' dir='ltr'>ejus</span> <span class='ocrx_word' id='word_1_428' title='bbox 1226 4287 1345 4351; x_wconf 83' lang='lat' dir='ltr'>exortui</span> <span class='ocrx_word' id='word_1_429' title='bbox 1368 4285 1537 4366; x_wconf 87' lang='lat' dir='ltr'>advigilar-</span> 
     </span>
     <span class='ocr_line' id='line_1_46' title="bbox 182 4375 1537 4462; baseline 0 -26"><span class='ocrx_word' id='word_1_430' title='bbox 182 4382 252 4450; x_wconf 82' lang='lat' dir='ltr'>uut3</span> <span class='ocrx_word' id='word_1_431' title='bbox 277 4376 372 4438; x_wconf 85' lang='lat' dir='ltr'>fuisse</span> <span class='ocrx_word' id='word_1_432' title='bbox 397 4385 503 4439; x_wconf 82' lang='lat' dir='ltr'>exacte</span> <span class='ocrx_word' id='word_1_433' title='bbox 526 4377 695 4452; x_wconf 87' lang='lat' dir='ltr'>rotundam,</span> <span class='ocrx_word' id='word_1_434' title='bbox 719 4377 802 4440; x_wconf 92' lang='lat' dir='ltr'>nullo</span> <span class='ocrx_word' id='word_1_435' title='bbox 826 4379 917 4462; x_wconf 86' lang='lat' dir='ltr'>crine,</span> <span class='ocrx_word' id='word_1_436' title='bbox 940 4379 1023 4441; x_wconf 89' lang='lat' dir='ltr'>nulla</span> <span class='ocrx_word' id='word_1_437' title='bbox 1045 4375 1140 4439; x_wconf 90' lang='lat' dir='ltr'>barba</span> <span class='ocrx_word' id='word_1_438' title='bbox 1161 4377 1211 4440; x_wconf 92' lang='lat' dir='ltr'>vel</span> <span class='ocrx_word' id='word_1_439' title='bbox 1235 4386 1367 4460; x_wconf 87' lang='lat' dir='ltr'>syrmate</span> <span class='ocrx_word' id='word_1_440' title='bbox 1390 4375 1421 4436; x_wconf 92' lang='lat' dir='ltr'>in</span> <span class='ocrx_word' id='word_1_441' title='bbox 1443 4375 1537 4437; x_wconf 89' lang='lat' dir='ltr'>ullam</span> 
     </span>
     <span class='ocr_line' id='line_1_47' title="bbox 181 4463 1537 4548; baseline 0.003 -25"><span class='ocrx_word' id='word_1_442' title='bbox 181 4469 300 4542; x_wconf 89' lang='lat' dir='ltr'>partem</span> <span class='ocrx_word' id='word_1_443' title='bbox 315 4463 462 4544; x_wconf 88' lang='lat' dir='ltr'>projecto,</span> <span class='ocrx_word' id='word_1_444' title='bbox 487 4482 579 4547; x_wconf 90' lang='lat' dir='ltr'>qnare</span> <span class='ocrx_word' id='word_1_445' title='bbox 595 4467 671 4528; x_wconf 93' lang='lat' dir='ltr'>nulli</span> <span class='ocrx_word' id='word_1_446' title='bbox 687 4463 861 4529; x_wconf 87' lang='lat' dir='ltr'>crinitamm</span> <span class='ocrx_word' id='word_1_447' title='bbox 878 4467 999 4547; x_wconf 88' lang='lat' dir='ltr'>speciei,</span> <span class='ocrx_word' id='word_1_448' title='bbox 1023 4486 1119 4548; x_wconf 89' lang='lat' dir='ltr'>neque</span> <span class='ocrx_word' id='word_1_449' title='bbox 1134 4467 1284 4546; x_wconf 78' lang='lat' dir='ltr'>pogonias</span> <span class='ocrx_word' id='word_1_450' title='bbox 1300 4483 1395 4548; x_wconf 91' lang='lat' dir='ltr'>neque</span> <span class='ocrx_word' id='word_1_451' title='bbox 1411 4464 1537 4528; x_wconf 86' lang='lat' dir='ltr'>cometis</span> 
     </span>
     <span class='ocr_line' id='line_1_48' title="bbox 183 4551 1537 4637; baseline 0.005 -28"><span class='ocrx_word' id='word_1_452' title='bbox 183 4553 410 4630; x_wconf 83' lang='lat' dir='ltr'>accensendam,</span> <span class='ocrx_word' id='word_1_453' title='bbox 434 4555 489 4617; x_wconf 88' lang='lat' dir='ltr'>sed</span> <span class='ocrx_word' id='word_1_454' title='bbox 512 4553 612 4617; x_wconf 85' lang='lat' dir='ltr'>stellis</span> <span class='ocrx_word' id='word_1_455' title='bbox 625 4555 694 4616; x_wconf 81' lang='lat' dir='ltr'>fixis</span> <span class='ocrx_word' id='word_1_456' title='bbox 710 4551 903 4632; x_wconf 84' lang='lat' dir='ltr'>simillimam,</span> <span class='ocrx_word' id='word_1_457' title='bbox 926 4553 1021 4617; x_wconf 83' lang='lat' dir='ltr'>radiis</span> <span class='ocrx_word' id='word_1_458' title='bbox 1043 4555 1233 4637; x_wconf 88' lang='lat' dir='ltr'>undiquaque</span> <span class='ocrx_word' id='word_1_459' title='bbox 1256 4563 1290 4616; x_wconf 91' lang='lat' dir='ltr'>ut</span> <span class='ocrx_word' id='word_1_460' title='bbox 1311 4557 1437 4618; x_wconf 82' lang='lat' dir='ltr'>fixarum</span> <span class='ocrx_word' id='word_1_461' title='bbox 1460 4552 1537 4616; x_wconf 88' lang='lat' dir='ltr'>emi·</span> 
     </span>
    </p>
   </div>
   <div class='ocr_carea' id='block_1_3' title="bbox 183 4743 1536 4901">
    <p class='ocr_par' dir='ltr' id='par_1_10' title="bbox 183 4743 1536 4901">
     <span class='ocr_line' id='line_1_49' title="bbox 270 4743 1536 4822; baseline 0.003 -19"><span class='ocrx_word' id='word_1_462' title='bbox 270 4743 297 4813; x_wconf 78' lang='lat'>*)</span> <span class='ocrx_word' id='word_1_463' title='bbox 317 4748 391 4804; x_wconf 86' lang='lat' dir='ltr'>Idem</span> <span class='ocrx_word' id='word_1_464' title='bbox 411 4749 511 4806; x_wconf 86' lang='lat' dir='ltr'>accidit</span> <span class='ocrx_word' id='word_1_465' title='bbox 530 4749 584 4806; x_wconf 87' lang='lat' dir='ltr'>hoc</span> <span class='ocrx_word' id='word_1_466' title='bbox 604 4764 677 4804; x_wconf 87' lang='lat' dir='ltr'>anno</span> <span class='ocrx_word' id='word_1_467' title='bbox 699 4750 784 4806; x_wconf 87' lang='grc'>1606.</span> <span class='ocrx_word' id='word_1_468' title='bbox 805 4751 896 4822; x_wconf 84' lang='lat' dir='ltr'>Aprili</span> <span class='ocrx_word' id='word_1_469' title='bbox 915 4765 1009 4805; x_wconf 84' lang='lat' dir='ltr'>mense</span> <span class='ocrx_word' id='word_1_470' title='bbox 1030 4769 1090 4808; x_wconf 88' lang='lat' dir='ltr'>curn</span> <span class='ocrx_word' id='word_1_471' title='bbox 1111 4753 1239 4816; x_wconf 85' lang='lat' dir='ltr'>Venere;</span> <span class='ocrx_word' id='word_1_472' title='bbox 1259 4749 1341 4807; x_wconf 89' lang='lat' dir='ltr'>Junio</span> <span class='ocrx_word' id='word_1_473' title='bbox 1363 4769 1424 4806; x_wconf 89' lang='lat' dir='ltr'>curn</span> <span class='ocrx_word' id='word_1_474' title='bbox 1443 4749 1536 4807; x_wconf 81' lang='lat' dir='ltr'>Marte</span> 
     </span>
     <span class='ocr_line' id='line_1_50' title="bbox 183 4828 1065 4901; baseline 0.01 -23"><span class='ocrx_word' id='word_1_475' title='bbox 183 4828 359 4898; x_wconf 74' lang='lat' dir='ltr'>acronyclrlo,</span> <span class='ocrx_word' id='word_1_476' title='bbox 380 4845 441 4884; x_wconf 87' lang='grc'>011111</span> <span class='ocrx_word' id='word_1_477' title='bbox 461 4829 553 4884; x_wconf 82' lang='lat' dir='ltr'>stella</span> <span class='ocrx_word' id='word_1_478' title='bbox 572 4829 653 4885; x_wconf 88' lang='lat' dir='ltr'>Nova</span> <span class='ocrx_word' id='word_1_479' title='bbox 668 4828 730 4900; x_wconf 85' lang='lat' dir='ltr'>jam</span> <span class='ocrx_word' id='word_1_480' title='bbox 749 4829 854 4900; x_wconf 86' lang='lat' dir='ltr'>pridem</span> <span class='ocrx_word' id='word_1_481' title='bbox 874 4831 1065 4901; x_wconf 79' lang='lat' dir='ltr'>disparuisset.</span> 
     </span>
    </p>
   </div>
   <div class='ocr_carea' id='block_1_4' title="bbox 0 0 1854 5530">
    <p class='ocr_par' dir='ltr' id='par_1_11' title="bbox 0 0 1854 5530">
     <span class='ocr_line' id='line_1_51' title="bbox 0 0 1854 5530; baseline 0 2"><span class='ocrx_word' id='word_1_482' title='bbox 0 0 1854 5530; x_wconf 95' lang='lat' dir='ltr'> </span> 
     </span>
    </p>
   </div>
  </div>
 </body>
</html>
