3652 5532
355 309 419 375 708
834 303 872 356 Da
892 303 971 356 Stella
988 303 1060 354 liora
1078 303 1229 368 serpentarii
1261 363 1264 374 ,

358 491 387 554 in
407 483 636 570 praesupposito
656 482 706 557 sit,
731 489 828 546 toturn
847 483 924 545 hunc
946 483 1085 545 mundum
1104 481 1205 545 divina
1223 481 1413 562 providentia
1432 481 1596 558 contineri,
1622 499 1722 564 neque

355 587 473 641 tantum
497 585 624 637 naturae
648 572 781 634 ordinem
804 571 992 648 conservari,
1024 574 1078 634 sed
1102 572 1192 634 etiam
1215 573 1360 634 miracula
1388 572 1573 655 quandoque
1597 581 1723 653 praeter

355 675 478 730 naturae
502 681 619 725 cursum
645 661 738 724 Coelo
762 663 914 742 Terraque
936 661 999 723 lieri
1024 663 1161 762 (quorum
1185 681 1201 722 e
1225 681 1346 753 nurnero
1371 665 1465 724 etiam
1487 659 1570 724 hanc
1595 662 1722 724 stellam

355 756 500 828 habent),
534 751 636 813 divina
665 751 802 812 bonitate
837 751 971 812 homines
1006 751 1045 812 ad
1074 750 1289 829 poenitentiam
1321 760 1470 826 vocante3
1504 751 1566 819 etsi
1598 751 1723 854 quidem

357 845 575 922 astrologorum
594 839 722 918 primam
740 839 822 902 illam
838 839 1028 914 sententiam,
1053 839 1162 920 partim
1185 847 1219 902 ut
1234 839 1384 908 nudam,
1371 842 1508 922 Jejunsm
1537 847 1572 900 et
1594 839 1723 902 nimium

358 931 522 1013 simplicem
555 937 763 1004 contemnunt,
794 930 903 1009 partim
933 947 1004 990 vero
1028 939 1060 990 et
1083 928 1247 1008 impietatis
1278 939 1453 1010 suspectam
1484 929 1626 991 habent:
1664 949 1723 990 nnn

358 1032 457 1085 tamen
481 1026 608 1098 negant,
637 1017 706 1098 quin
730 1018 768 1079 nb
792 1019 848 1080 has
872 1019 955 1098 ipsas
983 1019 1202 1098 astrologorum
1225 1019 1346 1099 regulas
1373 1023 1482 1081 novum
1506 1019 1565 1080 hoc
1596 1017 1723 1080 divinae

354 1108 589 1190 omnipotentiae
620 1107 796 1170 miraculum
820 1115 851 1169 et
878 1107 909 1168 in
942 1113 1059 1187 tempus
1088 1117 1121 1169 et
1142 1109 1172 1170 in
1205 1109 1301 1170 locum
1331 1109 1551 1189 conjunctionis
1587 1127 1723 1188 magnae

356 1200 459 1262 divina
485 1196 682 1276 dispositione
716 1195 806 1258 fuerit
836 1196 1026 1259 collocatum.
1072 1196 1141 1260 Non
1159 1191 1248 1278 'quod
1272 1217 1309 1258 ex
1339 1197 1530 1278 dogmatibus
1562 1197 1723 1260 hominum

355 1289 441 1350 uanis
470 1288 507 1348 de
540 1283 717 1366 triplicitate
750 1284 839 1364 ignea
869 1293 1009 1346 naturam
1039 1285 1089 1347 ille
1118 1287 1332 1360 transformet,
1364 1296 1396 1349 et
1424 1286 1619 1366 Sagittarius
1654 1287 1722 1348 ideo

356 1379 477 1458 igneam
505 1374 611 1436 aDeo
645 1374 821 1454 qualitatem
854 1374 998 1455 accipiat,
1031 1374 1101 1456 quia
1131 1374 1299 1437 hominibus
1330 1376 1444 1457 placuit
1475 1391 1543 1437 eum
1573 1377 1616 1438 ab
1653 1377 1722 1454 igne

360 1465 570 1536 denominare:
599 1463 652 1525 sed
678 1463 830 1543 quianon
854 1463 1016 1526 absurdum
1044 1463 1231 1539 existimant,
1255 1464 1352 1527 Deurn
1381 1465 1563 1544 temporario
1590 1468 1722 1528 consilio

358 1555 402 1618 uti
427 1552 621 1632 conceptibus
645 1551 796 1614 hominum
823 1552 1031 1633 popularibus,
1057 1553 1096 1614 ad
1120 1553 1338 1616 multitudinem
1366 1553 1517 1616 hominnm
1540 1573 1601 1634 per
1626 1556 1722 1616 istam

359 1643 506 1706 rationem
530 1649 616 1703 tanto
641 1641 809 1704 evidentius
832 1641 1167 1704 commonefaciendum.
1212 1641 1361 1724 Exempla
1383 1642 1470 1706 nobis
1487 1639 1550 1706 is'ta
1572 1652 1723 1706 statuunt

360 1734 397 1795 ob
412 1731 526 1794 oculos.
563 1729 682 1793 Pharao
696 1729 763 1792 Rei
779 1731 913 1814 Aegypti
933 1731 1147 1794 consuetudine
1166 1731 1299 1795 nationis
1315 1733 1435 1796 deditus
1449 1743 1515 1796 erat
1530 1735 1723 1795 somniorum

358 1819 676 1901 interpretationibus:
715 1819 742 1880 ei
772 1820 856 1882 Deus
893 1820 1005 1899 objecit
1041 1820 1206 1895 somnium,
1245 1840 1311 1884 oum
1339 1820 1467 1901 Josephi
1502 1823 1723 1884 liberationem

359 1908 567 1989 ecclesiaeque
590 1908 839 1988 propagationem
863 1917 895 1970 et
917 1908 1153 1988 hospitationem
1170 1909 1200 1972 in
1215 1910 1357 1993 Aegypto
1380 1911 1546 1974 moliretur.
1581 1910 1723 1992 Cumque

358 1997 503 2081 Aegyptii
522 1998 618 2060 Deum
637 1998 718 2078 Apin
744 1997 886 2070 colerent,
910 1997 1016 2060 bovem
1041 2017 1156 2080 nempe,
1182 1999 1260 2081 quod
1280 2009 1399 2062 ceterae
1422 2009 1531 2080 gentes
1553 2001 1660 2063 bobus
1686 2003 1723 2062 ad

361 2089 504 2150 arandum
520 2093 684 2162 uterentur,
709 2086 784 2167 ipsis
799 2087 876 2149 citra
891 2086 1036 2149 arationis
1061 2087 1194 2150 laborem
1214 2096 1298 2150 esset
1320 2098 1509 2172 prospectum
1530 2091 1569 2152 de
1586 2111 1722 2166 annona,

356 2177 428 2240 Nilo
452 2193 542 2254 agros
570 2175 701 2255 ipsorum
730 2175 895 2256 irrigante:
924 2176 983 2237 hac
1010 2196 1083 2238 usus
1106 2176 1189 2238 Dens
1212 2176 1308 2257 Regis
1339 2197 1391 2242 seu
1420 2179 1643 2260 imaginatione
1671 2201 1723 2242 seu

359 2264 502 2336 scientia,
534 2272 650 2343 septem
681 2283 816 2327 annonas
847 2264 973 2327 totidem
997 2264 1085 2328 boum
1109 2266 1210 2344 specie
1243 2267 1363 2346 objecta
1385 2269 1444 2348 ipsi
1467 2268 1620 2349 depinxit.
1672 2268 1723 2332 Sic

358 2353 649 2417 Nabuchodonosor·
665 2351 733 2414 Rex
762 2351 982 2416 Chaldaeorum
1013 2363 1177 2434 occupatus
1208 2355 1236 2416 in
1266 2363 1370 2420 statua
1391 2357 1493 2433 Baiis,
1525 2358 1576 2461 qni
1612 2368 1723 2421 auctor

359 2450 427 2505 erat
449 2442 534 2522 regni
557 2441 714 2524 Assyriaci
738 2443 929 2523 ejusdemque
953 2451 1148 2506 conservator
1171 2443 1358 2522 credebatur,
1383 2466 1437 2527 per
1455 2447 1607 2511 somnium
1633 2449 1721 2509 videt

359 2540 494 2594 statuam
525 2531 690 2593 futuromm
724 2531 936 2612 interpretem,
969 2532 1155 2594 divinitus'
1146 2532 1203 2612 rpsi
1236 2495 1370 2599 oblatadr
1402 2536 1531 2598 Daniele
1563 2539 1721 2620 propheta

359 2621 539 2684 affirmante.
571 2619 756 2696 Abrahauro,
777 2622 815 2682 ad
831 2641 918 2702 quem
934 2622 1136 2684 astronomiae
1156 2622 1303 2703 principia
1320 2625 1462 2700 raserunt,
1478 2626 1562 2688 Deus
1579 2628 1721 2688 ostendit

360 2710 477 2780 stellas,
502 2709 694 2772 edocturus
685 2727 782 2789 rpsum
806 2710 843 2772 de
863 2709 1112 2790 multiplicatione
1135 2712 1325 2794 posteritatis
1341 2735 1423 2777 suae
1461 2715 1547 2793 Magi
1562 2713 1719 2778 Chaldaei

359 2799 555 2902 astrologiam
578 2799 742 2873 coluerunt,
767 2799 849 2861 soliti
864 2819 900 2862 ex
915 2818 1060 2861 concursu
1084 2799 1214 2862 sidemm
1230 2810 1261 2863 et
1275 2805 1400 2866 cometis
1424 2804 1593 2866 orientibus
1616 2807 1720 2868 lutura

359 2887 537 2968 conjectare.
584 2888 649 2948 Hos
672 2887 756 2950 Deus
789 2889 828 2950 ad
859 2886 1013 2951 Christum
1046 2888 1208 2952 Dominum
1237 2892 1434 2970 perducturus
1463 2891 1590 2956 incensa
1624 2895 1719 2956 stella

360 2978 512 3040 admonet
557 2975 600 3037 Et
628 2985 759 3056 arguunt
788 2976 1037 3039 circumstantiae
1065 2977 1126 3040 iere
1160 2997 1279 3056 omnes,
1310 2983 1461 3060 negotium
1489 2982 1571 3044 illius
1606 2985 1717 3046 stellae

359 3066 543 3128 simillimum
566 3065 659 3128 fuisse
683 3066 839 3141 moderno,
868 3066 970 3128 demta
993 3067 1100 3131 stellae
1124 3068 1212 3148 hujus
1240 3027 1450 3135 immobilitate
1474 3080 1506 3131 et
1528 3071 1716 3135 altitudine:

244 3176 247 3185 ·
359 3154 495 3216 nimirum
512 3162 551 3215 et
573 3155 670 3234 ipsam
694 3155 723 3216 in
747 3113 906 3218 articdlum
933 3157 1088 3218 revolutae
1120 3157 1344 3238 triplicitatis
1336 3179 1442 3241 igneae
1474 3159 1563 3240 inque
1593 3170 1716 3243 tempus

360 3241 577 3322 conjunctionis
600 3242 752 3307 incidisse.

448 3328 537 3401 Quod
569 3333 683 3394 medios
716 3341 815 3396 motus
849 3330 977 3408 attinet,
1011 3328 1161 3396 Saturnus
1192 3342 1224 3398 et
1250 3335 1370 3417 Jupiter
1402 3354 1479 3396 anuo
1510 3335 1639 3398 Juliano
1664 3335 1715 3402 40.

360 3421 480 3482 fuerunt
503 3420 653 3499 conjuncti
677 3420 749 3482 solis
772 3417 826 3485 341
849 3429 921 3484 ante
944 3420 1120 3502 principium
1139 3424 1255 3486 Arietis
1279 3419 1326 3488 die
1346 3421 1398 3487 22.
1414 3421 1561 3488 ianuarii
1601 3425 1718 3490 Statim

363 3509 413 3570 die
437 3505 490 3572 25
514 3509 603 3571 Febr
638 3511 768 3574 accessit
799 3511 898 3572 media
927 3509 1099 3615 conjunctiq
1121 3510 1244 3576 Saturni
1272 3522 1305 3574 et
1330 3513 1479 3576 Martis'
1471 3535 1500 3576 rn
1530 3511 1572 3577 3ο
1594 3514 1651 3592 Y:
1687 3525 1718 3578 et

361 3597 532 3683 conjunctio
553 3587 640 3661 Jovis
664 3609 696 3660 et
712 3599 822 3662 Martis
846 3599 893 3662 die
920 3597 948 3660 1
963 3599 1099 3662 Martii'
1090 3619 1120 3662 ιιι
1142 3599 1239 3679 5Ὓ.
1276 3603 1380 3664 Motus
1403 3609 1502 3666 autem
1526 3615 1716 3683 apparentes

360 3687 403 3749 sic
427 3707 461 3748 se
484 3686 626 3751 habuere.
664 3687 753 3750 Anno
777 3685 898 3750 Juliano
918 3684 970 3752 39.
995 3690 1075 3751 circa
1098 3687 1150 3752 22.
1166 3690 1256 3767 lunii,
1281 3690 1385 3755 Sole'
1377 3711 1407 3753 ιιι
1427 3689 1534 3766 27“Π
1556 3704 1714 3770 versante,

361 3777 418 3838 fuit
448 3776 617 3854 conjunctio
649 3776 772 3840 Saturni
803 3786 835 3840 et
863 3777 991 3840 Jovis
982 3797 1012 3838 ιιι
1044 3775 1105 3842 23ο
1126 3785 1172 3852 lt:
1207 3798 1330 3860 quorum
1361 3789 1486 3862 uterque
1518 3782 1613 3863 paolo
1645 3794 1715 3863 post

361 3865 460 3927 iactus
485 3873 534 3926 est
556 3867 768 3943 stationarius,
800 3868 899 3930 itaut
921 3887 980 3929 non
1012 3868 1137 3930 multum
1159 3867 1278 3951 Jupiter
1301 3891 1319 3930 a
1342 3868 1474 3934 Saturno
1504 3883 1712 3951 separaretur.

360 3952 419 4026 Qui
442 3963 601 4035 postquam
623 3975 740 4020 cursum
765 3964 796 4019 et
817 3957 883 4036 ipse
907 3955 936 4018 in
961 3957 1113 4019 anteriora
1135 3959 1242 4034 vertit,
1271 3959 1377 4022 statim
1399 3960 1538 4039 Augusto
1564 3973 1712 4042 sequente

362 4042 523 4106 Saturnum
547 4053 629 4108 motu
652 4046 826 4148 retrogrado
850 4065 967 4108 rursum
991 4046 1048 4108 fuit
1069 4055 1175 4110 nactus
1204 4048 1285 4110 circa
1307 4044 1435 4125 21⁰3&
1469 4068 1711 4132 procurrensque

360 4133 389 4193 in
414 4131 565 4194 anteriora
588 4134 734 4217 usquein
758 4135 966 4211 Nouembrem,
991 4136 1112 4198 taudem
1135 4136 1296 4202 Decembri
1317 4140 1408 4201 tertio
1428 4137 1593 4201 Satumnm
1619 4159 1710 4204 oocu-

361 4220 446 4302 pavit
477 4222 507 4283 in
542 4217 601 4286 17⁰
628 4230 668 4297 lt.
715 4221 798 4294 Quos
826 4225 910 4287 Mars
943 4244 1019 4287 enno
1047 4221 1099 4289 40.
1124 4225 1286 4290 Februario
1317 4235 1348 4289 et
1374 4227 1487 4290 Martio
1517 4239 1708 4306 consecutus,

360 4309 500 4373 illumin
533 4309 590 4372 dne
621 4311 770 4388 Piscium,
803 4313 911 4376 hunc
903 4334 932 4377 ιιι
954 4313 1098 4396 principio
1121 4315 1252 4386 Arietis,
1285 4317 1424 4398 implevit
1455 4318 1707 4398 conjunctionem.

360 4399 431 4461 Fuit
453 4399 546 4478 igitur
573 4400 626 4463 illa
653 4419 763 4482 magna
794 4403 963 4483 conjunctio
990 4404 1090 4484 potior
1113 4405 1169 4467 hac
1192 4413 1314 4481 nostra,
1346 4406 1423 4488 quod
1450 4425 1505 4488 pro
1535 4403 1706 4471 conditione

360 4496 494 4550 motuum
525 4497 594 4551 tunc
626 4490 770 4572 temporis
799 4492 1023 4572 conjunctiones
1047 4493 1169 4556 Saturni
1194 4501 1227 4555 et
1247 4455 1335 4557 lovis
1366 4503 1529 4577 potnerunt
1556 4516 1626 4559 esse
1650 4517 1707 4559 uua

361 4577 424 4640 uice
448 4585 530 4654 tres,
561 4578 639 4642 sicut
660 4579 748 4644 hodie
779 4581 900 4643 duorum
932 4581 1049 4645 illorum
1080 4584 1284 4665 oppositiones
1315 4593 1443 4666 possunt
1465 4604 1532 4648 esse
1564 4586 1702 4668 quinque,

362 4667 528 4770 conjunctio
551 4675 667 4732 tantum
689 4688 757 4733 una.
804 4669 961 4748 Vicissim,
986 4673 1044 4734 etsi
1067 4672 1166 4734 media
1189 4673 1356 4777 conjunctio
1383 4681 1526 4754 punctum
1550 4675 1703 4737 cardinale

361 4756 560 4854 praecipuum,
586 4757 702 4820 scilicet
723 4759 898 4863 principium
910 4759 1025 4823 Arietis
1049 4781 1136 4841 qnam
1159 4763 1292 4842 proxime
1314 4763 1425 4843 attigit,
1449 4782 1591 4866 quorsum
1614 4767 1704 4826 etiam

362 4843 573 4922 ipsumaerum
592 4865 716 4926 magnae
736 4849 950 4928 conjunctionis
973 4851 1233 4930 complementum,
1258 4853 1323 4917 scil.
1343 4871 1415 4915 vera
1432 4851 1702 4932 conjunctioJovis
