3700 5530
600 1060 1103 1162 PROOEMIUM.

789 1311 859 1318 ...μ-...ψ
866 1311 876 1316 -
895 1310 919 1317 -

274 1397 524 1535 Quotiescunque
547 1473 644 1516 novae
667 1455 696 1515 in
721 1454 805 1517 coelo
829 1454 936 1515 stellae
951 1461 1131 1533 conspectae
1152 1465 1247 1531 erant,
1273 1475 1360 1537 quum
1378 1464 1410 1518 et
1428 1465 1530 1520 astro·

177 1545 257 1608 nomi
281 1544 389 1624 aliique
417 1545 552 1606 homines
580 1563 678 1606 rerum
707 1542 882 1605 coelestium
912 1543 1083 1622 cognitione
1112 1563 1169 1605 non
1198 1545 1308 1620 initiati
1337 1547 1531 1609 vehementer

174 1640 438 1708 commorerentur,
462 1635 621 1695 multorum
644 1633 764 1711 ingenia
788 1632 998 1694 excitabantur
1021 1633 1060 1693 ad
1083 1641 1147 1694 re'm
1171 1652 1293 1709 nevam,
1324 1635 1388 1696 sive
1411 1644 1531 1697 cometa

174 1723 225 1784 ille
257 1729 325 1783 erat
356 1722 419 1783 sire
451 1741 484 1783 re
516 1741 589 1783 vera
621 1740 700 1783 nova
736 1722 844 1793 stella,
883 1721 967 1783 libris
1004 1721 1208 1801 inquirendam
1246 1730 1277 1784 et
1309 1723 1528 1786 illustrandam.

174 1812 346 1892 Tycbonem
370 1811 487 1891 quidem
511 1811 632 1885 scimus,
656 1829 735 1872 nova
758 1810 887 1871 maxime
911 1829 989 1871 anno
1016 1807 1100 1871 1572
1129 1819 1293 1891 conspecta
1320 1815 1412 1874 stella
1442 1815 1528 1876 exci-

175 1907 272 1962 tatum
296 1919 373 1973 esse,
397 1907 431 1960 nt
453 1907 550 1961 totum
574 1919 606 1960 se
630 1900 718 1961 daret
741 1900 824 1960 coelo
849 1899 1055 1977 cognoscendo
1076 1907 1107 1960 et
1124 1901 1247 1961 marum
1262 1901 1419 1965 stellarum
1438 1903 1530 1963 tabu-

176 1989 236 2049 lam
260 1994 292 2048 et
314 1987 462 2049 rationem
494 1988 715 2062 conscriberet,
749 2006 785 2048 ue
817 1988 945 2067 posthac
977 1995 1011 2048 nt
1043 1995 1107 2049 tum
1136 2008 1185 2049 res
1217 1990 1247 2050 iu
1276 1990 1396 2051 dubium
1429 1991 1531 2053 vocari

179 2086 301 2155 posset,
335 2083 433 2138 utrum
456 2078 547 2138 stella
575 2077 809 2157 quandocunque
833 2077 862 2138 in
886 2085 1079 2156 conspectum
1110 2078 1252 2153 venians,
1286 2097 1317 2140 re
1348 2097 1422 2140 vera
1453 2099 1532 2142 nova

177 2174 260 2228 esset
283 2185 320 2226 an
344 2165 382 2226 iis
405 2183 480 2245 quae
505 2167 615 2227 dudum
639 2173 821 2246 apparerent
844 2165 1078 2226 adnumeranda.

263 2255 371 2333 Itaque
395 2255 500 2316 mirum
524 2273 582 2315 uon
607 2262 672 2328 est,
706 2255 783 2335 quod
808 2254 956 2334 Keplerus
981 2273 1096 2334 quoqne
1121 2273 1227 2334 sparso
1251 2274 1346 2316 novae
1370 2255 1479 2316 stellae
1502 2255 1533 2318 iu

176 2350 368 2422 conspectum
392 2343 482 2404 datae
506 2361 632 2417 rumore,
658 2362 719 2404 rem
743 2343 863 2423 penitus
886 2344 1056 2424 perspicere
1081 2363 1166 2406 suum
1190 2363 1258 2404 esse
1283 2344 1387 2412 duxit,
1421 2352 1470 2420 et,
1504 2345 1530 2406 si

176 2432 246 2512 quid
269 2439 353 2493 esset
376 2432 453 2505 novi,
478 2431 509 2493 id
532 2432 561 2493 in
585 2451 669 2494 suum
694 2433 876 2513 aliorumque
901 2451 985 2494 usum
1010 2441 1185 2494 convertere
1200 2431 1325 2494 studuit.
1362 2432 1432 2494 Jam
1457 2453 1532 2513 quae

177 2521 336 2598 diligenter
359 2539 421 2581 rem
445 2519 579 2582 rimando
603 2522 754 2600 cognovit,
781 2521 836 2581 hoc
861 2521 936 2583 libro
961 2541 1038 2582 anno
1066 2518 1160 2584 1606.
1195 2522 1314 2600 Pragae
1337 2529 1370 2582 et
1391 2523 1530 2584 Franko-

176 2610 247 2670 iurti
271 2609 352 2670 edito
377 2609 593 2688 complectitur,
619 2629 656 2670 ea
679 2629 759 2681 vero,
784 2628 860 2688 quae
884 2611 923 2670 ad
946 2611 1028 2690 vulgi
1051 2619 1171 2690 captum
1186 2609 1322 2671 sufficere
1341 2610 1531 2684 videbantur,

178 2695 359 2759 Germanica
387 2698 488 2776 lingua
515 2697 620 2777 paucis
646 2699 776 2779 pagellis
805 2699 977 2778 conscripta
1005 2718 1082 2760 anno
1113 2699 1265 2778 superiore
1291 2698 1530 2778 „Prognostico“

177 2787 339 2866 subjungit.
387 2791 484 2859 (comp.
501 2794 557 2846 vor.
575 2795 596 2845 1.
615 2811 638 2859 p.
659 2792 711 2844 173
729 2794 776 2853 ss.)

265 2875 415 2953 Adjnnxit
446 2876 522 2937 libro
556 2895 643 2957 quem
671 2878 737 2956 jam
768 2877 893 2940 dicimus
926 2875 1164 2955 disquisitionem
1203 2875 1239 2936 de
1277 2873 1337 2936 alia
1375 2875 1466 2936 stella
1501 2877 1531 2938 iu

179 2962 294 3046 Cygno,
318 2981 415 3043 quam,
439 2965 590 3026 nescimus
614 2967 725 3045 quade
745 2985 848 3039 causa,
872 2964 1055 3044 interposuit
1077 2965 1220 3043 singulari
1245 2965 1420 3044 inscriptam
1444 2964 1533 3026 titulo

178 3052 329 3132 capitibus
354 3049 405 3113 27.
427 3059 458 3113 et
478 3049 530 3115 28.
556 3053 623 3115 libri
647 3055 684 3115 de
700 3052 799 3116 Stella
821 3055 852 3114 in
867 3053 1072 3132 Serpentario.
1112 3053 1170 3114 llla
1193 3073 1212 3113 a
1233 3052 1345 3134 pagiua
1362 3049 1534 3117 148-168

177 3141 317 3208 deducta,
341 3141 429 3202 finem
461 3142 537 3203 facit
568 3143 765 3222 disputationi
799 3145 835 3204 de
859 3141 959 3204 Stella
990 3143 1020 3202 in
1045 3140 1241 3222 Serpentario
1274 3144 1319 3222 (p.
1348 3137 1531 3218 lde-212,

176 3249 242 3310 cap.
267 3226 445 3303 28-30.),
480 3248 556 3310 quae
589 3240 621 3292 et
652 3233 720 3314 ipsa
752 3251 861 3294 novum
894 3231 1013 3294 titulum
1046 3249 1227 3311 causamque
1259 3231 1399 3292 translati
1432 3232 1534 3310 Praga

177 3319 407 3382 Francofurtum
432 3319 499 3392 loci,
524 3319 576 3381 ubi
600 3321 681 3402 typis
705 3321 925 3382 exscriberetur
958 3321 1086 3394 libellus,
1114 3327 1300 3400 „temporum
1324 3320 1532 3382 difficultatem

176 3415 209 3469 et
231 3406 422 3486 augustiam“
447 3408 549 3470 refert.

265 3495 342 3556 Huic
364 3495 444 3575 parti
469 3497 556 3558 alteri
581 3497 751 3560 adnectitur
775 3506 805 3560 et
828 3499 893 3579 ipse
915 3495 1036 3578 proprio
1060 3497 1148 3559 titulo
1179 3497 1339 3577 insignitus
1367 3515 1533 3577 novumque

177 3584 354 3663 pagimrum
377 3603 531 3647 numerum
555 3586 688 3649 referens
711 3588 831 3650 libellus
854 3588 914 3656 ille,
939 3585 989 3666 qui
1013 3585 1041 3646 in
1067 3586 1164 3648 boote
1189 3587 1282 3648 totius
1297 3585 1396 3667 operis
1415 3587 1533 3664 positus

178 3672 368 3734 inscribitur:
396 3673 460 3745 „de
485 3673 635 3737 Christi
658 3694 745 3738 vero
769 3695 864 3738 anno
888 3675 1095 3738 natalitio“
1121 3675 1275 3748 (Francos.
1304 3671 1420 3748 1606),
1446 3693 1533 3754 quem

178 3761 296 3841 quidem
321 3760 462 3835 libellum,
487 3781 552 3824 cum
575 3765 649 3826 nihil
672 3765 761 3845 plane
785 3784 938 3828 commune
963 3765 1075 3826 habeat
1094 3783 1159 3826 oum
1175 3765 1250 3826 libro
1270 3763 1421 3825 deStella
1434 3763 1532 3837 Nova,

177 3849 246 3912 huic
269 3867 328 3910 uon
352 3849 530 3929 adjecimus,
555 3869 621 3915 oum
645 3854 713 3916 aliis
737 3854 860 3934 Kepleri
884 3852 968 3916 libris
992 3853 1209 3932 chronologicis
1242 3853 1399 3913 edendnm.
1449 3851 1532 3926 „Oc-

177 3938 330 4000 casionem
354 3938 480 4013 trahit,“
506 3940 580 4002 dicit
595 3942 755 4022 Keplerns‚
783 3962 840 4018 „ex
862 3962 932 4024 pag.
954 3940 1024 4006 135.
1050 3941 1255 4014 (conclusione
1270 3940 1379 4020 capitis
1393 3941 1532 4013 XXVI.)

177 4035 209 4089 et
231 4027 358 4090 seorsim
383 4027 569 4092 excuditur.“

264 4117 529 4195 Argumentum
554 4125 654 4181 autern
678 4119 746 4181 libri
769 4120 826 4180 hoo
849 4127 911 4182 est:

103 4282 106 4291 Ι
265 4204 341 4285 Cap.
365 4206 389 4269 l.
424 4206 532 4284 refert,
566 4209 714 4288 quomodo
747 4209 874 4288 primum
907 4206 1000 4269 stella
1032 4206 1073 4268 sit
1104 4207 1267 4268 observata
1297 4207 1404 4287 quique
1433 4199 1533 4269 nuncii

175 4295 292 4356 auctori
329 4294 417 4357 allati
455 4296 516 4358 sint
555 4317 575 4358 a
608 4297 735 4359 diversis
767 4297 1023 4359 observatoribus.
1084 4295 1183 4358 Stella
1219 4296 1388 4376 apparebat
1425 4304 1532 4357 exacte

174 4384 322 4458 rotunda,
356 4384 438 4446 nullo
461 4385 544 4447 crine
567 4385 722 4465 projecto,
757 4385 972 4448 scintillatione
996 4384 1183 4459 clarissima,
1219 4385 1367 4447 coloribus
1391 4385 1531 4449 variatis.

174 4472 384 4550 Magnitudine
408 4474 606 4554 aequiparare
629 4475 789 4536 videbatur
810 4475 919 4537 Jovem
947 4476 994 4536 vel
1019 4473 1179 4538 Venerem.
1226 4473 1254 4534 Ε
1278 4481 1441 4554 conspectu
1465 4474 1531 4534 dis-

175 4560 270 4622 cessit
291 4562 370 4623 inter
385 4559 549 4624 Octobrem
574 4562 644 4623 anni
662 4557 745 4627 1605
770 4573 801 4626 et
823 4564 1018 4626 Februarium
1041 4565 1111 4624 euni
1129 4558 1224 4626 1606.
1253 4595 1291 4606 -
1317 4561 1394 4643 (lap.
1409 4562 1448 4626 Π.
1465 4582 1532 4644 sqq.

176 4647 473 4728 explicatKeplerus
497 4651 683 4729 astrologica
706 4654 872 4728 quaedam,
906 4673 963 4714 non
989 4660 1106 4714 tautum
1129 4662 1163 4715 nt
1187 4652 1359 4715 satisfaciat
1384 4651 1532 4715 voluntati

176 4737 348 4814 legentium,
375 4739 422 4817 qui
447 4740 486 4801 ab
510 4747 683 4804 astronomo
707 4739 798 4802 etiam
823 4742 1008 4822 astrologica
1029 4742 1228 4823 postularent,
1254 4742 1389 4805 sedeam
1403 4742 1532 4804 maxime

176 4825 216 4886 ob
248 4843 389 4900 causam,
423 4830 504 4907 qnod
534 4837 653 4909 tempus
687 4829 827 4911 locusque
860 4832 968 4895 stellae
1002 4840 1181 4912 eonspectae
1214 4831 1320 4894 incidit
1351 4832 1382 4894 in
1414 4839 1532 4916 tempus

228 4927 319 4977 renea
332 4927 408 4978 onera
428 4932 455 4973 n.
1286 4935 1320 4988 37
