3684 5518
729 270 810 336 caput
826 271 873 323 IV.
891 271 916 322 8.
1433 276 1497 342 213

139 451 258 508 stanter
281 445 434 518 affirmat,
462 445 592 508 minores
615 449 812 511 communiter
839 467 982 528 apparere
1012 449 1143 512 siderum
1166 451 1377 529 refractiones‚
1409 471 1497 534 quarn
1523 455 1534 470 ⁸

143 541 215 598 sunt
245 532 334 608 illae,
369 554 447 614 quas
480 535 582 616 Tycho
614 536 715 598 Brahe
747 537 777 598 in
807 537 906 600 Dania
939 539 1113 600 observavit
1143 538 1193 601 fol.
1218 537 1270 603 29.
1305 549 1337 602 et
1366 539 1418 604 85.
1444 539 1497 606 86.

142 622 305 704 Epistulas.
332 623 601 686 astronomicarum
624 625 794 704 Tychonie:
819 626 1024 706 permovitque
1048 626 1228 708 Tyohouem,
1254 637 1288 690 nt
1311 629 1499 693 existhnaret

145 710 391 776 meridionalibus
413 712 489 774 locis
511 713 602 776 minui
625 713 842 777 retentiones:
872 715 950 796 qnod
973 716 1009 776 de
1034 715 1148 778 Hassia
1171 716 1288 795 quidem
1311 735 1414 780 vemm
1439 727 1497 793 est,

145 809 178 864 at
198 819 255 862 nnn
279 807 431 880 quatenus
453 801 485 863 in
508 803 663 865 meridiem
686 803 786 882 vergit
809 803 957 878 aDanla,
980 805 1033 865 sed
1058 811 1206 885 quatenus
1230 813 1369 867 acentro
1386 807 1497 868 Terrae

145 897 193 954 est
222 889 373 952 elevatior
405 897 437 952 et
469 891 635 970 superficiei
671 891 753 953 aeris
788 891 918 972 propior.
972 891 1052 952 Vide
1082 893 1205 955 Tomum
1235 894 1259 954 I.
1292 894 1498 974 Epistolarum

144 977 293 1061 Tychonis
316 979 433 1051 Brahe‚
464 979 515 1041 fol.
541 976 592 1044 63.
619 977 671 1043 64.
697 978 750 1044 85.
780 978 850 1043 112.
879 980 930 1042 ubi
953 981 1054 1062 Tycha
1077 980 1261 1042 Rothmanni
1292 991 1498 1062 argumentum

144 1067 286 1130 refellens
310 1075 521 1147 argumentum
544 1088 642 1132 meum
666 1071 830 1132 confirmat.
868 1067 1016 1150 Equidem
1040 1070 1118 1148 quod
1143 1069 1313 1150 frigidiores
1332 1071 1362 1132 in
1378 1071 1497 1132 Vinde-

143 1155 208 1218 licis
231 1156 356 1238 hyemes
380 1163 523 1238 expertus
546 1165 595 1220 est
619 1159 711 1241 (quod
733 1159 926 1238 postmodum
949 1158 985 1219 de
1008 1157 1155 1219 Bohemia
1183 1176 1299 1239 quoqne
1322 1159 1497 1234 affirmavit)

142 1245 232 1326 plane
257 1245 315 1308 hoc
339 1246 453 1324 arguit,
482 1245 625 1309 minorem
653 1267 721 1309 esse
744 1247 775 1308 in
803 1245 953 1308 montanis
983 1245 1063 1308 atris
1094 1246 1328 1324 profunditatem
1356 1267 1445 1327 qnam
1468 1249 1498 1310 in

142 1333 293 1396 litoribus.
349 1333 400 1396 Ad
432 1335 538 1396 oceani
568 1335 687 1416 quidem
718 1336 810 1398 litora
840 1354 963 1398 causam
996 1335 1126 1396 afferunt
1157 1334 1267 1409 aliam,
1303 1335 1375 1399 cieri
1407 1338 1498 1399 flatus

144 1419 261 1486 calidos
285 1443 306 1484 a
334 1421 517 1504 quotidianis
550 1425 684 1486 aestibus
719 1424 826 1499 maris,
859 1423 909 1504 qui
944 1422 1035 1486 litora
1067 1422 1221 1500 operiant,
1255 1431 1290 1485 nt
1316 1443 1384 1487 raro
1414 1425 1498 1486 nives

144 1510 317 1592 perdurent.
364 1513 400 1573 Iu
422 1511 506 1574 Balti
529 1530 599 1574 vero
630 1513 703 1575 nulli
727 1521 798 1575 sunt
820 1520 924 1574 aestus
951 1520 1005 1574 aut
1031 1510 1186 1591 perexigui
1213 1518 1335 1592 statque
1364 1532 1498 1574 causae

144 1620 192 1663 me
225 1599 359 1662 adducta
387 1599 563 1676 incolumis,
596 1619 655 1663 non
683 1621 721 1662 ea
752 1601 870 1682 quidem
904 1619 994 1680 quarn
1020 1599 1230 1662 Rothmannus
1270 1601 1376 1676 affert,
1420 1601 1499 1680 quod

144 1687 279 1752 crassior
301 1688 343 1750 sit
366 1695 419 1750 atr
441 1687 470 1750 in
490 1689 589 1752 Dania
607 1689 645 1752 ob
669 1689 885 1752 sublimitatem
904 1689 965 1769 poli
988 1689 1106 1750 tantulo
1131 1687 1315 1750 auctiorem:
1340 1688 1394 1750 sed
1413 1689 1498 1762 haec,

145 1777 225 1860 quod
247 1776 424 1856 profundior
447 1777 488 1838 sit
511 1778 615 1840 atriu
644 1779 696 1840 illo
725 1797 853 1858 aequore
877 1779 907 1840 in
937 1778 1016 1858 quod
1039 1776 1180 1856 Visurgis
1214 1776 1373 1839 effunditur
1405 1777 1498 1851 (idem

145 1867 225 1928 euim
250 1873 299 1927 est
322 1865 424 1946 utique
447 1885 559 1946 aequor
582 1866 687 1929 oceani
710 1866 790 1928 illius
813 1873 845 1928 et
862 1866 971 1940 Baltis,
997 1863 1207 1928 confluentium
1230 1864 1261 1926 iu
1284 1865 1361 1927 freto
1385 1865 1498 1939 ricino)

147 1974 236 2038 quam
260 1954 290 2016 in
314 1953 449 2034 fastigio,
474 1955 551 2017 unde
575 1955 683 2018 fluvius
706 1955 756 2017 ille
780 1955 920 2018 exoritur.
968 1954 1092 2018 luterim
1115 1972 1173 2015 non
1201 1970 1291 2030 nego,
1321 1953 1499 2017 crassiorem

148 2044 242 2106 etiam
266 2062 334 2106 esse
355 2061 463 2122 posse,
487 2044 594 2106 sedin
617 2063 732 2107 summo
756 2044 970 2124 septentrione.
1011 2043 1127 2104 Eodem
1151 2041 1222 2104 folio
1249 2039 1321 2106 112.
1346 2041 1500 2104 existimat

145 2132 249 2214 Tycho
283 2129 377 2198 etiam
409 2131 442 2194 iu
474 2133 609 2213 ejusdem
640 2132 806 2196 horizontis
840 2132 967 2196 diversis
998 2130 1098 2213 plagis
1128 2130 1166 2193 ob
1202 2130 1339 2193 diversos
1371 2149 1500 2210 vapores

145 2220 272 2284 alterari
293 2239 383 2300 posse
414 2221 631 2284 refractioues:
661 2223 755 2284 multo
778 2220 871 2304 igitur
893 2219 991 2300 magis
1013 2220 1043 2280 iri
1067 2217 1195 2281 diversis
1223 2218 1308 2282 locis.
1354 2218 1500 2281 Vicissim

145 2307 277 2372 Hassiae
296 2309 508 2387 Landgravius
533 2310 600 2385 (sol.
621 2308 675 2372 22.
699 2309 905 2390 Epistularum
919 2307 1084 2392 Tynhonis)
1109 2307 1247 2380 affirmat,
1271 2327 1291 2368 a
1314 2313 1346 2368 se
1371 2308 1500 2388 quadam

145 2405 234 2462 nocte
267 2397 405 2477 diligenti
437 2399 649 2461 observatione
682 2397 900 2478 deprehensam
937 2397 1070 2460 stellam¹
1087 2395 1218 2460 Veneris
1256 2395 1376 2458 circiter
1408 2395 1498 2458 horae

146 2487 344 2568 quadrantem
366 2486 515 2549 horizonti
537 2486 695 2550 inhaerere
718 2487 936 2563 stationarium,
962 2485 1048 2568 quasi
1067 2492 1150 2547 motu
1172 2483 1260 2564 primi
1283 2483 1402 2545 mobilis
1425 2483 1500 2546 uihil

146 2583 318 2662 raperetur,
351 2593 419 2638 cum
443 2575 558 2638 duobus
587 2575 715 2656 amplius
746 2575 890 2655 gradibus
915 2576 981 2656 jam
1005 2579 1088 2636 esset
1115 2573 1273 2646 demersa3
1305 2577 1378 2651 post
1400 2570 1499 2632 subito

146 2681 338 2728 evanescere.
375 2663 413 2725 Id
436 2663 590 2730 insolitum
613 2665 819 2744 spectaculum
837 2683 895 2726 uou
920 2663 1038 2727 aliunde
1062 2661 1174 2736 extitit,
1199 2678 1286 2741 qnam
1301 2677 1340 2720 ex
1358 2665 1499 2738 surgente

145 2751 296 2833 paulatim
318 2771 423 2816 crasso
446 2771 558 2833 vapore
581 2751 746 2833 statimque
769 2750 800 2814 iu
823 2753 903 2816 aeris
925 2770 1038 2834 aequor
1059 2768 1176 2814 rursum
1200 2749 1316 2810 diffuso.

234 2841 303 2904 Non
328 2839 474 2904 dissimile
507 2842 744 2922 experimentum
773 2841 868 2904 tradit
894 2839 1122 2904 Maestlinus
1155 2842 1332 2916 praeceptor
1361 2851 1445 2896 meus
1469 2834 1498 2894 in

147 2929 296 2992 Thesibus
316 2929 353 2991 de
371 2929 554 3009 Eclipsibus,
580 2949 655 3012 quas
675 2949 753 2993 anuo
769 2925 821 2994 96.
847 2930 952 3002 edidit,
974 2929 1058 3008 cnjus
1082 2925 1176 2988 verba
1194 2923 1236 2988 th.
1252 2919 1304 2988 55.
1325 2922 1400 2984 haec
1419 2928 1497 2984 sunt.

233 3033 316 3084 Anno
345 3028 423 3084 1590
450 3029 494 3084 die
520 3029 547 3084 V.
568 3030 650 3096 Julii,
674 3045 726 3086 uos
752 3029 799 3086 hic
818 3029 979 3101 Tubingae,
1005 3024 1077 3082 Solia
1103 3031 1197 3080 centro
1224 3039 1309 3094 supra
1328 3021 1499 3078 horizontem

145 3116 315 3182 emergente,
335 3108 452 3164 vidimus
471 3111 580 3166 Lunam
600 3112 636 3164 ab
658 3115 755 3165 austro
778 3109 885 3180 aliquot
904 3108 999 3180 digitis
1015 3105 1077 3177 jan
1097 3105 1280 3167 deficientem,
1301 3103 1407 3158 duobus
1427 3118 1499 3171 pene

145 3190 279 3262 gradihus
299 3189 457 3245 elevatam:
485 3196 515 3244 et
535 3197 640 3256 contra,
660 3191 757 3246 Lunae
779 3195 874 3244 oentm
894 3190 946 3244 suh
971 3183 1098 3243 omasum
1126 3185 1316 3247 descendente,
1344 3181 1500 3238 antonimus

146 3270 217 3325 Solis
237 3285 324 3340 supra
344 3273 435 3325 ortum
454 3271 568 3326 duorum
589 3271 724 3343 graduum
750 3267 933 3324 altitudinem.
975 3265 1080 3322 Occidit
1106 3268 1199 3319 autem
1218 3263 1300 3318 Luna
1319 3261 1395 3332 prius
1416 3277 1498 3332 quam

146 3352 182 3406 ad
201 3351 353 3405 maximam
372 3349 595 3406 obscurationem
615 3352 774 3404 devenerat

234 3427 286 3490 Ex
316 3426 364 3488 his
397 3428 567 3508 colligitur,
599 3427 811 3489 refractionem
843 3423 908 3502 ejus
941 3421 999 3484 diei
1033 3419 1251 3484 horizontalem
1284 3417 1378 3484 fuisse
1407 3418 1500 3482 multo

148 3517 295 3598 majorem
314 3514 429 3579 duobus
448 3515 601 3596 gradibus,
622 3533 745 3596 quornm
767 3510 920 3576 dimidium
934 3507 1009 3586 Soli,
1033 3509 1179 3591 reliquum
1196 3508 1301 3572 Lunae
1324 3506 1499 3569 debebatur.

147 3605 270 3671 Etenim
292 3602 376 3668 Solis
400 3611 506 3668 centro
529 3605 644 3668 edente
666 3601 882 3676 conveniebat,
906 3604 941 3662 ut
963 3597 1085 3661 umbrae
1109 3603 1245 3661 centrum
1271 3595 1436 3668 occideret,
1465 3611 1501 3658 ac

148 3863 251 3912 earum,
273 3860 345 3916 quae
366 3841 532 3916 contingunt
551 3843 580 3898 in
601 3843 697 3914 aliqua
717 3839 835 3896 siderum
856 3834 1017 3905 altitudine,
1040 3833 1165 3910 sequitur
1185 3833 1292 3906 quidem
1313 3831 1397 3886 etlam
1416 3827 1500 3884 immi·

148 3927 225 3982 uutio
245 3924 344 3980 totalis
363 3923 545 3988 refractionis,
567 3923 627 3995 ejus
641 3938 748 3991 nempe,
770 3935 841 3992 quae
855 3920 888 3978 fit
906 3919 935 3973 iu
952 3918 1030 3976 radio
1051 3917 1199 3988 sphaeram
1217 3911 1290 3968 atris
1312 3909 1500 3982 contingente.

149 4005 256 4062 Deinde
275 4021 343 4058 vero
358 4002 386 4058 in
400 4005 497 4057 eadem
511 4003 561 4057 illa
581 4000 696 4076 regione
710 4005 740 4054 et
760 4007 892 4070 ternpore,
913 3997 1093 4054 horizontalis
1114 3993 1287 4050 nihilominus
1301 3990 1391 4061 major
1407 3993 1503 4081 potest

150 4089 309 4157 appareres
329 4087 482 4156 propterea
500 4085 574 4155 quod
601 4084 636 4138 oh
657 4080 831 4138 altitudinem
850 4077 972 4152 regionis
994 4078 1157 4134 observator
1184 4079 1326 4129 extremae
1348 4070 1503 4140 superficies

150 4163 223 4222 uem
242 4169 290 4219 est
309 4161 432 4226 vicinior,
454 4163 608 4234 fruiturque
628 4161 705 4217 radin
726 4159 905 4230 contingente
926 4159 999 4214 aeris
1027 4157 1175 4228 sphaeram
1199 4153 1345 4225 plurimum
1365 4149 1502 4210 reusam

151 4245 196 4320 qui
214 4246 303 4318 longe
322 4258 410 4312 supra
429 4247 514 4312 caput
535 4242 620 4312 ipsius
648 4241 747 4298 fuisset
768 4237 950 4304 transiturus,
973 4237 996 4292 si
1017 4238 1179 4292 observator
1199 4231 1337 4288 humiliori
1357 4231 1418 4284 loeo
1440 4244 1503 4282 con·

151 4325 278 4384 stitismt.
319 4323 383 4381 Nou
404 4320 476 4378 euim
496 4321 597 4392 ubique
622 4324 759 4384 locorum,
785 4325 891 4389 quauta
917 4318 1055 4390 contingit
1079 4314 1200 4374 maxima
1220 4311 1366 4378 refractis,
1396 4313 1503 4362 tautam

152 4410 182 4459 et
196 4401 288 4462 babet
307 4399 357 4462 sot
378 4391 550 4466 occumbens
571 4407 604 4455 ut
623 4401 773 4473 diligenter
794 4397 937 4454 inculcavi.
1358 4466 1363 4481 ἱ

238 4483 350 4554 Etper
370 4485 516 4554 caputet,
549 4481 715 4554 quantitatis
735 4479 846 4534 minoris
877 4477 998 4550 aliquam
1018 4491 1080 4530 esse
1109 4479 1230 4544 partem,
1259 4469 1312 4525 toti
1337 4466 1504 4562 rucinlprem,

153 4578 221 4636 quae
241 4562 332 4634 major
352 4577 415 4616 esse
434 4561 524 4632 possit
541 4568 622 4631 parte
643 4561 738 4633 aliqua
759 4558 923 4632 quantitatis
944 4555 1064 4626 majoris,
1085 4553 1149 4624 plus
1167 4569 1185 4606 a
1199 4557 1259 4606 toto
1280 4567 1329 4604 suo
1352 4547 1503 4602 deficiente.

155 4644 244 4707 Quare
265 4642 322 4700 etsi
341 4639 440 4697 totalis
460 4639 591 4696 remotio
605 4641 676 4698 radii
696 4639 882 4712 contingentis
896 4636 984 4692 minor
1004 4634 1150 4704 aliquando
1165 4631 1202 4686 sit
1219 4631 1246 4684 iu
1267 4646 1321 4683 uuo
1342 4629 1506 4697 locoquarn

153 4723 180 4778 in
199 4723 272 4791 alio,
302 4719 394 4793 mm'nr
422 4725 517 4777 munes
537 4737 598 4776 esse
627 4711 722 4792 potest
745 4736 812 4794 pars
832 4719 908 4791 ejus,
938 4732 1020 4790 quarn
1039 4714 1128 4770 hebet
1148 4711 1196 4772 Sol
1223 4709 1394 4774 occumbens,
1424 4709 1506 4778 parts

151 4803 267 4862 mean
286 4801 353 4860 loni.
893 4836 896 4842 ,
