<?xml version="1.0" encoding="UTF-8"?>
<!DOCTYPE html PUBLIC "-//W3C//DTD XHTML 1.0 Transitional//EN"
    "http://www.w3.org/TR/xhtml1/DTD/xhtml1-transitional.dtd">
<html xmlns="http://www.w3.org/1999/xhtml" xml:lang="en" lang="en">
 <head>
  <title>
</title>
<meta http-equiv="Content-Type" content="text/html;charset=utf-8" />
  <meta name='ocr-system' content='tesseract 3.04.00' />
  <meta name='ocr-capabilities' content='ocr_page ocr_carea ocr_par ocr_line ocrx_word'/>
</head>
<body>
  <div class='ocr_page' id='page_1' title='image "./joanniskepleria02unkngoog/joanniskepleria02unkngoog_0071.png"; bbox 0 0 3464 5524; ppageno 0'>
   <div class='ocr_carea' id='block_1_1' title="bbox 293 279 1225 348">
    <p class='ocr_par' dir='ltr' id='par_1_1' title="bbox 293 279 1225 348">
     <span class='ocr_line' id='line_1_1' title="bbox 293 279 1225 348; baseline 0.001 -14"><span class='ocrx_word' id='word_1_1' title='bbox 293 279 337 347; x_wconf 81' lang='grc'>48</span> <span class='ocrx_word' id='word_1_2' title='bbox 716 283 816 334; x_wconf 85' lang='lat' dir='ltr'>theras</span> <span class='ocrx_word' id='word_1_3' title='bbox 835 282 936 346; x_wconf 83' lang='lat' dir='ltr'>Kepleri</span> <span class='ocrx_word' id='word_1_4' title='bbox 956 282 1105 348; x_wconf 81' lang='lat' dir='ltr'>aliorumque</span> <span class='ocrx_word' id='word_1_5' title='bbox 1123 289 1225 335; x_wconf 81' lang='lat' dir='ltr'>mutuae</span> 
     </span>
    </p>
   </div>
   <div class='ocr_carea' id='block_1_2' title="bbox 292 456 1654 2584">
    <p class='ocr_par' dir='ltr' id='par_1_2' title="bbox 292 456 1654 2493">
     <span class='ocr_line' id='line_1_2' title="bbox 295 456 1654 539; baseline -0.003 -18"><span class='ocrx_word' id='word_1_6' title='bbox 295 456 461 521; x_wconf 83' lang='lat' dir='ltr'>Confundis</span> <span class='ocrx_word' id='word_1_7' title='bbox 485 457 594 520; x_wconf 87' lang='lat' dir='ltr'>iturum</span> <span class='ocrx_word' id='word_1_8' title='bbox 616 459 826 534; x_wconf 90' lang='lat' dir='ltr'>refractionem</span> <span class='ocrx_word' id='word_1_9' title='bbox 851 467 882 520; x_wconf 89' lang='lat' dir='ltr'>et</span> <span class='ocrx_word' id='word_1_10' title='bbox 905 459 1042 538; x_wconf 80' lang='lat' dir='ltr'>imaginis</span> <span class='ocrx_word' id='word_1_11' title='bbox 1067 461 1261 534; x_wconf 70' lang='lat' dir='ltr'>locationem,</span> <span class='ocrx_word' id='word_1_12' title='bbox 1293 459 1445 539; x_wconf 88' lang='lat' dir='ltr'>adquam</span> <span class='ocrx_word' id='word_1_13' title='bbox 1470 467 1654 520; x_wconf 89' lang='lat' dir='ltr'>concurrunt</span> 
     </span>
     <span class='ocr_line' id='line_1_3' title="bbox 294 546 1650 630; baseline -0.001 -22"><span class='ocrx_word' id='word_1_14' title='bbox 294 555 399 626; x_wconf 87' lang='lat' dir='ltr'>partes</span> <span class='ocrx_word' id='word_1_15' title='bbox 423 546 669 622; x_wconf 82' lang='lat' dir='ltr'>circumstantes,</span> <span class='ocrx_word' id='word_1_16' title='bbox 696 567 770 627; x_wconf 91' lang='lat' dir='ltr'>quae</span> <span class='ocrx_word' id='word_1_17' title='bbox 796 547 935 609; x_wconf 87' lang='lat' dir='ltr'>videntur</span> <span class='ocrx_word' id='word_1_18' title='bbox 958 568 1015 609; x_wconf 89' lang='lat' dir='ltr'>non</span> <span class='ocrx_word' id='word_1_19' title='bbox 1039 549 1294 630; x_wconf 86' lang='lat' dir='ltr'>perpendiculari,</span> <span class='ocrx_word' id='word_1_20' title='bbox 1320 567 1396 627; x_wconf 90' lang='lat' dir='ltr'>quae</span> <span class='ocrx_word' id='word_1_21' title='bbox 1421 566 1480 608; x_wconf 90' lang='lat' dir='ltr'>una</span> <span class='ocrx_word' id='word_1_22' title='bbox 1504 546 1570 608; x_wconf 90' lang='lat' dir='ltr'>sole</span> <span class='ocrx_word' id='word_1_23' title='bbox 1590 557 1650 620; x_wconf 90' lang='lat' dir='ltr'>est,</span> 
     </span>
     <span class='ocr_line' id='line_1_4' title="bbox 296 635 1650 719; baseline -0.001 -22"><span class='ocrx_word' id='word_1_24' title='bbox 296 636 351 697; x_wconf 85' lang='lat' dir='ltr'>sed</span> <span class='ocrx_word' id='word_1_25' title='bbox 374 636 540 698; x_wconf 86' lang='lat' dir='ltr'>inclinatis.</span> <span class='ocrx_word' id='word_1_26' title='bbox 586 639 692 716; x_wconf 90' lang='lat' dir='ltr'>Itaque</span> <span class='ocrx_word' id='word_1_27' title='bbox 716 645 811 698; x_wconf 89' lang='lat' dir='ltr'>tntum</span> <span class='ocrx_word' id='word_1_28' title='bbox 832 657 921 699; x_wconf 92' lang='lat' dir='ltr'>unum</span> <span class='ocrx_word' id='word_1_29' title='bbox 937 657 1044 719; x_wconf 89' lang='lat' dir='ltr'>corpus</span> <span class='ocrx_word' id='word_1_30' title='bbox 1068 639 1199 699; x_wconf 90' lang='lat' dir='ltr'>cernitur</span> <span class='ocrx_word' id='word_1_31' title='bbox 1213 636 1380 704; x_wconf 89' lang='lat' dir='ltr'>inclinatis,</span> <span class='ocrx_word' id='word_1_32' title='bbox 1406 635 1650 714; x_wconf 82' lang='lat' dir='ltr'>perpendiculari</span> 
     </span>
     <span class='ocr_line' id='line_1_5' title="bbox 295 724 1653 807; baseline -0.001 -21"><span class='ocrx_word' id='word_1_33' title='bbox 295 744 354 787; x_wconf 91' lang='lat' dir='ltr'>non</span> <span class='ocrx_word' id='word_1_34' title='bbox 400 725 458 786; x_wconf 89' lang='lat' dir='ltr'>nisi</span> <span class='ocrx_word' id='word_1_35' title='bbox 500 733 651 805; x_wconf 92' lang='lat' dir='ltr'>punctum.</span> <span class='ocrx_word' id='word_1_36' title='bbox 714 724 794 796; x_wconf 81' lang='lat' dir='ltr'>Quid</span> <span class='ocrx_word' id='word_1_37' title='bbox 832 727 910 805; x_wconf 93' lang='lat' dir='ltr'>quod</span> <span class='ocrx_word' id='word_1_38' title='bbox 947 735 978 787; x_wconf 90' lang='lat' dir='ltr'>et</span> <span class='ocrx_word' id='word_1_39' title='bbox 1019 735 1141 807; x_wconf 89' lang='lat' dir='ltr'>utroque</span> <span class='ocrx_word' id='word_1_40' title='bbox 1183 728 1268 788; x_wconf 92' lang='lat' dir='ltr'>oculo</span> <span class='ocrx_word' id='word_1_41' title='bbox 1305 727 1344 787; x_wconf 91' lang='lat' dir='ltr'>ad</span> <span class='ocrx_word' id='word_1_42' title='bbox 1382 725 1458 786; x_wconf 90' lang='lat' dir='ltr'>hanc</span> <span class='ocrx_word' id='word_1_43' title='bbox 1500 743 1564 786; x_wconf 93' lang='lat' dir='ltr'>rem</span> <span class='ocrx_word' id='word_1_44' title='bbox 1602 733 1653 784; x_wconf 90' lang='lat' dir='ltr'>est</span> 
     </span>
     <span class='ocr_line' id='line_1_6' title="bbox 295 812 1650 896; baseline 0.001 -22"><span class='ocrx_word' id='word_1_45' title='bbox 295 831 384 892; x_wconf 90' lang='lat' dir='ltr'>opus,</span> <span class='ocrx_word' id='word_1_46' title='bbox 420 831 476 893; x_wconf 91' lang='lat' dir='ltr'>qno</span> <span class='ocrx_word' id='word_1_47' title='bbox 501 814 617 875; x_wconf 90' lang='lat' dir='ltr'>nomine</span> <span class='ocrx_word' id='word_1_48' title='bbox 641 812 754 876; x_wconf 90' lang='lat' dir='ltr'>nullom</span> <span class='ocrx_word' id='word_1_49' title='bbox 777 823 825 876; x_wconf 89' lang='lat' dir='ltr'>est</span> <span class='ocrx_word' id='word_1_50' title='bbox 847 823 1005 894; x_wconf 89' lang='lat' dir='ltr'>punctum,</span> <span class='ocrx_word' id='word_1_51' title='bbox 1038 817 1116 895; x_wconf 91' lang='lat' dir='ltr'>quod</span> <span class='ocrx_word' id='word_1_52' title='bbox 1139 816 1206 876; x_wconf 89' lang='lat' dir='ltr'>sola</span> <span class='ocrx_word' id='word_1_53' title='bbox 1234 812 1472 896; x_wconf 85' lang='lat' dir='ltr'>perpendiculari</span> <span class='ocrx_word' id='word_1_54' title='bbox 1497 823 1650 876; x_wconf 82' lang='lat' dir='ltr'>comatur.</span> 
     </span>
     <span class='ocr_line' id='line_1_7' title="bbox 295 901 1651 985; baseline 0 -23"><span class='ocrx_word' id='word_1_55' title='bbox 295 901 366 975; x_wconf 88' lang='lat' dir='ltr'>Sed,</span> <span class='ocrx_word' id='word_1_56' title='bbox 392 909 427 963; x_wconf 91' lang='lat' dir='ltr'>nt</span> <span class='ocrx_word' id='word_1_57' title='bbox 452 902 520 962; x_wconf 91' lang='lat' dir='ltr'>dem</span> <span class='ocrx_word' id='word_1_58' title='bbox 544 902 635 975; x_wconf 92' lang='lat' dir='ltr'>ultro,</span> <span class='ocrx_word' id='word_1_59' title='bbox 661 903 917 984; x_wconf 84' lang='lat' dir='ltr'>perpendicularis</span> <span class='ocrx_word' id='word_1_60' title='bbox 940 924 996 984; x_wconf 93' lang='lat' dir='ltr'>ope</span> <span class='ocrx_word' id='word_1_61' title='bbox 1019 905 1151 985; x_wconf 89' lang='lat' dir='ltr'>speciem</span> <span class='ocrx_word' id='word_1_62' title='bbox 1174 904 1293 966; x_wconf 89' lang='lat' dir='ltr'>minime</span> <span class='ocrx_word' id='word_1_63' title='bbox 1318 903 1446 965; x_wconf 89' lang='lat' dir='ltr'>elevari:</span> <span class='ocrx_word' id='word_1_64' title='bbox 1483 921 1552 963; x_wconf 93' lang='lat' dir='ltr'>nom</span> <span class='ocrx_word' id='word_1_65' title='bbox 1581 903 1651 964; x_wconf 90' lang='lat' dir='ltr'>ideo</span> 
     </span>
     <span class='ocr_line' id='line_1_8' title="bbox 295 988 1650 1071; baseline 0 -19"><span class='ocrx_word' id='word_1_66' title='bbox 295 991 489 1069; x_wconf 90' lang='lat' dir='ltr'>refringitur?</span> <span class='ocrx_word' id='word_1_67' title='bbox 513 988 669 1060; x_wconf 80' lang='lat' dir='ltr'>Quomodo</span> <span class='ocrx_word' id='word_1_68' title='bbox 694 991 876 1071; x_wconf 85' lang='lat' dir='ltr'>refringitur,</span> <span class='ocrx_word' id='word_1_69' title='bbox 901 994 927 1053; x_wconf 90' lang='lat' dir='ltr'>si</span> <span class='ocrx_word' id='word_1_70' title='bbox 951 1012 1026 1054; x_wconf 92' lang='lat' dir='ltr'>unus</span> <span class='ocrx_word' id='word_1_71' title='bbox 1050 1000 1152 1054; x_wconf 92' lang='lat' dir='ltr'>manet</span> <span class='ocrx_word' id='word_1_72' title='bbox 1175 993 1203 1053; x_wconf 92' lang='lat' dir='ltr'>in</span> <span class='ocrx_word' id='word_1_73' title='bbox 1227 993 1356 1054; x_wconf 89' lang='lat' dir='ltr'>transitu</span> <span class='ocrx_word' id='word_1_74' title='bbox 1381 990 1570 1070; x_wconf 87' lang='lat' dir='ltr'>superficiei?</span> <span class='ocrx_word' id='word_1_75' title='bbox 1599 993 1650 1052; x_wconf 86' lang='lat' dir='ltr'>An</span> 
     </span>
     <span class='ocr_line' id='line_1_9' title="bbox 295 1077 1647 1162; baseline -0.001 -20"><span class='ocrx_word' id='word_1_76' title='bbox 295 1089 327 1142; x_wconf 91' lang='lat' dir='ltr'>tu</span> <span class='ocrx_word' id='word_1_77' title='bbox 350 1077 543 1140; x_wconf 91' lang='lat' dir='ltr'>refractionis</span> <span class='ocrx_word' id='word_1_78' title='bbox 562 1097 635 1142; x_wconf 89' lang='lat' dir='ltr'>voce</span> <span class='ocrx_word' id='word_1_79' title='bbox 662 1081 795 1143; x_wconf 89' lang='lat' dir='ltr'>abuteris</span> <span class='ocrx_word' id='word_1_80' title='bbox 819 1091 923 1142; x_wconf 89' lang='lat' dir='ltr'>contra</span> <span class='ocrx_word' id='word_1_81' title='bbox 943 1100 1055 1143; x_wconf 92' lang='lat' dir='ltr'>morem</span> <span class='ocrx_word' id='word_1_82' title='bbox 1075 1082 1257 1162; x_wconf 88' lang='lat' dir='ltr'>opticorum?</span> <span class='ocrx_word' id='word_1_83' title='bbox 1290 1080 1325 1143; x_wconf 88' lang='lat' dir='ltr'>Si</span> <span class='ocrx_word' id='word_1_84' title='bbox 1349 1080 1489 1154; x_wconf 86' lang='lat' dir='ltr'>dixisses,</span> <span class='ocrx_word' id='word_1_85' title='bbox 1515 1080 1647 1154; x_wconf 89' lang='lat' dir='ltr'>retundi,</span> 
     </span>
     <span class='ocr_line' id='line_1_10' title="bbox 295 1166 1646 1250; baseline 0 -22"><span class='ocrx_word' id='word_1_86' title='bbox 295 1166 476 1242; x_wconf 90' lang='lat' dir='ltr'>abbreviari,</span> <span class='ocrx_word' id='word_1_87' title='bbox 512 1169 622 1230; x_wconf 89' lang='lat' dir='ltr'>rectius</span> <span class='ocrx_word' id='word_1_88' title='bbox 656 1171 822 1244; x_wconf 88' lang='lat' dir='ltr'>sonuisset;</span> <span class='ocrx_word' id='word_1_89' title='bbox 856 1169 981 1249; x_wconf 82' lang='lat' dir='ltr'>refringi</span> <span class='ocrx_word' id='word_1_90' title='bbox 1005 1189 1075 1232; x_wconf 90' lang='lat' dir='ltr'>vero</span> <span class='ocrx_word' id='word_1_91' title='bbox 1108 1170 1286 1250; x_wconf 85' lang='lat' dir='ltr'>intelligitur</span> <span class='ocrx_word' id='word_1_92' title='bbox 1310 1189 1347 1232; x_wconf 83' lang='lat' dir='ltr'>ex</span> <span class='ocrx_word' id='word_1_93' title='bbox 1379 1189 1436 1230; x_wconf 89' lang='lat' dir='ltr'>una</span> <span class='ocrx_word' id='word_1_94' title='bbox 1459 1177 1546 1230; x_wconf 90' lang='lat' dir='ltr'>recta</span> <span class='ocrx_word' id='word_1_95' title='bbox 1570 1169 1646 1230; x_wconf 90' lang='lat' dir='ltr'>duas</span> 
     </span>
     <span class='ocr_line' id='line_1_11' title="bbox 293 1255 1649 1338; baseline 0.001 -20"><span class='ocrx_word' id='word_1_96' title='bbox 293 1265 393 1318; x_wconf 89' lang='lat' dir='ltr'>rectas</span> <span class='ocrx_word' id='word_1_97' title='bbox 417 1256 488 1317; x_wconf 88' lang='lat' dir='ltr'>fieri.</span> <span class='ocrx_word' id='word_1_98' title='bbox 520 1255 621 1328; x_wconf 81' lang='lat' dir='ltr'>Quare</span> <span class='ocrx_word' id='word_1_99' title='bbox 646 1259 672 1318; x_wconf 93' lang='lat' dir='ltr'>si</span> <span class='ocrx_word' id='word_1_100' title='bbox 695 1260 785 1337; x_wconf 88' lang='lat' dir='ltr'>plane</span> <span class='ocrx_word' id='word_1_101' title='bbox 809 1277 867 1319; x_wconf 92' lang='lat' dir='ltr'>non</span> <span class='ocrx_word' id='word_1_102' title='bbox 892 1259 1073 1338; x_wconf 89' lang='lat' dir='ltr'>refringitur,</span> <span class='ocrx_word' id='word_1_103' title='bbox 1098 1278 1194 1338; x_wconf 87' lang='lat' dir='ltr'>neque</span> <span class='ocrx_word' id='word_1_104' title='bbox 1218 1260 1308 1338; x_wconf 91' lang='lat' dir='ltr'>igitur</span> <span class='ocrx_word' id='word_1_105' title='bbox 1332 1279 1351 1318; x_wconf 91' lang='lat' dir='ltr'>a</span> <span class='ocrx_word' id='word_1_106' title='bbox 1365 1257 1521 1319; x_wconf 90' lang='lat' dir='ltr'>soliditate</span> <span class='ocrx_word' id='word_1_107' title='bbox 1536 1259 1649 1319; x_wconf 90' lang='lat' dir='ltr'>refrin-</span> 
     </span>
     <span class='ocr_line' id='line_1_12' title="bbox 294 1343 1649 1427; baseline 0.001 -22"><span class='ocrx_word' id='word_1_108' title='bbox 294 1345 385 1425; x_wconf 88' lang='lat' dir='ltr'>gitur.</span> <span class='ocrx_word' id='word_1_109' title='bbox 433 1343 516 1416; x_wconf 80' lang='lat' dir='ltr'>Quid</span> <span class='ocrx_word' id='word_1_110' title='bbox 539 1347 565 1408; x_wconf 92' lang='lat' dir='ltr'>si</span> <span class='ocrx_word' id='word_1_111' title='bbox 590 1354 621 1407; x_wconf 88' lang='lat' dir='ltr'>et</span> <span class='ocrx_word' id='word_1_112' title='bbox 642 1347 700 1409; x_wconf 90' lang='lat' dir='ltr'>hoc</span> <span class='ocrx_word' id='word_1_113' title='bbox 723 1365 879 1426; x_wconf 86' lang='lat' dir='ltr'>negarem,</span> <span class='ocrx_word' id='word_1_114' title='bbox 905 1357 938 1410; x_wconf 91' lang='lat' dir='ltr'>ut</span> <span class='ocrx_word' id='word_1_115' title='bbox 953 1367 1022 1409; x_wconf 89' lang='lat' dir='ltr'>vere</span> <span class='ocrx_word' id='word_1_116' title='bbox 1038 1367 1175 1427; x_wconf 86' lang='lat' dir='ltr'>possum,</span> <span class='ocrx_word' id='word_1_117' title='bbox 1200 1357 1341 1427; x_wconf 90' lang='lat' dir='ltr'>punctum</span> <span class='ocrx_word' id='word_1_118' title='bbox 1366 1346 1494 1408; x_wconf 86' lang='lat' dir='ltr'>risibilis</span> <span class='ocrx_word' id='word_1_119' title='bbox 1520 1345 1550 1407; x_wconf 92' lang='lat' dir='ltr'>in</span> <span class='ocrx_word' id='word_1_120' title='bbox 1574 1365 1649 1424; x_wconf 89' lang='lat' dir='ltr'>per-</span> 
     </span>
     <span class='ocr_line' id='line_1_13' title="bbox 293 1434 1650 1516; baseline 0 -21"><span class='ocrx_word' id='word_1_121' title='bbox 293 1434 480 1514; x_wconf 90' lang='lat' dir='ltr'>pendiculari</span> <span class='ocrx_word' id='word_1_122' title='bbox 515 1455 640 1498; x_wconf 87' lang='lat' dir='ltr'>versans</span> <span class='ocrx_word' id='word_1_123' title='bbox 664 1436 759 1497; x_wconf 91' lang='lat' dir='ltr'>videri</span> <span class='ocrx_word' id='word_1_124' title='bbox 782 1437 895 1498; x_wconf 88' lang='lat' dir='ltr'>altius?</span> <span class='ocrx_word' id='word_1_125' title='bbox 941 1438 1056 1516; x_wconf 81' lang='lat' dir='ltr'>Nempe</span> <span class='ocrx_word' id='word_1_126' title='bbox 1087 1457 1134 1500; x_wconf 90' lang='lat' dir='ltr'>me</span> <span class='ocrx_word' id='word_1_127' title='bbox 1166 1437 1298 1498; x_wconf 86' lang='lat' dir='ltr'>insanire</span> <span class='ocrx_word' id='word_1_128' title='bbox 1331 1437 1428 1510; x_wconf 90' lang='lat' dir='ltr'>dices,</span> <span class='ocrx_word' id='word_1_129' title='bbox 1462 1435 1513 1514; x_wconf 92' lang='lat' dir='ltr'>qui</span> <span class='ocrx_word' id='word_1_130' title='bbox 1546 1435 1650 1496; x_wconf 89' lang='lat' dir='ltr'>sensui</span> 
     </span>
     <span class='ocr_line' id='line_1_14' title="bbox 293 1523 1649 1605; baseline -0.001 -20"><span class='ocrx_word' id='word_1_131' title='bbox 293 1523 509 1585; x_wconf 87' lang='lat' dir='ltr'>contradicam.</span> <span class='ocrx_word' id='word_1_132' title='bbox 555 1525 614 1599; x_wconf 91' lang='lat' dir='ltr'>At,</span> <span class='ocrx_word' id='word_1_133' title='bbox 641 1526 771 1600; x_wconf 88' lang='lat' dir='ltr'>ebone,</span> <span class='ocrx_word' id='word_1_134' title='bbox 797 1525 856 1586; x_wconf 89' lang='lat' dir='ltr'>etsi</span> <span class='ocrx_word' id='word_1_135' title='bbox 877 1534 1020 1605; x_wconf 91' lang='lat' dir='ltr'>punctum</span> <span class='ocrx_word' id='word_1_136' title='bbox 1043 1527 1159 1586; x_wconf 92' lang='lat' dir='ltr'>unicum</span> <span class='ocrx_word' id='word_1_137' title='bbox 1184 1545 1260 1604; x_wconf 88' lang='lat' dir='ltr'>nego</span> <span class='ocrx_word' id='word_1_138' title='bbox 1284 1525 1378 1586; x_wconf 89' lang='lat' dir='ltr'>videri</span> <span class='ocrx_word' id='word_1_139' title='bbox 1403 1525 1511 1597; x_wconf 92' lang='lat' dir='ltr'>altius,</span> <span class='ocrx_word' id='word_1_140' title='bbox 1536 1524 1649 1586; x_wconf 88' lang='lat' dir='ltr'>nibilo-</span> 
     </span>
     <span class='ocr_line' id='line_1_15' title="bbox 292 1612 1649 1694; baseline -0.001 -20"><span class='ocrx_word' id='word_1_141' title='bbox 292 1612 387 1674; x_wconf 86' lang='lat' dir='ltr'>minus</span> <span class='ocrx_word' id='word_1_142' title='bbox 422 1620 517 1675; x_wconf 90' lang='lat' dir='ltr'>totnm</span> <span class='ocrx_word' id='word_1_143' title='bbox 550 1633 658 1692; x_wconf 90' lang='lat' dir='ltr'>corpus</span> <span class='ocrx_word' id='word_1_144' title='bbox 682 1615 776 1675; x_wconf 89' lang='lat' dir='ltr'>habes</span> <span class='ocrx_word' id='word_1_145' title='bbox 801 1615 966 1688; x_wconf 90' lang='lat' dir='ltr'>elevatum,</span> <span class='ocrx_word' id='word_1_146' title='bbox 1001 1615 1085 1694; x_wconf 90' lang='lat' dir='ltr'>cujus</span> <span class='ocrx_word' id='word_1_147' title='bbox 1118 1623 1262 1694; x_wconf 89' lang='lat' dir='ltr'>punctum</span> <span class='ocrx_word' id='word_1_148' title='bbox 1295 1621 1437 1693; x_wconf 90' lang='lat' dir='ltr'>estpars</span> <span class='ocrx_word' id='word_1_149' title='bbox 1462 1615 1556 1675; x_wconf 90' lang='lat' dir='ltr'>nulla.</span> <span class='ocrx_word' id='word_1_150' title='bbox 1605 1613 1649 1673; x_wconf 87' lang='lat' dir='ltr'>Tu</span> 
     </span>
     <span class='ocr_line' id='line_1_16' title="bbox 292 1702 1649 1783; baseline 0.001 -23"><span class='ocrx_word' id='word_1_151' title='bbox 292 1721 363 1764; x_wconf 89' lang='lat' dir='ltr'>vero</span> <span class='ocrx_word' id='word_1_152' title='bbox 387 1703 586 1782; x_wconf 81' lang='lat' dir='ltr'>expectabas,</span> <span class='ocrx_word' id='word_1_153' title='bbox 611 1710 643 1764; x_wconf 92' lang='lat' dir='ltr'>ot</span> <span class='ocrx_word' id='word_1_154' title='bbox 665 1703 844 1783; x_wconf 87' lang='lat' dir='ltr'>particulam</span> <span class='ocrx_word' id='word_1_155' title='bbox 868 1704 959 1766; x_wconf 92' lang='lat' dir='ltr'>fundo</span> <span class='ocrx_word' id='word_1_156' title='bbox 982 1703 1181 1766; x_wconf 89' lang='lat' dir='ltr'>conchnideos</span> <span class='ocrx_word' id='word_1_157' title='bbox 1201 1704 1346 1783; x_wconf 88' lang='lat' dir='ltr'>eriperem</span> <span class='ocrx_word' id='word_1_158' title='bbox 1371 1702 1464 1782; x_wconf 89' lang='lat' dir='ltr'>(qnod</span> <span class='ocrx_word' id='word_1_159' title='bbox 1488 1702 1538 1763; x_wconf 90' lang='lat' dir='ltr'>hic</span> <span class='ocrx_word' id='word_1_160' title='bbox 1564 1702 1649 1764; x_wconf 91' lang='lat' dir='ltr'>vides</span> 
     </span>
     <span class='ocr_line' id='line_1_17' title="bbox 293 1791 1651 1873; baseline 0 -21"><span class='ocrx_word' id='word_1_161' title='bbox 293 1792 477 1853; x_wconf 90' lang='lat' dir='ltr'>solummodo</span> <span class='ocrx_word' id='word_1_162' title='bbox 492 1799 634 1870; x_wconf 90' lang='lat' dir='ltr'>punctum</span> <span class='ocrx_word' id='word_1_163' title='bbox 647 1794 747 1864; x_wconf 91' lang='lat' dir='ltr'>esse),</span> <span class='ocrx_word' id='word_1_164' title='bbox 773 1801 806 1854; x_wconf 92' lang='lat' dir='ltr'>ut</span> <span class='ocrx_word' id='word_1_165' title='bbox 829 1792 946 1854; x_wconf 88' lang='lat' dir='ltr'>scilicet</span> <span class='ocrx_word' id='word_1_166' title='bbox 968 1793 1004 1854; x_wconf 92' lang='lat' dir='ltr'>de</span> <span class='ocrx_word' id='word_1_167' title='bbox 1029 1792 1114 1854; x_wconf 91' lang='lat' dir='ltr'>hiatu</span> <span class='ocrx_word' id='word_1_168' title='bbox 1139 1794 1290 1873; x_wconf 87' lang='lat' dir='ltr'>querelam</span> <span class='ocrx_word' id='word_1_169' title='bbox 1315 1792 1500 1854; x_wconf 88' lang='lat' dir='ltr'>institueres.</span> <span class='ocrx_word' id='word_1_170' title='bbox 1531 1791 1651 1871; x_wconf 89' lang='lat' dir='ltr'>Nempe</span> 
     </span>
     <span class='ocr_line' id='line_1_18' title="bbox 294 1879 1653 1962; baseline -0.001 -22"><span class='ocrx_word' id='word_1_171' title='bbox 294 1899 370 1960; x_wconf 89' lang='lat' dir='ltr'>qnae</span> <span class='ocrx_word' id='word_1_172' title='bbox 394 1879 423 1941; x_wconf 89' lang='lat' dir='ltr'>in</span> <span class='ocrx_word' id='word_1_173' title='bbox 448 1879 590 1942; x_wconf 89' lang='lat' dir='ltr'>circulum</span> <span class='ocrx_word' id='word_1_174' title='bbox 610 1880 825 1957; x_wconf 87' lang='lat' dir='ltr'>circumstant,</span> <span class='ocrx_word' id='word_1_175' title='bbox 850 1882 984 1962; x_wconf 86' lang='lat' dir='ltr'>speciem</span> <span class='ocrx_word' id='word_1_176' title='bbox 1007 1880 1149 1943; x_wconf 88' lang='lat' dir='ltr'>etmedio</span> <span class='ocrx_word' id='word_1_177' title='bbox 1173 1881 1335 1943; x_wconf 89' lang='lat' dir='ltr'>conciliant</span> <span class='ocrx_word' id='word_1_178' title='bbox 1359 1879 1552 1942; x_wconf 72' lang='lat' dir='ltr'>elevationis</span> <span class='ocrx_word' id='word_1_179' title='bbox 1593 1881 1653 1940; x_wconf 91' lang='lat' dir='ltr'>Vi-</span> 
     </span>
     <span class='ocr_line' id='line_1_19' title="bbox 293 1968 1651 2049; baseline 0.001 -20"><span class='ocrx_word' id='word_1_180' title='bbox 293 1968 365 2030; x_wconf 89' lang='lat' dir='ltr'>disti</span> <span class='ocrx_word' id='word_1_181' title='bbox 396 1977 428 2030; x_wconf 90' lang='lat' dir='ltr'>tu</span> <span class='ocrx_word' id='word_1_182' title='bbox 451 1979 594 2048; x_wconf 90' lang='lat' dir='ltr'>punctum</span> <span class='ocrx_word' id='word_1_183' title='bbox 617 1971 713 2032; x_wconf 92' lang='lat' dir='ltr'>solum</span> <span class='ocrx_word' id='word_1_184' title='bbox 737 1971 906 2032; x_wconf 86' lang='lat' dir='ltr'>elevatum?</span> <span class='ocrx_word' id='word_1_185' title='bbox 937 1971 995 2032; x_wconf 91' lang='lat' dir='ltr'>imo</span> <span class='ocrx_word' id='word_1_186' title='bbox 1019 1970 1123 2032; x_wconf 89' lang='lat' dir='ltr'>vidisti</span> <span class='ocrx_word' id='word_1_187' title='bbox 1147 1989 1313 2044; x_wconf 90' lang='lat' dir='ltr'>nummum;</span> <span class='ocrx_word' id='word_1_188' title='bbox 1347 1969 1492 2044; x_wconf 89' lang='lat' dir='ltr'>demisso,</span> <span class='ocrx_word' id='word_1_189' title='bbox 1518 1969 1651 2049; x_wconf 90' lang='lat' dir='ltr'>inquam,</span> 
     </span>
     <span class='ocr_line' id='line_1_20' title="bbox 294 2057 1653 2139; baseline 0.003 -22"><span class='ocrx_word' id='word_1_190' title='bbox 294 2057 360 2119; x_wconf 85' lang='lat' dir='ltr'>risu</span> <span class='ocrx_word' id='word_1_191' title='bbox 374 2057 576 2138; x_wconf 84' lang='lat' dir='ltr'>perforamen</span> <span class='ocrx_word' id='word_1_192' title='bbox 600 2059 732 2137; x_wconf 88' lang='lat' dir='ltr'>operculi</span> <span class='ocrx_word' id='word_1_193' title='bbox 756 2059 1058 2139; x_wconf 89' lang='lat' dir='ltr'>perpendiculariter,</span> <span class='ocrx_word' id='word_1_194' title='bbox 1084 2060 1127 2120; x_wconf 89' lang='lat' dir='ltr'>sic</span> <span class='ocrx_word' id='word_1_195' title='bbox 1151 2067 1183 2120; x_wconf 93' lang='lat' dir='ltr'>ut</span> <span class='ocrx_word' id='word_1_196' title='bbox 1207 2059 1244 2120; x_wconf 87' lang='lat' dir='ltr'>de</span> <span class='ocrx_word' id='word_1_197' title='bbox 1268 2059 1359 2120; x_wconf 92' lang='lat' dir='ltr'>fundo</span> <span class='ocrx_word' id='word_1_198' title='bbox 1383 2058 1456 2118; x_wconf 90' lang='lat' dir='ltr'>nihil</span> <span class='ocrx_word' id='word_1_199' title='bbox 1480 2057 1539 2120; x_wconf 90' lang='lat' dir='ltr'>uisi</span> <span class='ocrx_word' id='word_1_200' title='bbox 1566 2079 1653 2120; x_wconf 90' lang='lat' dir='ltr'>nom-</span> 
     </span>
     <span class='ocr_line' id='line_1_21' title="bbox 293 2147 1652 2227; baseline 0 -19"><span class='ocrx_word' id='word_1_201' title='bbox 293 2165 373 2208; x_wconf 92' lang='lat' dir='ltr'>mum</span> <span class='ocrx_word' id='word_1_202' title='bbox 396 2165 545 2209; x_wconf 86' lang='lat' dir='ltr'>cerneres.</span> <span class='ocrx_word' id='word_1_203' title='bbox 592 2147 717 2227; x_wconf 86' lang='lat' dir='ltr'>Alioqui</span> <span class='ocrx_word' id='word_1_204' title='bbox 750 2167 802 2210; x_wconf 92' lang='lat' dir='ltr'>cur</span> <span class='ocrx_word' id='word_1_205' title='bbox 825 2148 878 2210; x_wconf 91' lang='lat' dir='ltr'>illa</span> <span class='ocrx_word' id='word_1_206' title='bbox 902 2158 954 2209; x_wconf 83' lang='lat' dir='ltr'>tua</span> <span class='ocrx_word' id='word_1_207' title='bbox 983 2148 1124 2210; x_wconf 90' lang='lat' dir='ltr'>concbois</span> <span class='ocrx_word' id='word_1_208' title='bbox 1158 2147 1296 2226; x_wconf 90' lang='lat' dir='ltr'>imaginis</span> <span class='ocrx_word' id='word_1_209' title='bbox 1323 2147 1444 2208; x_wconf 90' lang='lat' dir='ltr'>fundum</span> <span class='ocrx_word' id='word_1_210' title='bbox 1468 2155 1591 2227; x_wconf 88' lang='lat' dir='ltr'>peteret</span> <span class='ocrx_word' id='word_1_211' title='bbox 1615 2149 1652 2208; x_wconf 92' lang='lat' dir='ltr'>ad</span> 
     </span>
     <span class='ocr_line' id='line_1_22' title="bbox 292 2234 1653 2318; baseline 0 -22"><span class='ocrx_word' id='word_1_212' title='bbox 292 2236 536 2315; x_wconf 89' lang='lat' dir='ltr'>perpendiculum</span> <span class='ocrx_word' id='word_1_213' title='bbox 572 2237 757 2310; x_wconf 90' lang='lat' dir='ltr'>accedendo,</span> <span class='ocrx_word' id='word_1_214' title='bbox 792 2237 818 2297; x_wconf 91' lang='lat' dir='ltr'>si</span> <span class='ocrx_word' id='word_1_215' title='bbox 854 2238 975 2298; x_wconf 91' lang='lat' dir='ltr'>fundum</span> <span class='ocrx_word' id='word_1_216' title='bbox 1007 2255 1064 2299; x_wconf 91' lang='lat' dir='ltr'>non</span> <span class='ocrx_word' id='word_1_217' title='bbox 1097 2237 1333 2316; x_wconf 85' lang='lat' dir='ltr'>assequeretur?</span> <span class='ocrx_word' id='word_1_218' title='bbox 1379 2234 1527 2306; x_wconf 77' lang='lat' dir='ltr'>Quamvis</span> <span class='ocrx_word' id='word_1_219' title='bbox 1558 2255 1653 2318; x_wconf 90' lang='lat' dir='ltr'>neque</span> 
     </span>
     <span class='ocr_line' id='line_1_23' title="bbox 294 2323 1652 2407; baseline 0 -21"><span class='ocrx_word' id='word_1_220' title='bbox 294 2325 362 2386; x_wconf 88' lang='lat' dir='ltr'>loca</span> <span class='ocrx_word' id='word_1_221' title='bbox 386 2323 547 2403; x_wconf 90' lang='lat' dir='ltr'>imaginum</span> <span class='ocrx_word' id='word_1_222' title='bbox 570 2325 707 2386; x_wconf 90' lang='lat' dir='ltr'>scribunt</span> <span class='ocrx_word' id='word_1_223' title='bbox 730 2325 929 2400; x_wconf 89' lang='lat' dir='ltr'>conchnidea,</span> <span class='ocrx_word' id='word_1_224' title='bbox 956 2326 1009 2387; x_wconf 92' lang='lat' dir='ltr'>sed</span> <span class='ocrx_word' id='word_1_225' title='bbox 1033 2325 1139 2401; x_wconf 92' lang='lat' dir='ltr'>aliam,</span> <span class='ocrx_word' id='word_1_226' title='bbox 1165 2345 1240 2407; x_wconf 91' lang='lat' dir='ltr'>quae</span> <span class='ocrx_word' id='word_1_227' title='bbox 1264 2325 1382 2386; x_wconf 88' lang='lat' dir='ltr'>nonnisi</span> <span class='ocrx_word' id='word_1_228' title='bbox 1406 2325 1462 2386; x_wconf 90' lang='lat' dir='ltr'>sub</span> <span class='ocrx_word' id='word_1_229' title='bbox 1485 2326 1652 2406; x_wconf 84' lang='lat' dir='ltr'>perpendi·</span> 
     </span>
     <span class='ocr_line' id='line_1_24' title="bbox 293 2413 1450 2493; baseline -0.001 -18"><span class='ocrx_word' id='word_1_230' title='bbox 293 2413 359 2475; x_wconf 92' lang='lat' dir='ltr'>culo</span> <span class='ocrx_word' id='word_1_231' title='bbox 383 2413 480 2474; x_wconf 91' lang='lat' dir='ltr'>sinum</span> <span class='ocrx_word' id='word_1_232' title='bbox 503 2432 592 2474; x_wconf 92' lang='lat' dir='ltr'>unum</span> <span class='ocrx_word' id='word_1_233' title='bbox 616 2414 701 2487; x_wconf 91' lang='lat' dir='ltr'>facit,</span> <span class='ocrx_word' id='word_1_234' title='bbox 727 2415 857 2476; x_wconf 88' lang='lat' dir='ltr'>brachiis</span> <span class='ocrx_word' id='word_1_235' title='bbox 882 2433 948 2476; x_wconf 90' lang='lat' dir='ltr'>eum</span> <span class='ocrx_word' id='word_1_236' title='bbox 972 2413 1001 2476; x_wconf 90' lang='lat' dir='ltr'>in</span> <span class='ocrx_word' id='word_1_237' title='bbox 1026 2414 1171 2476; x_wconf 90' lang='lat' dir='ltr'>inlinitum</span> <span class='ocrx_word' id='word_1_238' title='bbox 1194 2414 1450 2493; x_wconf 83' lang='lat' dir='ltr'>expandentibus.</span> 
     </span>
    </p>

    <p class='ocr_par' dir='ltr' id='par_1_3' title="bbox 382 2502 1650 2584">
     <span class='ocr_line' id='line_1_25' title="bbox 382 2502 1650 2584; baseline 0.002 -22"><span class='ocrx_word' id='word_1_239' title='bbox 382 2502 446 2562; x_wconf 93' lang='lat' dir='ltr'>Tua</span> <span class='ocrx_word' id='word_1_240' title='bbox 469 2521 516 2563; x_wconf 92' lang='lat' dir='ltr'>me</span> <span class='ocrx_word' id='word_1_241' title='bbox 539 2502 679 2564; x_wconf 89' lang='lat' dir='ltr'>conehois</span> <span class='ocrx_word' id='word_1_242' title='bbox 704 2522 737 2564; x_wconf 90' lang='lat' dir='ltr'>se</span> <span class='ocrx_word' id='word_1_243' title='bbox 765 2504 831 2582; x_wconf 91' lang='lat' dir='ltr'>ipsa</span> <span class='ocrx_word' id='word_1_244' title='bbox 855 2502 1019 2564; x_wconf 89' lang='lat' dir='ltr'>delectavit</span> <span class='ocrx_word' id='word_1_245' title='bbox 1047 2502 1222 2582; x_wconf 88' lang='lat' dir='ltr'>impensius,</span> <span class='ocrx_word' id='word_1_246' title='bbox 1258 2519 1346 2583; x_wconf 89' lang='lat' dir='ltr'>qnam</span> <span class='ocrx_word' id='word_1_247' title='bbox 1370 2503 1533 2577; x_wconf 91' lang='lat' dir='ltr'>sententia,</span> <span class='ocrx_word' id='word_1_248' title='bbox 1563 2522 1650 2584; x_wconf 90' lang='lat' dir='ltr'>qoam</span> 
     </span>
    </p>
   </div>
   <div class='ocr_carea' id='block_1_3' title="bbox 288 2583 1726 2759">
    <p class='ocr_par' dir='ltr' id='par_1_4' title="bbox 288 2583 1726 2759">
     <span class='ocr_line' id='line_1_26' title="bbox 288 2583 1703 2673; baseline 0.001 -21"><span class='ocrx_word' id='word_1_249' title='bbox 288 2592 377 2672; x_wconf 90' lang='lat' dir='ltr'>jussa</span> <span class='ocrx_word' id='word_1_250' title='bbox 400 2598 448 2652; x_wconf 89' lang='lat' dir='ltr'>est</span> <span class='ocrx_word' id='word_1_251' title='bbox 470 2590 629 2670; x_wconf 82' lang='lat' dir='ltr'>explicare.</span> <span class='ocrx_word' id='word_1_252' title='bbox 679 2591 777 2653; x_wconf 89' lang='lat' dir='ltr'>Video</span> <span class='ocrx_word' id='word_1_253' title='bbox 801 2600 831 2653; x_wconf 92' lang='lat' dir='ltr'>te</span> <span class='ocrx_word' id='word_1_254' title='bbox 855 2593 1034 2654; x_wconf 88' lang='lat' dir='ltr'>instructum</span> <span class='ocrx_word' id='word_1_255' title='bbox 1058 2609 1125 2652; x_wconf 89' lang='lat' dir='ltr'>esse</span> <span class='ocrx_word' id='word_1_256' title='bbox 1149 2591 1294 2671; x_wconf 91' lang='lat' dir='ltr'>peculiari</span> <span class='ocrx_word' id='word_1_257' title='bbox 1309 2592 1520 2667; x_wconf 88' lang='lat' dir='ltr'>instrumento,</span> <span class='ocrx_word' id='word_1_258' title='bbox 1551 2595 1653 2673; x_wconf 88' lang='lat' dir='ltr'>qualia</span> <span class='ocrx_word' id='word_1_259' title='bbox 1701 2583 1703 2592; x_wconf 75' lang='grc'><strong>’</strong></span> 
     </span>
     <span class='ocr_line' id='line_1_27' title="bbox 293 2676 1726 2759; baseline 0.001 -17"><span class='ocrx_word' id='word_1_260' title='bbox 293 2689 325 2742; x_wconf 89' lang='lat' dir='ltr'>et</span> <span class='ocrx_word' id='word_1_261' title='bbox 348 2676 464 2742; x_wconf 84' lang='lat' dir='ltr'>Caesar</span> <span class='ocrx_word' id='word_1_262' title='bbox 493 2679 594 2741; x_wconf 90' lang='lat' dir='ltr'>habet.</span> <span class='ocrx_word' id='word_1_263' title='bbox 639 2680 715 2742; x_wconf 89' lang='lat' dir='ltr'>Mihi</span> <span class='ocrx_word' id='word_1_264' title='bbox 748 2681 859 2742; x_wconf 91' lang='lat' dir='ltr'>nullum</span> <span class='ocrx_word' id='word_1_265' title='bbox 892 2679 1011 2759; x_wconf 91' lang='lat' dir='ltr'>obtigit.</span> <span class='ocrx_word' id='word_1_266' title='bbox 1059 2678 1221 2742; x_wconf 71' lang='lat' dir='ltr'>concludis</span> <span class='ocrx_word' id='word_1_267' title='bbox 1254 2680 1331 2742; x_wconf 90' lang='lat' dir='ltr'>bunc</span> <span class='ocrx_word' id='word_1_268' title='bbox 1355 2681 1452 2743; x_wconf 92' lang='lat' dir='ltr'>locum</span> <span class='ocrx_word' id='word_1_269' title='bbox 1487 2682 1651 2743; x_wconf 89' lang='lat' dir='ltr'>admodum</span> <span class='ocrx_word' id='word_1_270' title='bbox 1725 2703 1726 2733; x_wconf 69' lang='lat'><em>³</em></span> 
     </span>
    </p>
   </div>
   <div class='ocr_carea' id='block_1_4' title="bbox 292 2768 1651 3116">
    <p class='ocr_par' dir='ltr' id='par_1_5' title="bbox 292 2768 1651 3116">
     <span class='ocr_line' id='line_1_28' title="bbox 294 2768 1650 2850; baseline 0.001 -20"><span class='ocrx_word' id='word_1_271' title='bbox 294 2768 438 2832; x_wconf 88' lang='lat' dir='ltr'>absurde:</span> <span class='ocrx_word' id='word_1_272' title='bbox 467 2769 666 2831; x_wconf 89' lang='lat' dir='ltr'>refractiones</span> <span class='ocrx_word' id='word_1_273' title='bbox 694 2769 732 2830; x_wconf 90' lang='lat' dir='ltr'>ab</span> <span class='ocrx_word' id='word_1_274' title='bbox 757 2769 918 2849; x_wconf 87' lang='lat' dir='ltr'>imaginum</span> <span class='ocrx_word' id='word_1_275' title='bbox 941 2769 1071 2830; x_wconf 87' lang='lat' dir='ltr'>transitu</span> <span class='ocrx_word' id='word_1_276' title='bbox 1095 2789 1162 2832; x_wconf 91' lang='lat' dir='ltr'>esse</span> <span class='ocrx_word' id='word_1_277' title='bbox 1187 2768 1389 2843; x_wconf 88' lang='lat' dir='ltr'>definiendas;</span> <span class='ocrx_word' id='word_1_278' title='bbox 1414 2769 1474 2830; x_wconf 91' lang='lat' dir='ltr'>imo</span> <span class='ocrx_word' id='word_1_279' title='bbox 1499 2769 1650 2850; x_wconf 88' lang='lat' dir='ltr'>imagines</span> 
     </span>
     <span class='ocr_line' id='line_1_29' title="bbox 292 2852 1651 2938; baseline 0.001 -19"><span class='ocrx_word' id='word_1_280' title='bbox 292 2858 416 2919; x_wconf 79' lang='lat' dir='ltr'>definias</span> <span class='ocrx_word' id='word_1_281' title='bbox 441 2858 681 2933; x_wconf 75' lang='lat' dir='ltr'>retractionibus,</span> <span class='ocrx_word' id='word_1_282' title='bbox 706 2866 737 2919; x_wconf 93' lang='lat' dir='ltr'>et</span> <span class='ocrx_word' id='word_1_283' title='bbox 751 2878 805 2938; x_wconf 92' lang='lat' dir='ltr'>per</span> <span class='ocrx_word' id='word_1_284' title='bbox 819 2859 875 2920; x_wconf 83' lang='lat' dir='ltr'>lias</span> <span class='ocrx_word' id='word_1_285' title='bbox 900 2858 1104 2919; x_wconf 89' lang='lat' dir='ltr'>contractione</span> <span class='ocrx_word' id='word_1_286' title='bbox 1120 2852 1295 2938; x_wconf 87' lang='lat' dir='ltr'>angulorum</span> <span class='ocrx_word' id='word_1_287' title='bbox 1310 2858 1503 2919; x_wconf 89' lang='lat' dir='ltr'>visoriorum:</span> <span class='ocrx_word' id='word_1_288' title='bbox 1530 2862 1651 2922; x_wconf 89' lang='lat' dir='ltr'>refrae-</span> 
     </span>
     <span class='ocr_line' id='line_1_30' title="bbox 294 2947 1649 3026; baseline 0.001 -18"><span class='ocrx_word' id='word_1_289' title='bbox 294 2947 391 3009; x_wconf 89' lang='lat' dir='ltr'>tiones</span> <span class='ocrx_word' id='word_1_290' title='bbox 416 2966 486 3008; x_wconf 90' lang='lat' dir='ltr'>vero</span> <span class='ocrx_word' id='word_1_291' title='bbox 511 2966 602 3010; x_wconf 88' lang='lat' dir='ltr'>sensu</span> <span class='ocrx_word' id='word_1_292' title='bbox 625 2947 776 3008; x_wconf 87' lang='lat' dir='ltr'>oculorum</span> <span class='ocrx_word' id='word_1_293' title='bbox 800 2957 831 3008; x_wconf 89' lang='lat' dir='ltr'>et</span> <span class='ocrx_word' id='word_1_294' title='bbox 854 2947 963 3008; x_wconf 89' lang='lat' dir='ltr'>notitia</span> <span class='ocrx_word' id='word_1_295' title='bbox 986 2947 1068 3006; x_wconf 92' lang='lat' dir='ltr'>vocis</span> <span class='ocrx_word' id='word_1_296' title='bbox 1098 2947 1225 3015; x_wconf 87' lang='lat' dir='ltr'>usitata,</span> <span class='ocrx_word' id='word_1_297' title='bbox 1257 2954 1323 3019; x_wconf 89' lang='lat' dir='ltr'>aut,</span> <span class='ocrx_word' id='word_1_298' title='bbox 1353 2947 1380 3008; x_wconf 89' lang='lat' dir='ltr'>si</span> <span class='ocrx_word' id='word_1_299' title='bbox 1404 2948 1649 3026; x_wconf 88' lang='lat' dir='ltr'>perpendiculari</span> 
     </span>
     <span class='ocr_line' id='line_1_31' title="bbox 292 3033 1651 3116; baseline 0.001 -18"><span class='ocrx_word' id='word_1_300' title='bbox 292 3053 398 3098; x_wconf 81' lang='lat' dir='ltr'>revera</span> <span class='ocrx_word' id='word_1_301' title='bbox 425 3043 516 3116; x_wconf 87' lang='lat' dir='ltr'>putas</span> <span class='ocrx_word' id='word_1_302' title='bbox 545 3035 659 3115; x_wconf 90' lang='lat' dir='ltr'>aliquid</span> <span class='ocrx_word' id='word_1_303' title='bbox 682 3036 818 3097; x_wconf 91' lang='lat' dir='ltr'>accidere</span> <span class='ocrx_word' id='word_1_304' title='bbox 847 3044 881 3097; x_wconf 92' lang='lat' dir='ltr'>ut</span> <span class='ocrx_word' id='word_1_305' title='bbox 904 3035 1039 3114; x_wconf 90' lang='lat' dir='ltr'>reliquis,</span> <span class='ocrx_word' id='word_1_306' title='bbox 1068 3033 1100 3096; x_wconf 92' lang='lat' dir='ltr'>id</span> <span class='ocrx_word' id='word_1_307' title='bbox 1127 3037 1186 3098; x_wconf 87' lang='lat' dir='ltr'>alio</span> <span class='ocrx_word' id='word_1_308' title='bbox 1218 3035 1352 3114; x_wconf 88' lang='lat' dir='ltr'>appelles</span> <span class='ocrx_word' id='word_1_309' title='bbox 1377 3035 1545 3110; x_wconf 86' lang='lat' dir='ltr'>vocabulo,</span> <span class='ocrx_word' id='word_1_310' title='bbox 1579 3047 1651 3116; x_wconf 84' lang='lat' dir='ltr'>puta</span> 
     </span>
    </p>
   </div>
   <div class='ocr_carea' id='block_1_5' title="bbox 293 3123 1725 3290">
    <p class='ocr_par' dir='ltr' id='par_1_6' title="bbox 293 3123 1725 3290">
     <span class='ocr_line' id='line_1_32' title="bbox 293 3123 1725 3204; baseline 0.005 -22"><span class='ocrx_word' id='word_1_311' title='bbox 293 3123 340 3183; x_wconf 82' lang='lat' dir='ltr'>vel</span> <span class='ocrx_word' id='word_1_312' title='bbox 365 3124 541 3186; x_wconf 89' lang='lat' dir='ltr'>curtationis</span> <span class='ocrx_word' id='word_1_313' title='bbox 566 3125 613 3184; x_wconf 90' lang='lat' dir='ltr'>vel</span> <span class='ocrx_word' id='word_1_314' title='bbox 637 3124 813 3195; x_wconf 89' lang='lat' dir='ltr'>retusionis;</span> <span class='ocrx_word' id='word_1_315' title='bbox 839 3142 1008 3204; x_wconf 87' lang='lat' dir='ltr'>quanquam</span> <span class='ocrx_word' id='word_1_316' title='bbox 1031 3143 1155 3185; x_wconf 89' lang='lat' dir='ltr'>necesse</span> <span class='ocrx_word' id='word_1_317' title='bbox 1179 3143 1237 3186; x_wconf 90' lang='lat' dir='ltr'>non</span> <span class='ocrx_word' id='word_1_318' title='bbox 1268 3133 1324 3186; x_wconf 92' lang='lat' dir='ltr'>est.</span> <span class='ocrx_word' id='word_1_319' title='bbox 1371 3125 1437 3185; x_wconf 87' lang='lat' dir='ltr'>Aut</span> <span class='ocrx_word' id='word_1_320' title='bbox 1461 3124 1545 3186; x_wconf 90' lang='lat' dir='ltr'>enim</span> <span class='ocrx_word' id='word_1_321' title='bbox 1569 3127 1649 3188; x_wconf 82' lang='lat' dir='ltr'>reri·</span> <span class='ocrx_word' id='word_1_322' title='bbox 1724 3163 1725 3196; x_wconf 71' lang='lat'>1</span> 
     </span>
     <span class='ocr_line' id='line_1_33' title="bbox 294 3205 1725 3290; baseline 0.003 -19"><span class='ocrx_word' id='word_1_323' title='bbox 294 3219 342 3272; x_wconf 89' lang='lat' dir='ltr'>tas</span> <span class='ocrx_word' id='word_1_324' title='bbox 367 3220 415 3274; x_wconf 90' lang='lat' dir='ltr'>est</span> <span class='ocrx_word' id='word_1_325' title='bbox 439 3221 492 3273; x_wconf 91' lang='lat' dir='ltr'>aut</span> <span class='ocrx_word' id='word_1_326' title='bbox 516 3212 638 3274; x_wconf 91' lang='lat' dir='ltr'>fallacia</span> <span class='ocrx_word' id='word_1_327' title='bbox 661 3213 789 3275; x_wconf 90' lang='lat' dir='ltr'>elevatio</span> <span class='ocrx_word' id='word_1_328' title='bbox 814 3213 912 3286; x_wconf 90' lang='lat' dir='ltr'>fundi;</span> <span class='ocrx_word' id='word_1_329' title='bbox 942 3211 967 3272; x_wconf 90' lang='lat' dir='ltr'>si</span> <span class='ocrx_word' id='word_1_330' title='bbox 992 3210 1129 3287; x_wconf 87' lang='lat' dir='ltr'>fallacia,</span> <span class='ocrx_word' id='word_1_331' title='bbox 1161 3233 1198 3274; x_wconf 90' lang='lat' dir='ltr'>ea</span> <span class='ocrx_word' id='word_1_332' title='bbox 1227 3221 1307 3274; x_wconf 87' lang='lat' dir='ltr'>certe</span> <span class='ocrx_word' id='word_1_333' title='bbox 1338 3211 1456 3274; x_wconf 90' lang='lat' dir='ltr'>nonnisi</span> <span class='ocrx_word' id='word_1_334' title='bbox 1480 3214 1585 3290; x_wconf 79' lang='lat' dir='ltr'>visua,</span> <span class='ocrx_word' id='word_1_335' title='bbox 1620 3223 1652 3276; x_wconf 93' lang='lat' dir='ltr'>ut</span> <span class='ocrx_word' id='word_1_336' title='bbox 1724 3205 1725 3256; x_wconf 62' lang='lat' dir='ltr'>l</span> 
     </span>
    </p>
   </div>
   <div class='ocr_carea' id='block_1_6' title="bbox 222 3299 1650 3470">
    <p class='ocr_par' dir='ltr' id='par_1_7' title="bbox 222 3299 1650 3470">
     <span class='ocr_line' id='line_1_34' title="bbox 292 3299 1650 3382; baseline 0.002 -21"><span class='ocrx_word' id='word_1_337' title='bbox 292 3300 366 3363; x_wconf 91' lang='lat' dir='ltr'>nibil</span> <span class='ocrx_word' id='word_1_338' title='bbox 389 3301 524 3380; x_wconf 87' lang='lat' dir='ltr'>patiatur</span> <span class='ocrx_word' id='word_1_339' title='bbox 547 3299 643 3362; x_wconf 90' lang='lat' dir='ltr'>simile</span> <span class='ocrx_word' id='word_1_340' title='bbox 667 3302 769 3364; x_wconf 88' lang='lat' dir='ltr'>radios</span> <span class='ocrx_word' id='word_1_341' title='bbox 793 3301 873 3382; x_wconf 88' lang='lat' dir='ltr'>ipse;</span> <span class='ocrx_word' id='word_1_342' title='bbox 907 3301 951 3362; x_wconf 91' lang='lat' dir='ltr'>sin</span> <span class='ocrx_word' id='word_1_343' title='bbox 976 3299 1103 3377; x_wconf 88' lang='lat' dir='ltr'>veritas,</span> <span class='ocrx_word' id='word_1_344' title='bbox 1130 3321 1199 3365; x_wconf 88' lang='lat' dir='ltr'>vere</span> <span class='ocrx_word' id='word_1_345' title='bbox 1223 3317 1295 3378; x_wconf 91' lang='lat' dir='ltr'>ergo</span> <span class='ocrx_word' id='word_1_346' title='bbox 1319 3301 1428 3364; x_wconf 90' lang='lat' dir='ltr'>fundus</span> <span class='ocrx_word' id='word_1_347' title='bbox 1453 3302 1597 3365; x_wconf 88' lang='lat' dir='ltr'>elevatur</span> <span class='ocrx_word' id='word_1_348' title='bbox 1620 3311 1650 3364; x_wconf 92' lang='lat' dir='ltr'>et</span> 
     </span>
     <span class='ocr_line' id='line_1_35' title="bbox 222 3381 1024 3470; baseline -0.001 -20"><span class='ocrx_word' id='word_1_349' title='bbox 222 3381 231 3398; x_wconf 83' lang='lat'><strong><em>‘</em></strong></span> <span class='ocrx_word' id='word_1_350' title='bbox 293 3391 395 3452; x_wconf 91' lang='lat' dir='ltr'>oculus</span> <span class='ocrx_word' id='word_1_351' title='bbox 418 3409 481 3451; x_wconf 92' lang='lat' dir='ltr'>rem</span> <span class='ocrx_word' id='word_1_352' title='bbox 506 3397 539 3450; x_wconf 91' lang='lat' dir='ltr'>nt</span> <span class='ocrx_word' id='word_1_353' title='bbox 562 3399 609 3450; x_wconf 87' lang='lat' dir='ltr'>est</span> <span class='ocrx_word' id='word_1_354' title='bbox 632 3389 725 3463; x_wconf 89' lang='lat' dir='ltr'>videt,</span> <span class='ocrx_word' id='word_1_355' title='bbox 751 3391 829 3470; x_wconf 89' lang='lat' dir='ltr'>qood</span> <span class='ocrx_word' id='word_1_356' title='bbox 853 3389 1024 3452; x_wconf 92' lang='lat' dir='ltr'>absordum.</span> 
     </span>
    </p>
   </div>
   <div class='ocr_carea' id='block_1_7' title="bbox 380 3511 1652 3581">
    <p class='ocr_par' dir='ltr' id='par_1_8' title="bbox 380 3511 1652 3581">
     <span class='ocr_line' id='line_1_36' title="bbox 380 3511 1652 3581; baseline 0.001 -18"><span class='ocrx_word' id='word_1_357' title='bbox 380 3512 605 3579; x_wconf 89' lang='lat' dir='ltr'>Brenggeros:</span> <span class='ocrx_word' id='word_1_358' title='bbox 626 3513 746 3574; x_wconf 80' lang='lat' dir='ltr'>Quaestio</span> <span class='ocrx_word' id='word_1_359' title='bbox 764 3511 969 3566; x_wconf 86' lang='lat' dir='ltr'>mechanica.</span> <span class='ocrx_word' id='word_1_360' title='bbox 988 3527 1031 3561; x_wconf 88' lang='lat' dir='ltr'>cur</span> <span class='ocrx_word' id='word_1_361' title='bbox 1049 3512 1124 3561; x_wconf 86' lang='lat' dir='ltr'>librae</span> <span class='ocrx_word' id='word_1_362' title='bbox 1139 3512 1241 3561; x_wconf 81' lang='lat' dir='ltr'>brachia</span> <span class='ocrx_word' id='word_1_363' title='bbox 1251 3526 1329 3576; x_wconf 87' lang='lat' dir='ltr'>aeque</span> <span class='ocrx_word' id='word_1_364' title='bbox 1348 3514 1435 3578; x_wconf 84' lang='lat' dir='ltr'>gravia</span> <span class='ocrx_word' id='word_1_365' title='bbox 1452 3529 1503 3563; x_wconf 92' lang='lat' dir='ltr'>non</span> <span class='ocrx_word' id='word_1_366' title='bbox 1521 3516 1551 3566; x_wconf 90' lang='lat' dir='ltr'>in</span> <span class='ocrx_word' id='word_1_367' title='bbox 1571 3518 1652 3581; x_wconf 78' lang='lat' dir='ltr'>quovis</span> 
     </span>
    </p>
   </div>
   <div class='ocr_carea' id='block_1_8' title="bbox 202 3579 1648 3650">
    <p class='ocr_par' dir='ltr' id='par_1_9' title="bbox 202 3579 1648 3650">
     <span class='ocr_line' id='line_1_37' title="bbox 202 3579 1648 3650; baseline 0.002 -16"><span class='ocrx_word' id='word_1_368' title='bbox 202 3637 206 3642; x_wconf 73' lang='grc'>,</span> <span class='ocrx_word' id='word_1_369' title='bbox 292 3587 341 3635; x_wconf 83' lang='lat' dir='ltr'>situ</span> <span class='ocrx_word' id='word_1_370' title='bbox 359 3585 505 3648; x_wconf 84' lang='lat' dir='ltr'>persistant,</span> <span class='ocrx_word' id='word_1_371' title='bbox 525 3583 569 3633; x_wconf 87' lang='lat' dir='ltr'>sed</span> <span class='ocrx_word' id='word_1_372' title='bbox 589 3585 621 3634; x_wconf 89' lang='lat' dir='ltr'>ad</span> <span class='ocrx_word' id='word_1_373' title='bbox 639 3584 810 3648; x_wconf 89' lang='lat' dir='ltr'>aequilibrium</span> <span class='ocrx_word' id='word_1_374' title='bbox 828 3583 983 3632; x_wconf 81' lang='lat' dir='ltr'>revolvantur</span> <span class='ocrx_word' id='word_1_375' title='bbox 994 3579 1061 3646; x_wconf 90' lang='lat' dir='ltr'>(oep.</span> <span class='ocrx_word' id='word_1_376' title='bbox 1075 3583 1094 3632; x_wconf 93' lang='lat'>1.</span> <span class='ocrx_word' id='word_1_377' title='bbox 1115 3599 1181 3646; x_wconf 88' lang='lat' dir='ltr'>prop.</span> <span class='ocrx_word' id='word_1_378' title='bbox 1193 3579 1253 3642; x_wconf 79' lang='lat'>²0),</span> <span class='ocrx_word' id='word_1_379' title='bbox 1274 3583 1315 3632; x_wconf 91' lang='lat' dir='ltr'>din</span> <span class='ocrx_word' id='word_1_380' title='bbox 1327 3599 1368 3634; x_wconf 91' lang='lat' dir='ltr'>me</span> <span class='ocrx_word' id='word_1_381' title='bbox 1381 3587 1519 3650; x_wconf 84' lang='lat' dir='ltr'>exagitarit</span> <span class='ocrx_word' id='word_1_382' title='bbox 1534 3587 1648 3638; x_wconf 86' lang='lat' dir='ltr'>nechec-</span> 
     </span>
    </p>
   </div>
   <div class='ocr_carea' id='block_1_9' title="bbox 290 3653 1651 4074">
    <p class='ocr_par' dir='ltr' id='par_1_10' title="bbox 290 3653 1649 3792">
     <span class='ocr_line' id='line_1_38' title="bbox 290 3653 1649 3720; baseline 0.002 -16"><span class='ocrx_word' id='word_1_383' title='bbox 290 3663 364 3706; x_wconf 87' lang='lat' dir='ltr'>tenus</span> <span class='ocrx_word' id='word_1_384' title='bbox 382 3657 473 3712; x_wconf 85' lang='lat' dir='ltr'>inveni,</span> <span class='ocrx_word' id='word_1_385' title='bbox 493 3656 519 3704; x_wconf 92' lang='lat' dir='ltr'>ln</span> <span class='ocrx_word' id='word_1_386' title='bbox 537 3670 585 3720; x_wconf 91' lang='lat' dir='ltr'>qno</span> <span class='ocrx_word' id='word_1_387' title='bbox 604 3657 762 3718; x_wconf 85' lang='lat' dir='ltr'>acquiescere</span> <span class='ocrx_word' id='word_1_388' title='bbox 779 3655 858 3716; x_wconf 86' lang='lat' dir='ltr'>potui,</span> <span class='ocrx_word' id='word_1_389' title='bbox 878 3661 905 3702; x_wconf 90' lang='lat' dir='ltr'>tu</span> <span class='ocrx_word' id='word_1_390' title='bbox 924 3669 980 3704; x_wconf 84' lang='lat' dir='ltr'>vero</span> <span class='ocrx_word' id='word_1_391' title='bbox 998 3659 1051 3702; x_wconf 83' lang='lat' dir='ltr'>tam</span> <span class='ocrx_word' id='word_1_392' title='bbox 1070 3655 1142 3704; x_wconf 85' lang='lat' dir='ltr'>docte</span> <span class='ocrx_word' id='word_1_393' title='bbox 1155 3667 1212 3703; x_wconf 88' lang='lat' dir='ltr'>eam</span> <span class='ocrx_word' id='word_1_394' title='bbox 1224 3653 1326 3710; x_wconf 77' lang='lat' dir='ltr'>solvisti,</span> <span class='ocrx_word' id='word_1_395' title='bbox 1344 3660 1373 3705; x_wconf 85' lang='lat' dir='ltr'>ot</span> <span class='ocrx_word' id='word_1_396' title='bbox 1391 3669 1489 3706; x_wconf 90' lang='lat' dir='ltr'>omnem</span> <span class='ocrx_word' id='word_1_397' title='bbox 1509 3657 1571 3707; x_wconf 90' lang='lat' dir='ltr'>mihi</span> <span class='ocrx_word' id='word_1_398' title='bbox 1584 3673 1649 3709; x_wconf 86' lang='lat' dir='ltr'>seru·</span> 
     </span>
     <span class='ocr_line' id='line_1_39' title="bbox 291 3724 1047 3792; baseline -0.007 -15"><span class='ocrx_word' id='word_1_399' title='bbox 291 3727 375 3792; x_wconf 88' lang='lat' dir='ltr'>pulum</span> <span class='ocrx_word' id='word_1_400' title='bbox 394 3725 529 3784; x_wconf 86' lang='lat' dir='ltr'>ademeris,</span> <span class='ocrx_word' id='word_1_401' title='bbox 548 3741 591 3789; x_wconf 92' lang='lat' dir='ltr'>pro</span> <span class='ocrx_word' id='word_1_402' title='bbox 610 3741 658 3791; x_wconf 91' lang='lat' dir='ltr'>quo</span> <span class='ocrx_word' id='word_1_403' title='bbox 677 3725 796 3776; x_wconf 85' lang='lat' dir='ltr'>beneficio</span> <span class='ocrx_word' id='word_1_404' title='bbox 814 3724 859 3773; x_wconf 88' lang='lat' dir='ltr'>tibi</span> <span class='ocrx_word' id='word_1_405' title='bbox 877 3726 971 3789; x_wconf 81' lang='lat' dir='ltr'>gratiae</span> <span class='ocrx_word' id='word_1_406' title='bbox 991 3738 1047 3788; x_wconf 89' lang='lat' dir='ltr'>ago.</span> 
     </span>
    </p>

    <p class='ocr_par' dir='ltr' id='par_1_11' title="bbox 291 3791 1651 4074">
     <span class='ocr_line' id='line_1_40' title="bbox 382 3791 1650 3864; baseline 0.002 -18"><span class='ocrx_word' id='word_1_407' title='bbox 382 3797 445 3846; x_wconf 91' lang='lat' dir='ltr'>Loci</span> <span class='ocrx_word' id='word_1_408' title='bbox 464 3797 601 3847; x_wconf 86' lang='lat' dir='ltr'>calorem</span> <span class='ocrx_word' id='word_1_409' title='bbox 620 3796 704 3846; x_wconf 85' lang='lat' dir='ltr'>tribuis</span> <span class='ocrx_word' id='word_1_410' title='bbox 724 3794 791 3860; x_wconf 85' lang='lat' dir='ltr'>(cap.</span> <span class='ocrx_word' id='word_1_411' title='bbox 806 3795 826 3844; x_wconf 91' lang='lat'>1.</span> <span class='ocrx_word' id='word_1_412' title='bbox 845 3791 969 3858; x_wconf 68' lang='lat' dir='ltr'>propitii</span> <span class='ocrx_word' id='word_1_413' title='bbox 989 3793 1393 3864; x_wconf 81' lang='lat' dir='ltr'>contrepbilosopboromplecitn.</span> <span class='ocrx_word' id='word_1_414' title='bbox 1423 3797 1476 3861; x_wconf 88' lang='lat' dir='ltr'>Ego</span> <span class='ocrx_word' id='word_1_415' title='bbox 1496 3812 1575 3863; x_wconf 84' lang='lat' dir='ltr'>saepe</span> <span class='ocrx_word' id='word_1_416' title='bbox 1588 3799 1650 3848; x_wconf 88' lang='lat' dir='ltr'>idem</span> 
     </span>
     <span class='ocr_line' id='line_1_41' title="bbox 292 3865 1651 3933; baseline 0 -15"><span class='ocrx_word' id='word_1_417' title='bbox 292 3870 372 3925; x_wconf 82' lang='lat' dir='ltr'>volni,</span> <span class='ocrx_word' id='word_1_418' title='bbox 392 3868 437 3918; x_wconf 88' lang='lat' dir='ltr'>sed</span> <span class='ocrx_word' id='word_1_419' title='bbox 455 3883 505 3917; x_wconf 93' lang='lat' dir='ltr'>non</span> <span class='ocrx_word' id='word_1_420' title='bbox 523 3867 558 3916; x_wconf 86' lang='lat' dir='ltr'>fui</span> <span class='ocrx_word' id='word_1_421' title='bbox 578 3882 651 3917; x_wconf 85' lang='lat' dir='ltr'>ausus</span> <span class='ocrx_word' id='word_1_422' title='bbox 670 3867 785 3931; x_wconf 88' lang='lat' dir='ltr'>profiteri.</span> <span class='ocrx_word' id='word_1_423' title='bbox 824 3865 941 3914; x_wconf 86' lang='lat' dir='ltr'>Testatur</span> <span class='ocrx_word' id='word_1_424' title='bbox 958 3865 1005 3914; x_wconf 84' lang='lat' dir='ltr'>noc</span> <span class='ocrx_word' id='word_1_425' title='bbox 1023 3865 1145 3914; x_wconf 83' lang='lat' dir='ltr'>radiorum</span> <span class='ocrx_word' id='word_1_426' title='bbox 1164 3865 1286 3916; x_wconf 89' lang='lat' dir='ltr'>Solarium</span> <span class='ocrx_word' id='word_1_427' title='bbox 1307 3882 1350 3930; x_wconf 87' lang='lat' dir='ltr'>per</span> <span class='ocrx_word' id='word_1_428' title='bbox 1362 3868 1461 3933; x_wconf 84' lang='lat' dir='ltr'>globum</span> <span class='ocrx_word' id='word_1_429' title='bbox 1480 3869 1651 3932; x_wconf 83' lang='lat' dir='ltr'>crystallinum</span> 
     </span>
     <span class='ocr_line' id='line_1_42' title="bbox 293 3935 1650 4002; baseline 0 -12"><span class='ocrx_word' id='word_1_430' title='bbox 293 3941 492 3990; x_wconf 84' lang='lat' dir='ltr'>transmissorum</span> <span class='ocrx_word' id='word_1_431' title='bbox 511 3945 555 3988; x_wconf 86' lang='lat' dir='ltr'>aut</span> <span class='ocrx_word' id='word_1_432' title='bbox 572 3953 616 4001; x_wconf 87' lang='lat' dir='ltr'>per</span> <span class='ocrx_word' id='word_1_433' title='bbox 633 3937 760 4001; x_wconf 85' lang='lat' dir='ltr'>speculum</span> <span class='ocrx_word' id='word_1_434' title='bbox 778 3937 932 4001; x_wconf 85' lang='lat' dir='ltr'>sphaericum</span> <span class='ocrx_word' id='word_1_435' title='bbox 950 3935 988 3985; x_wconf 80' lang='lat' dir='ltr'>rel</span> <span class='ocrx_word' id='word_1_436' title='bbox 1007 3935 1173 4000; x_wconf 87' lang='lat' dir='ltr'>parabolicum</span> <span class='ocrx_word' id='word_1_437' title='bbox 1202 3938 1358 3987; x_wconf 87' lang='lat' dir='ltr'>collectorum</span> <span class='ocrx_word' id='word_1_438' title='bbox 1377 3939 1510 3997; x_wconf 78' lang='lat' dir='ltr'>retractio.</span> <span class='ocrx_word' id='word_1_439' title='bbox 1540 3943 1564 3989; x_wconf 81' lang='lat' dir='ltr'>vi</span> <span class='ocrx_word' id='word_1_440' title='bbox 1584 3944 1650 4002; x_wconf 75' lang='lat' dir='ltr'>cuius</span> 
     </span>
     <span class='ocr_line' id='line_1_43' title="bbox 291 4007 1651 4074; baseline -0.001 -13"><span class='ocrx_word' id='word_1_441' title='bbox 291 4011 359 4061; x_wconf 85' lang='lat' dir='ltr'>calor</span> <span class='ocrx_word' id='word_1_442' title='bbox 377 4011 450 4060; x_wconf 85' lang='lat' dir='ltr'>simul</span> <span class='ocrx_word' id='word_1_443' title='bbox 469 4009 600 4074; x_wconf 85' lang='lat' dir='ltr'>colligitur,</span> <span class='ocrx_word' id='word_1_444' title='bbox 626 4015 655 4057; x_wconf 88' lang='lat' dir='ltr'>ut</span> <span class='ocrx_word' id='word_1_445' title='bbox 672 4015 762 4058; x_wconf 88' lang='lat' dir='ltr'>anctus</span> <span class='ocrx_word' id='word_1_446' title='bbox 780 4009 864 4072; x_wconf 85' lang='lat' dir='ltr'>ignem</span> <span class='ocrx_word' id='word_1_447' title='bbox 884 4007 1023 4063; x_wconf 85' lang='lat' dir='ltr'>accendat.</span> <span class='ocrx_word' id='word_1_448' title='bbox 1049 4019 1112 4071; x_wconf 87' lang='lat' dir='ltr'>quae</span> <span class='ocrx_word' id='word_1_449' title='bbox 1131 4009 1212 4070; x_wconf 84' lang='lat' dir='ltr'>passio</span> <span class='ocrx_word' id='word_1_450' title='bbox 1230 4009 1293 4058; x_wconf 87' lang='lat' dir='ltr'>locis</span> <span class='ocrx_word' id='word_1_451' title='bbox 1313 4014 1351 4058; x_wconf 85' lang='lat' dir='ltr'>eet</span> <span class='ocrx_word' id='word_1_452' title='bbox 1368 4025 1417 4059; x_wconf 88' lang='lat' dir='ltr'>non</span> <span class='ocrx_word' id='word_1_453' title='bbox 1438 4011 1512 4060; x_wconf 84' lang='lat' dir='ltr'>atris.</span> <span class='ocrx_word' id='word_1_454' title='bbox 1550 4011 1651 4060; x_wconf 86' lang='lat' dir='ltr'>Interim</span> 
     </span>
    </p>
   </div>
   <div class='ocr_carea' id='block_1_10' title="bbox 291 4078 1723 4144">
    <p class='ocr_par' dir='ltr' id='par_1_12' title="bbox 291 4073 1723 4158">
     <span class='ocr_line' id='line_1_44' title="bbox 291 4078 1723 4144; baseline -0.002 -13"><span class='ocrx_word' id='word_1_455' title='bbox 291 4081 390 4132; x_wconf 86' lang='lat' dir='ltr'>difficile</span> <span class='ocrx_word' id='word_1_456' title='bbox 416 4086 466 4137; x_wconf 89' lang='lat' dir='ltr'>est,</span> <span class='ocrx_word' id='word_1_457' title='bbox 494 4079 639 4144; x_wconf 85' lang='lat' dir='ltr'>qualitatem</span> <span class='ocrx_word' id='word_1_458' title='bbox 657 4078 811 4129; x_wconf 81' lang='lat' dir='ltr'>materialem</span> <span class='ocrx_word' id='word_1_459' title='bbox 829 4080 855 4127; x_wconf 90' lang='lat' dir='ltr'>in</span> <span class='ocrx_word' id='word_1_460' title='bbox 873 4080 983 4141; x_wconf 88' lang='lat' dir='ltr'>subjecto</span> <span class='ocrx_word' id='word_1_461' title='bbox 1002 4079 1274 4142; x_wconf 80' lang='lat' dir='ltr'>immaterialiponere.</span> <span class='ocrx_word' id='word_1_462' title='bbox 1312 4079 1410 4130; x_wconf 86' lang='lat' dir='ltr'>Deinde</span> <span class='ocrx_word' id='word_1_463' title='bbox 1429 4082 1450 4129; x_wconf 87' lang='lat' dir='ltr'>si</span> <span class='ocrx_word' id='word_1_464' title='bbox 1469 4081 1533 4131; x_wconf 84' lang='lat' dir='ltr'>radii</span> <span class='ocrx_word' id='word_1_465' title='bbox 1553 4081 1650 4132; x_wconf 86' lang='lat' dir='ltr'>Solares</span> <span class='ocrx_word' id='word_1_466' title='bbox 1722 4121 1723 4140; x_wconf 75' lang='lat'>,</span> 
     </span>
    </p>
   </div>
   <div class='ocr_carea' id='block_1_11' title="bbox 291 4149 1484 4215">
    <p class='ocr_par' dir='ltr' id='par_1_13' title="bbox 291 4149 1484 4215">
     <span class='ocr_line' id='line_1_45' title="bbox 291 4149 1484 4215; baseline -0.002 -13"><span class='ocrx_word' id='word_1_467' title='bbox 291 4159 349 4202; x_wconf 79' lang='lat' dir='ltr'>tunt</span> <span class='ocrx_word' id='word_1_468' title='bbox 368 4151 449 4210; x_wconf 89' lang='lat' dir='ltr'>calidi,</span> <span class='ocrx_word' id='word_1_469' title='bbox 469 4152 510 4215; x_wconf 88' lang='lat' dir='ltr'>qni</span> <span class='ocrx_word' id='word_1_470' title='bbox 528 4149 564 4208; x_wconf 85' lang='lat' dir='ltr'>lit,</span> <span class='ocrx_word' id='word_1_471' title='bbox 584 4150 648 4214; x_wconf 90' lang='lat' dir='ltr'>qood</span> <span class='ocrx_word' id='word_1_472' title='bbox 668 4149 753 4200; x_wconf 89' lang='lat' dir='ltr'>directi</span> <span class='ocrx_word' id='word_1_473' title='bbox 772 4165 821 4199; x_wconf 91' lang='lat' dir='ltr'>non</span> <span class='ocrx_word' id='word_1_474' title='bbox 841 4149 1005 4206; x_wconf 81' lang='lat' dir='ltr'>calefaciunt,</span> <span class='ocrx_word' id='word_1_475' title='bbox 1024 4149 1068 4198; x_wconf 86' lang='lat' dir='ltr'>sed</span> <span class='ocrx_word' id='word_1_476' title='bbox 1085 4155 1184 4199; x_wconf 89' lang='lat' dir='ltr'>tentum</span> <span class='ocrx_word' id='word_1_477' title='bbox 1201 4151 1285 4201; x_wconf 84' lang='lat' dir='ltr'>reflexi</span> <span class='ocrx_word' id='word_1_478' title='bbox 1304 4157 1348 4201; x_wconf 87' lang='lat' dir='ltr'>ant</span> <span class='ocrx_word' id='word_1_479' title='bbox 1365 4151 1484 4202; x_wconf 65' lang='lat' dir='ltr'>reflecti?</span> 
     </span>
    </p>
   </div>
   <div class='ocr_carea' id='block_1_12' title="bbox 292 4271 1650 4534">
    <p class='ocr_par' dir='ltr' id='par_1_14' title="bbox 292 4271 1650 4534">
     <span class='ocr_line' id='line_1_46' title="bbox 380 4271 1650 4355; baseline -0.001 -19"><span class='ocrx_word' id='word_1_480' title='bbox 380 4275 583 4355; x_wconf 87' lang='lat' dir='ltr'>Keplerus:</span> <span class='ocrx_word' id='word_1_481' title='bbox 617 4271 750 4334; x_wconf 90' lang='lat' dir='ltr'>Paucula</span> <span class='ocrx_word' id='word_1_482' title='bbox 782 4273 819 4332; x_wconf 91' lang='lat' dir='ltr'>de</span> <span class='ocrx_word' id='word_1_483' title='bbox 852 4273 952 4335; x_wconf 88' lang='lat' dir='ltr'>calore</span> <span class='ocrx_word' id='word_1_484' title='bbox 983 4273 1103 4346; x_wconf 90' lang='lat' dir='ltr'>scribis,</span> <span class='ocrx_word' id='word_1_485' title='bbox 1137 4273 1269 4336; x_wconf 90' lang='lat' dir='ltr'>medicus</span> <span class='ocrx_word' id='word_1_486' title='bbox 1302 4275 1503 4354; x_wconf 81' lang='lat' dir='ltr'>professione.</span> <span class='ocrx_word' id='word_1_487' title='bbox 1559 4275 1650 4338; x_wconf 88' lang='lat' dir='ltr'>Calor</span> 
     </span>
     <span class='ocr_line' id='line_1_47' title="bbox 293 4361 1649 4442; baseline -0.001 -17"><span class='ocrx_word' id='word_1_488' title='bbox 293 4365 389 4425; x_wconf 90' lang='lat' dir='ltr'>omnis</span> <span class='ocrx_word' id='word_1_489' title='bbox 419 4362 491 4436; x_wconf 90' lang='lat' dir='ltr'>(nisi</span> <span class='ocrx_word' id='word_1_490' title='bbox 524 4361 773 4435; x_wconf 90' lang='lat' dir='ltr'>communicatus,</span> <span class='ocrx_word' id='word_1_491' title='bbox 807 4363 936 4436; x_wconf 89' lang='lat' dir='ltr'>alienus,</span> <span class='ocrx_word' id='word_1_492' title='bbox 969 4361 1169 4434; x_wconf 82' lang='lat' dir='ltr'>adventitius)</span> <span class='ocrx_word' id='word_1_493' title='bbox 1193 4369 1242 4422; x_wconf 92' lang='lat' dir='ltr'>est</span> <span class='ocrx_word' id='word_1_494' title='bbox 1271 4364 1403 4442; x_wconf 90' lang='lat' dir='ltr'>qualitas</span> <span class='ocrx_word' id='word_1_495' title='bbox 1432 4366 1580 4427; x_wconf 88' lang='lat' dir='ltr'>eoelestis</span> <span class='ocrx_word' id='word_1_496' title='bbox 1609 4364 1649 4426; x_wconf 87' lang='lat' dir='ltr'>rei</span> 
     </span>
     <span class='ocr_line' id='line_1_48' title="bbox 292 4449 1650 4534; baseline 0 -20"><span class='ocrx_word' id='word_1_497' title='bbox 292 4451 523 4526; x_wconf 82' lang='lat' dir='ltr'>immateriales,</span> <span class='ocrx_word' id='word_1_498' title='bbox 549 4449 633 4528; x_wconf 87' lang='lat' dir='ltr'>cujus</span> <span class='ocrx_word' id='word_1_499' title='bbox 651 4449 782 4528; x_wconf 85' lang='lat' dir='ltr'>privatio</span> <span class='ocrx_word' id='word_1_500' title='bbox 807 4449 887 4511; x_wconf 90' lang='lat' dir='ltr'>inest</span> <span class='ocrx_word' id='word_1_501' title='bbox 909 4449 1055 4512; x_wconf 88' lang='lat' dir='ltr'>materiae</span> <span class='ocrx_word' id='word_1_502' title='bbox 1080 4449 1158 4510; x_wconf 92' lang='lat' dir='ltr'>omni</span> <span class='ocrx_word' id='word_1_503' title='bbox 1184 4457 1215 4510; x_wconf 90' lang='lat' dir='ltr'>et</span> <span class='ocrx_word' id='word_1_504' title='bbox 1238 4451 1311 4523; x_wconf 78' lang='lat' dir='ltr'>adri,</span> <span class='ocrx_word' id='word_1_505' title='bbox 1335 4460 1369 4513; x_wconf 87' lang='lat' dir='ltr'>ut</span> <span class='ocrx_word' id='word_1_506' title='bbox 1392 4452 1482 4514; x_wconf 91' lang='lat' dir='ltr'>hodie</span> <span class='ocrx_word' id='word_1_507' title='bbox 1505 4453 1650 4534; x_wconf 90' lang='lat' dir='ltr'>probatur</span> 
     </span>
    </p>
   </div>
   <div class='ocr_carea' id='block_1_13' title="bbox 293 4537 1722 4706">
    <p class='ocr_par' dir='ltr' id='par_1_15' title="bbox 293 4537 1722 4706">
     <span class='ocr_line' id='line_1_49' title="bbox 293 4537 1722 4618; baseline -0.003 -18"><span class='ocrx_word' id='word_1_508' title='bbox 293 4539 566 4618; x_wconf 89' lang='lat' dir='ltr'>praestantissimis</span> <span class='ocrx_word' id='word_1_509' title='bbox 590 4537 834 4617; x_wconf 90' lang='lat' dir='ltr'>philosophorum</span> <span class='ocrx_word' id='word_1_510' title='bbox 868 4546 899 4600; x_wconf 91' lang='lat' dir='ltr'>et</span> <span class='ocrx_word' id='word_1_511' title='bbox 921 4539 1001 4600; x_wconf 91' lang='lat' dir='ltr'>inter</span> <span class='ocrx_word' id='word_1_512' title='bbox 1024 4545 1140 4599; x_wconf 87' lang='lat' dir='ltr'>ceteros</span> <span class='ocrx_word' id='word_1_513' title='bbox 1163 4539 1325 4602; x_wconf 84' lang='lat' dir='ltr'>Francisco</span> <span class='ocrx_word' id='word_1_514' title='bbox 1350 4539 1495 4604; x_wconf 81' lang='lat' dir='ltr'>(lostae</span> <span class='ocrx_word' id='word_1_515' title='bbox 1522 4543 1590 4616; x_wconf 92' lang='lat' dir='ltr'>(lib.</span> <span class='ocrx_word' id='word_1_516' title='bbox 1615 4542 1649 4602; x_wconf 90' lang='lat' dir='ltr'>de</span> <span class='ocrx_word' id='word_1_517' title='bbox 1721 4593 1722 4596; x_wconf 74' lang='grc'>,</span> 
     </span>
     <span class='ocr_line' id='line_1_50' title="bbox 294 4621 1722 4706; baseline 0.002 -20"><span class='ocrx_word' id='word_1_518' title='bbox 294 4635 404 4686; x_wconf 89' lang='lat' dir='ltr'>natura</span> <span class='ocrx_word' id='word_1_519' title='bbox 426 4627 495 4686; x_wconf 91' lang='lat' dir='ltr'>novi</span> <span class='ocrx_word' id='word_1_520' title='bbox 519 4625 615 4701; x_wconf 92' lang='lat' dir='ltr'>orbis)</span> <span class='ocrx_word' id='word_1_521' title='bbox 629 4621 665 4700; x_wconf 76' lang='lat'>⁶).</span> <span class='ocrx_word' id='word_1_522' title='bbox 714 4623 829 4688; x_wconf 83' lang='lat' dir='ltr'>Contra</span> <span class='ocrx_word' id='word_1_523' title='bbox 848 4626 1010 4688; x_wconf 89' lang='lat' dir='ltr'>humiditas</span> <span class='ocrx_word' id='word_1_524' title='bbox 1027 4626 1161 4706; x_wconf 88' lang='lat' dir='ltr'>sequitur</span> <span class='ocrx_word' id='word_1_525' title='bbox 1180 4628 1337 4690; x_wconf 87' lang='lat' dir='ltr'>materiam</span> <span class='ocrx_word' id='word_1_526' title='bbox 1353 4629 1524 4694; x_wconf 88' lang='lat' dir='ltr'>individuus</span> <span class='ocrx_word' id='word_1_527' title='bbox 1540 4649 1648 4700; x_wconf 86' lang='lat' dir='ltr'>comes,</span> <span class='ocrx_word' id='word_1_528' title='bbox 1721 4631 1722 4652; x_wconf 67' lang='lat'>¹</span> 
     </span>
    </p>
   </div>
   <div class='ocr_carea' id='block_1_14' title="bbox 294 4713 1650 4888">
    <p class='ocr_par' dir='ltr' id='par_1_16' title="bbox 294 4713 1650 4888">
     <span class='ocr_line' id='line_1_51' title="bbox 294 4713 1648 4800; baseline 0.003 -26"><span class='ocrx_word' id='word_1_529' title='bbox 294 4713 382 4791; x_wconf 80' lang='lat' dir='ltr'>cujus</span> <span class='ocrx_word' id='word_1_530' title='bbox 404 4719 452 4772; x_wconf 90' lang='lat' dir='ltr'>est</span> <span class='ocrx_word' id='word_1_531' title='bbox 476 4713 598 4775; x_wconf 87' lang='lat' dir='ltr'>siccitas</span> <span class='ocrx_word' id='word_1_532' title='bbox 622 4714 743 4793; x_wconf 89' lang='lat' dir='ltr'>negatio</span> <span class='ocrx_word' id='word_1_533' title='bbox 767 4715 867 4789; x_wconf 88' lang='lat' dir='ltr'>iniis,</span> <span class='ocrx_word' id='word_1_534' title='bbox 893 4735 968 4795; x_wconf 90' lang='lat' dir='ltr'>quae</span> <span class='ocrx_word' id='word_1_535' title='bbox 983 4714 1111 4776; x_wconf 89' lang='lat' dir='ltr'>materia</span> <span class='ocrx_word' id='word_1_536' title='bbox 1125 4725 1240 4777; x_wconf 89' lang='lat' dir='ltr'>carent.</span> <span class='ocrx_word' id='word_1_537' title='bbox 1287 4715 1357 4778; x_wconf 85' lang='lat' dir='ltr'>Scio</span> <span class='ocrx_word' id='word_1_538' title='bbox 1383 4737 1458 4797; x_wconf 87' lang='lat' dir='ltr'>quae</span> <span class='ocrx_word' id='word_1_539' title='bbox 1483 4721 1520 4780; x_wconf 91' lang='lat' dir='ltr'>de</span> <span class='ocrx_word' id='word_1_540' title='bbox 1540 4726 1648 4800; x_wconf 86' lang='lat' dir='ltr'>poten-</span> 
     </span>
     <span class='ocr_line' id='line_1_52' title="bbox 294 4798 1650 4888; baseline 0.001 -26"><span class='ocrx_word' id='word_1_541' title='bbox 294 4799 362 4862; x_wconf 90' lang='lat' dir='ltr'>tiali</span> <span class='ocrx_word' id='word_1_542' title='bbox 387 4798 486 4862; x_wconf 90' lang='lat' dir='ltr'>calore</span> <span class='ocrx_word' id='word_1_543' title='bbox 511 4807 542 4861; x_wconf 87' lang='lat' dir='ltr'>et</span> <span class='ocrx_word' id='word_1_544' title='bbox 564 4800 685 4862; x_wconf 88' lang='lat' dir='ltr'>humore</span> <span class='ocrx_word' id='word_1_545' title='bbox 708 4803 808 4882; x_wconf 88' lang='lat' dir='ltr'>possis</span> <span class='ocrx_word' id='word_1_546' title='bbox 832 4803 970 4883; x_wconf 86' lang='lat' dir='ltr'>objicere.</span> <span class='ocrx_word' id='word_1_547' title='bbox 1018 4801 1081 4864; x_wconf 90' lang='lat' dir='ltr'>Sed</span> <span class='ocrx_word' id='word_1_548' title='bbox 1112 4811 1291 4882; x_wconf 88' lang='lat' dir='ltr'>praestate</span> <span class='ocrx_word' id='word_1_549' title='bbox 1315 4805 1363 4870; x_wconf 91' lang='lat' dir='ltr'>bic</span> <span class='ocrx_word' id='word_1_550' title='bbox 1386 4806 1598 4888; x_wconf 87' lang='lat' dir='ltr'>philosophum</span> <span class='ocrx_word' id='word_1_551' title='bbox 1620 4813 1650 4866; x_wconf 90' lang='lat' dir='ltr'>et</span> 
     </span>
    </p>
   </div>
   <div class='ocr_carea' id='block_1_15' title="bbox 0 0 1736 5524">
    <p class='ocr_par' dir='ltr' id='par_1_17' title="bbox 0 0 1736 5524">
     <span class='ocr_line' id='line_1_53' title="bbox 0 0 1736 5524; baseline 0 0"><span class='ocrx_word' id='word_1_552' title='bbox 0 0 1736 5524; x_wconf 95' lang='lat' dir='ltr'> </span> 
     </span>
    </p>
   </div>
  </div>
 </body>
</html>
