3676 5540
320 251 386 322 628
797 253 838 307 Ds
856 251 935 306 sana
951 251 1024 306 Nora
1042 249 1195 319 serpentuli

317 434 404 516 ipsae
428 431 558 514 quadrae
583 447 674 511 snpra
695 435 874 512 usurpatae,
908 427 1079 492 dividentes
1113 429 1226 512 aliquid
1261 431 1382 494 brevius
1409 433 1529 514 integro
1556 430 1683 496 zodiaco

318 522 350 585 in
373 529 477 602 partes
502 517 552 583 12.
601 519 680 582 Illud
703 525 804 580 autem
828 523 933 580 contra
955 535 1059 580 omnes
1082 527 1146 582 tres
1167 539 1276 583 causas
1297 520 1355 582 dici
1369 529 1492 602 potest:
1518 521 1598 603 quod
1620 521 1683 583 etsi

320 610 548 674 concederemus
571 607 708 688 praecise
732 606 838 669 eodem
861 623 1015 668 recurrere
1038 627 1143 674 omncs
1165 608 1337 672 lunationes
1361 617 1469 672 exacto
1493 629 1581 686 anno,
1606 609 1683 672 item

320 696 574 762 omnia-solstitia
597 713 759 774 omnesque
784 700 939 774 aspectus,
964 694 1137 759 incredibile
1161 705 1263 760 tamen
1296 697 1354 773 sit,
1384 697 1423 761 ab
1456 717 1506 774 eo,
1537 698 1616 778 qood
1647 699 1684 760 lit

320 787 375 850 snb
397 785 530 859 zodiaco,
554 784 615 846 viro
638 783 753 846 infundi
777 783 835 862 ipsi
849 783 916 844 loco
930 782 1057 848 zodiaci.
1103 784 1154 849 Sit
1171 782 1233 851 19ο
1247 784 1407 865 Sagittarii
1426 785 1535 862 siccus,
1560 787 1681 868 quando

320 871 501 937 novilunium
525 878 574 935 est
596 870 652 934 snb
673 889 730 946 ec;
753 866 799 933 4υ
822 868 999 953 Capricorni
1022 872 1169 950 humidus,
1195 875 1314 956 qnando
1329 875 1417 937 Luna
1438 875 1530 956 plena
1552 875 1607 936 sub
1632 893 1680 936 eo.

319 961 369 1026 Sit
391 959 593 1041 Capricornus
622 959 777 1033 hiemalis,
810 958 927 1040 qnando
956 957 1058 1023 Solem
1086 962 1194 1038 habet;
1226 960 1345 1026 Cancer
1372 981 1445 1028 vero
1476 963 1611 1026 aestivus
1643 982 1682 1024 ex

321 1049 457 1130 ejusdem
480 1049 588 1112 sideris
611 1047 803 1128 praesentia3
826 1048 957 1112 concedo
982 1049 1110 1132 amplius
1133 1050 1261 1132 aliquid:
1286 1049 1328 1112 sit
1346 1049 1467 1114 Cancer
1491 1051 1583 1114 etiarn
1605 1069 1681 1131 pro·

320 1139 433 1213 lificus,
467 1139 587 1218 quaudo
609 1137 717 1200 Jovem
748 1135 842 1200 habet
870 1135 1037 1216 hospitem,
1069 1140 1166 1220 magis
1198 1157 1287 1220 quam
1311 1137 1513 1220 Capricornus
1545 1140 1682 1221 ejusdem

297 1223 406 1290 novis
429 1225 590 1301 beneficio,
623 1234 657 1289 ut
678 1243 739 1288 non
762 1232 881 1288 tantum
904 1224 973 1304 ipsa
996 1226 1096 1289 sidera
1119 1247 1157 1290 ex
1179 1229 1242 1289 alto
1267 1227 1373 1291 lortius
1397 1229 1508 1292 feriant
1531 1246 1619 1309 quarn
1643 1247 1682 1290 ex

322 1314 445 1389 declivi,
474 1315 530 1378 sed
552 1315 621 1394 ipsa
643 1314 735 1378 etiam
758 1321 868 1376 natura
894 1313 1067 1377 sublunaris
1094 1316 1289 1379 veneratione
1316 1317 1446 1396 quadam
1474 1318 1504 1378 in
1529 1315 1681 1380 Cancrum

282 1481 287 1494 ⁸
322 1401 475 1468 subvectis
493 1421 561 1466 sese
576 1401 811 1466 hacmbiliorem
830 1399 973 1464 exhibeat
986 1403 1141 1484 magisque
1160 1404 1328 1466 obnoxiam.
1368 1405 1505 1486 Denique
1518 1405 1560 1467 sit
1573 1405 1682 1468 efficax

323 1493 431 1572 copula
453 1486 497 1554 0⁰
519 1491 637 1554 Arietis
661 1499 693 1553 et
714 1487 754 1554 0⁰
777 1487 903 1564 Cancri,
929 1492 1046 1571 qnando
1071 1492 1131 1556 illic
1154 1491 1303 1574 Saturnus
1327 1501 1383 1568 est,
1408 1493 1457 1555 hic
1480 1491 1553 1555 Sol:
1577 1493 1683 1555 athis

323 1579 501 1644 abeuntibus
532 1599 570 1642 ex
599 1579 659 1644 illis
689 1578 763 1641 locis
791 1577 862 1659 quid
894 1587 1030 1642 remanet
1061 1582 1199 1660 partibus
1229 1581 1344 1642 zodiaci
1367 1582 1405 1644 de
1429 1582 1476 1643 his
1499 1579 1680 1660 hospitibus,

324 1687 381 1750 quo
405 1667 584 1732 naturaliter
607 1688 627 1730 a
649 1687 682 1730 se
706 1667 834 1730 invicem
857 1665 993 1730 distincti
1015 1668 1234 1751 intelligantur,
1258 1687 1311 1731 seu
1334 1669 1470 1732 terminis
1484 1688 1537 1732 seu
1551 1669 1683 1750 partium

327 1757 407 1820 inter
439 1757 584 1820 terminos
616 1752 846 1836 interjectarum
877 1757 1096 1835 qualitatibus?
1150 1757 1216 1821 Aut
1247 1758 1274 1819 si
1306 1759 1376 1838 quid
1408 1763 1527 1832 manet,
1552 1777 1591 1819 an
1623 1775 1683 1819 non

324 1845 463 1908 aboletur
492 1843 672 1909 succedente
696 1844 756 1906 alio
780 1844 949 1906 contrariae
973 1845 1153 1926 qualitatis?
1197 1847 1277 1908 Nam
1309 1846 1439 1908 retinere
1472 1846 1590 1926 quidem
1622 1845 1683 1907 ali-

324 1934 517 2015 quantisper,
550 1931 635 1995 verhi
667 1931 768 2013 gratia
799 1939 938 1994 octavam
961 1941 1078 2013 partem
1101 1931 1279 2015 Sagittarii,
1308 1933 1368 1996 vim
1392 1935 1523 2014 aliquam
1547 1953 1585 1996 ex
1608 1951 1683 1995 coo-

323 2039 433 2103 gressu
456 2021 543 2084 Jovis
568 2027 600 2084 et
622 2019 756 2093 Saturni,
782 2019 884 2100 quiin
908 2019 1249 2102 engraduann01603
1273 2021 1372 2084 iactus
1396 2031 1453 2098 est,
1483 2041 1541 2084 non
1566 2040 1683 2100 negan-

324 2112 394 2174 dum
429 2118 478 2172 est
508 2109 645 2190 penitus,
678 2108 888 2189 explicandum
919 2129 991 2172 vero
1021 2130 1059 2173 ex
1092 2109 1319 2174 abstrusissima
1350 2111 1468 2173 ratione
1499 2111 1682 2186 harmonica,

325 2206 426 2262 mente
450 2219 470 2260 a
491 2199 577 2260 coelo
601 2197 732 2261 deducta
754 2205 786 2260 et
807 2195 839 2260 in
861 2197 973 2260 Temas
997 2199 1136 2276 inducta;
1159 2220 1218 2281 qua
1242 2199 1357 2262 ratione
1380 2199 1438 2281 ipsi
1461 2199 1548 2279 signo
1572 2199 1680 2278 Sagit-

324 2287 395 2352 tarii
418 2286 568 2350 naturalis
592 2287 723 2366 qualitas
746 2285 836 2366 plane
859 2287 942 2350 nulla
959 2287 1157 2368 relinquitur:
1182 2296 1273 2369 atque
1293 2288 1350 2351 hoc
1372 2288 1471 2369 ipsum
1493 2289 1585 2350 etiam
1600 2295 1683 2350 tem·

319 2395 394 2458 pore
417 2393 534 2440 rursum
557 2375 722 2438 evanescit.

322 2507 330 2520 ·
412 2465 531 2528 Puncta
553 2461 635 2526 Solis
659 2461 824 2525 cardinalia
845 2481 900 2542 pro
923 2463 1111 2528 naturalibus
1134 2463 1270 2527 terminis
1292 2481 1439 2544 agnosca
1463 2462 1526 2524 vim
1548 2461 1630 2525 Solis
1652 2461 1682 2522 in

323 2552 362 2616 iis
385 2552 537 2615 versantis
560 2550 660 2614 exseri
683 2553 795 2627 fateor:
820 2552 875 2614 sed
896 2550 985 2632 longe
1009 2551 1071 2614 alia
1093 2551 1219 2628 ratione,
1249 2569 1339 2635 quam
1362 2570 1439 2632 quae
1463 2551 1502 2613 ad
1525 2569 1587 2614 rem
1610 2569 1678 2632 per-

321 2641 430 2705 tineat.
477 2639 637 2721 Astrologi
666 2641 745 2703 euim
774 2641 804 2702 in
836 2639 983 2722 principio
1007 2639 1185 2720 Capricorni
1211 2651 1317 2721 partes
1347 2639 1463 2702 zodiaci
1486 2639 1602 2702 calidas
1626 2639 1680 2700 iri-

325 2730 404 2814 gidis
432 2730 596 2812 permutari
624 2728 724 2792 subito
757 2736 790 2792 at
816 2729 846 2792 io
875 2729 941 2818 ipso
969 2738 1080 2811 puncto
1113 2729 1268 2793 divisionis
1298 2727 1490 2792 existimant:
1524 2727 1578 2791 Sol
1611 2745 1680 2788 vero

325 2818 455 2884 calorem
478 2819 642 2893 aestivum,
666 2818 863 2900 quantumin
887 2836 954 2880 sese
978 2820 1063 2892 (nam
1087 2819 1158 2900 quid
1181 2819 1331 2880 elementa
1354 2817 1402 2880 hic
1425 2818 1596 2890 conferant,
1624 2833 1680 2876 non

325 2916 374 2972 est
397 2907 550 2990 quaestio)
574 2907 632 2970 huc
651 2927 744 2988 usque
769 2907 928 2982 deminuit,
954 2917 986 2969 et
1009 2909 1047 2969 ab
1070 2906 1127 2970 hoc
1151 2907 1273 2987 lastigie
1298 2925 1411 2970 rursum
1435 2923 1547 2985 augere
1567 2902 1679 2982 incipit,

323 2997 426 3079 itaque
451 2996 480 3060 in
503 2997 570 3078 ipso
592 3005 703 3077 puncto
733 2995 933 3058 lentissimum
959 3003 1109 3078 praestat.
1156 2999 1205 3058 lta
1233 2996 1311 3077 qnod
1339 3002 1387 3057 est
1413 3000 1541 3057 naturae
1568 3001 1680 3055 metro·

325 3087 418 3166 polis,
443 3085 607 3164 astrologis
629 3085 705 3148 finnt
727 3085 840 3148 limites
862 3084 987 3147 duarum
1010 3084 1161 3147 hostilium
1185 3085 1350 3165 regiomm.

415 3174 475 3236 Illa
497 3173 589 3236 ctiam
613 3175 651 3237 de
674 3173 830 3257 principio,
855 3173 954 3236 medio
977 3181 1009 3236 et
1032 3175 1088 3235 line
1113 3173 1336 3253 argumentatio
1359 3190 1419 3234 nnn
1442 3178 1513 3251 apte
1529 3169 1570 3231 sd
1590 3175 1680 3230 natu-

313 3262 408 3328 nates
431 3261 561 3342 partium
585 3261 749 3342 qualitates
774 3263 966 3324 transfertur.
1015 3259 1120 3326 Omnis
1144 3281 1193 3325 res
1217 3268 1343 3342 quanta,
1369 3260 1464 3322 omnis
1488 3277 1577 3322 arcus
1598 3255 1681 3336 prin-

327 3351 437 3430 cipium
461 3357 493 3412 et
514 3350 603 3412 finem
626 3350 735 3414 habet:
770 3351 823 3414 sed
847 3351 868 3413 ii
891 3351 1010 3414 termini
1042 3358 1156 3431 puncta
1184 3359 1270 3424 sunt,
1303 3356 1407 3430 partes
1438 3345 1481 3410 rei
1513 3365 1572 3409 uon
1603 3353 1681 3408 sunt

328 3437 499 3502 Secundum
523 3439 679 3501 naturales
703 3439 868 3520 qualitates
891 3459 977 3512 vero,
1007 3458 1083 3520 quae
1114 3440 1313 3501 dimensiones
1337 3445 1370 3500 et
1398 3437 1485 3518 ipsae
1509 3434 1683 3514 suscipiunt,

329 3527 448 3590 omnino
472 3526 591 3608 quidem
614 3535 717 3608 partes
741 3529 919 3610 apartibus
944 3529 1092 3603 differunt,
1118 3535 1270 3590 extremae
1294 3527 1440 3600 amedi03
1465 3533 1571 3587 atnon
1586 3521 1682 3585 hosti-

327 3617 398 3680 lium
422 3617 603 3697 qualitatum
627 3617 747 3691 formis,
780 3617 835 3680 sed
859 3617 992 3698 ejusdem
1024 3616 1182 3698 qualitatis
1205 3616 1358 3696 gradibus.
1404 3615 1471 3677 Hoc
1493 3621 1585 3694 pacto
1609 3629 1682 3692 qua-

326 3707 465 3768 drantem
489 3705 648 3775 aestivum,
672 3705 698 3768 si
722 3703 934 3782 alb⁰Tauri,
959 3705 1161 3768 autumnalem
1186 3701 1410 3768 a15⁰Leonis
1433 3711 1464 3765 et
1487 3696 1532 3764 sio
1555 3700 1683 3780 reliquos

323 3794 508 3873 inciperent,
541 3793 656 3856 meliori
693 3793 811 3874 quidem
839 3795 908 3872 jure
942 3796 979 3858 de
1012 3794 1108 3858 tribus
1146 3791 1322 3876 quadrantis
1356 3791 1507 3876 partibus,
1544 3787 1683 3852 extremis

324 3882 468 3957 remisso,
500 3882 601 3944 media
632 3882 753 3947 intenso
784 3882 900 3960 calore,
933 3883 1233 3965 philosopharentur,
1262 3881 1315 3944 sed
1348 3890 1448 3944 tamen
1481 3877 1682 3960 superioribus

325 3971 422 4034 adhuc
446 3971 632 4051 argumentis
655 3979 837 4034 tenerentur.
1609 4027 1611 4032 ,

414 4061 523 4141 Itaque
556 4067 590 4121 ut
622 4059 812 4138 concludam,
847 4079 957 4124 causae
986 4062 1043 4124 has
1068 4058 1243 4122 occasiones
1267 4055 1535 4121 subministrarunt
1557 4055 1682 4118 humano

323 4146 447 4209 arbitrio
480 4147 519 4210 ad
548 4146 704 4210 divisionis
734 4148 812 4212 hanc
841 4151 968 4213 formam
996 4148 1251 4230 amplectendam,
1283 4165 1321 4208 ex
1353 4151 1463 4207 natura
1493 4145 1539 4207 rei
1571 4141 1681 4205 divisae

326 4235 483 4299 desumtae
506 4253 564 4297 oon
589 4242 673 4312 suot,
698 4255 794 4318 neque
818 4239 986 4301 naturalem
1010 4237 1187 4300 divisionem
1211 4235 1395 4316 exprimunt,
1427 4234 1482 4296 sed
1505 4251 1588 4296 mere
1609 4249 1681 4312 gen-

325 4323 482 4386 metricam
505 4341 559 4386 seu
582 4324 816 4389 arithmeticam.
862 4326 911 4389 Ite
935 4325 1094 4408 astrologi,
1119 4325 1254 4409 quaerite
1279 4323 1366 4386 alias.

911 4605 1100 4620 ψ
