3674 5538
293 276 356 346 112
467 295 471 300 '
705 274 806 333 Literas
824 277 927 345 chlari
946 273 1098 345 altorumque
1116 283 1219 330 mutuae

291 479 349 522 nou
373 467 438 520 tam
461 477 498 519 ex
522 457 597 520 meis
621 455 882 518 observationibus
905 455 983 517 raris
1007 463 1039 518 et
1061 455 1287 532 crassiusculis,
1315 475 1374 518 nou
1402 453 1493 516 etiam
1523 470 1561 515 ex
1583 449 1645 513 tuis

292 547 493 612 exactissimis
515 546 602 626 (quia
624 545 800 626 quandoque
824 543 917 606 etiarn
940 545 1035 606 bonus
1059 545 1205 606 dormitat
1226 505 1407 620 Homerus),
1435 561 1493 604 non
1518 540 1645 620 denique

293 657 331 700 ex
352 644 543 736 posterorum
557 635 621 714 (qui
637 651 725 714 quam
745 630 844 694 idonei
868 632 959 694 futuri
979 633 1041 696 sint
1062 633 1294 709 incertumst),
1318 651 1406 716 quam
1428 652 1465 695 ex
1478 629 1646 692 Braheanis
1697 635 1706 646 '

246 769 248 782 .
293 734 364 788 aute
388 723 609 788 restitutionem
641 721 749 784 calculi
772 739 825 802 per
848 716 891 783 20
915 741 1009 784 annos
1043 724 1177 803 exceptis
1219 722 1375 785 aestimari
1408 721 1514 794 veIIm,
1552 737 1645 798 eoque

292 814 509 894 Ephemerides
532 811 661 872 meditor
685 811 723 872 ad
747 829 841 871 annos
861 806 905 873 30
928 819 1063 884 exactos,
1086 812 1216 873 meditor
1235 820 1266 873 et
1285 811 1431 874 caleulum
1455 807 1645 872 observatio-

294 923 363 966 num
377 903 602 964 Braheanamm
626 899 765 973 omnium,
791 916 866 979 quae
890 917 982 980 opera
1004 908 1038 962 ut
1061 910 1092 963 et
1106 900 1267 963 Tabulas
1258 920 1341 980 rpsas
1364 899 1435 981 quid
1458 905 1645 979 promoveat,

294 991 364 1072 quid
386 989 542 1070 impediat,
566 989 597 1050 id
619 1007 658 1050 ex
682 987 872 1050 dedicatione
898 989 988 1068 hujus
1011 988 1220 1069 Ephemeridis
1243 1008 1339 1070 exque
1368 987 1556 1070 praefatione
1580 1005 1648 1048 mea

293 1099 383 1160 super
404 1075 630 1159 prognosticum
656 1075 869 1139 Germanicum
894 1078 983 1140 facile
1007 1078 1107 1157 colligi
1130 1078 1252 1157 poterit.

380 1167 505 1230 Interim
528 1166 553 1228 si
577 1173 659 1228 recte
682 1183 795 1240 moues,
821 1165 1014 1229 diffidendum
1037 1167 1138 1228 vitae:
1170 1167 1273 1229 demus
1297 1166 1390 1247 igitur
1418 1183 1539 1247 operam
1563 1171 1647 1228 uter·

293 1277 359 1340 que,
384 1264 418 1318 ut
448 1255 485 1318 de
509 1255 633 1317 'fabulis
664 1255 719 1316 illa
752 1255 912 1336 quaejam
944 1263 1015 1317 sunt
1042 1255 1072 1317 in
1105 1263 1213 1334 parato
1240 1255 1336 1336 primo
1368 1274 1482 1336 quoque
1514 1255 1660 1335 tempore

293 1345 517 1410 exscribamus:
552 1343 643 1405 editio
675 1362 746 1407 vero
780 1345 885 1424 cuique
915 1363 970 1406 sua
998 1343 1076 1406 citra
1108 1345 1233 1406 alterius
1265 1344 1422 1424 praeventi
1455 1342 1648 1407 offensionem

293 1435 389 1499 libera
403 1442 488 1496 esto:
513 1433 722 1495 tantummodo
744 1439 778 1494 nt
800 1441 918 1494 maturo
938 1432 1061 1495 consilio
1081 1432 1357 1513 circumspiciantur
1379 1433 1480 1495 omnia
1503 1431 1645 1495 editionis

293 1523 450 1588 commoda
473 1530 504 1584 et
526 1521 723 1595 incommoda,
747 1521 776 1582 in
802 1530 897 1588 artem
922 1521 1010 1603 inque
1035 1521 1100 1602 ejus
1124 1523 1256 1584 cultores
1279 1521 1488 1585 redundantia.

383 1611 470 1684 Quae
494 1609 688 1691 sequentibus
702 1609 909 1692 Prognosticis
930 1611 966 1672 de
986 1610 1112 1672 Lunae
1136 1619 1232 1674 motu
1257 1610 1396 1691 tetigisti,
1421 1612 1458 1672 de
1478 1610 1515 1672 iis
1537 1607 1650 1690 aliquid

295 1703 408 1765 dictum
432 1701 463 1763 iu
487 1699 745 1762 fundamentorum
769 1699 931 1762 Lunarium
956 1699 1156 1780 explicatione
1180 1699 1360 1780 praemissa.
1405 1701 1494 1764 Nunc
1517 1717 1555 1760 ex
1578 1715 1650 1780 pro-

296 1793 376 1855 fesso
400 1789 588 1852 exarninabo.

385 1878 553 1941 Theorema
574 1877 648 1939 illud
671 1885 774 1938 tuum:
798 1887 936 1958 Tempora
949 1887 1103 1943 durationis
1117 1887 1297 1959 deliquiorum
1310 1887 1461 1943 Lunarinnr
1475 1904 1574 1943 revera
1590 1905 1651 1942 esse

295 1969 431 2034 breviora,
453 1969 615 2024 diametrum
635 1951 773 2022 Luniarem
798 1967 928 2022 minorem
949 1985 1031 2038 qnam
1051 1969 1186 2022 hactenus
1207 1975 1252 2022 est
1278 1975 1423 2039 putatum·
1452 1969 1546 2039 itaque
1566 1967 1652 2022 videri

295 2054 402 2108 Lunam
427 2050 552 2112 deficere,
574 2049 682 2118 quando
703 2049 748 2101 vel
773 2049 892 2102 noudum
921 2048 1025 2118 incepit
1049 2049 1178 2118 valjam
1204 2065 1304 2103 revera
1323 2049 1417 2112 desiit,
1446 2049 1485 2102 sic
1506 2056 1538 2102 ut
1558 2049 1653 2103 eodem

296 2141 419 2202 tempore
434 2136 464 2183 ιι
477 2129 629 2186 habeamus
649 2127 763 2198 eclipsin
778 2135 808 2181 et
821 2146 876 2183 non
896 2129 1058 2192 habeamus,
1080 2132 1151 2200 quod
1165 2145 1215 2200 pro
1230 2145 1303 2184 nova
1316 2137 1347 2184 et
1366 2129 1506 2184 veteribus
1527 2129 1652 2182 omnihus

296 2211 440 2282 incognita
460 2209 653 2264 observatione
668 2209 805 2262 celebras.
833 2210 914 2263 Hanc
936 2209 1116 2264 assertionem
1131 2209 1172 2264 ais
1187 2216 1216 2264 te
1229 2209 1317 2280 primo
1332 2210 1438 2265 levibus
1453 2209 1653 2280 suspicionibus

297 2292 387 2348 animo
408 2289 576 2359 concepisse,
600 2288 717 2359 denique
737 2305 789 2358 per
809 2288 926 2359 eclipsin
945 2289 1092 2356 Lunarem,
1115 2306 1187 2362 quae
1202 2290 1321 2363 contIgit
1340 2308 1432 2345 mense
1448 2289 1561 2346 Octobri
1582 2305 1653 2344 anno

300 2371 385 2436 1613,
406 2369 491 2440 plene
510 2370 723 2423 demonstrasse.

386 2453 467 2504 Anno
481 2449 553 2503 enim
571 2450 655 2504 leot.
678 2449 706 2504 4.
727 2447 823 2504 Martii
841 2455 870 2502 te
891 2448 933 2502 ais
954 2449 1119 2504 observasse
1140 2449 1355 2522 applicationem
1367 2451 1465 2506 Lunae
1483 2451 1654 2520 corporalem

299 2535 334 2588 ad
355 2531 464 2586 oculum
484 2529 569 2584 Tauri
590 2537 620 2584 et
639 2529 740 2584 vidisse
768 2529 881 2583 stellam
907 2529 997 2584 adhrm
1018 2532 1138 2584 nondum
1159 2538 1277 2596 tectam,
1305 2533 1413 2603 quando
1434 2532 1507 2586 inter
1527 2531 1606 2586 illam
1625 2537 1655 2584 et

298 2621 408 2686 partem
428 2612 525 2666 Lunae
555 2609 673 2664 lucidam
702 2610 789 2664 minus
810 2609 874 2680 ipsa
900 2616 981 2680 parte
1006 2610 1099 2665 lucida
1125 2610 1259 2665 interesse
1284 2597 1452 2675 videbaturf
1473 2613 1551 2682 atqui
1574 2613 1655 2668 Luna

300 2695 419 2750 nondum
439 2691 531 2762 plenis
554 2689 739 2772 bagranum
760 2689 856 2744 aSole
878 2689 1009 2755 distabat,
1032 2691 1127 2761 itaque
1141 2708 1206 2762 pars
1227 2691 1319 2746 lucida
1338 2708 1438 2746 revera
1457 2693 1548 2746 adhuc
1568 2693 1655 2747 minor

299 2792 360 2830 esse
381 2771 477 2828 debuit
489 2779 571 2842 parte
592 2773 718 2825 obscura.
747 2770 819 2824 Hinc
833 2769 950 2842 colligis,
971 2770 1100 2826 amictum
1121 2789 1182 2826 esse
1196 2772 1310 2843 globum
1323 2773 1420 2828 Lunae
1435 2773 1557 2843 sphaera
1570 2778 1656 2828 aerea

299 2854 417 2918 laxiore,
440 2867 512 2922 qnae
532 2852 594 2905 luce
615 2851 687 2907 Solis
709 2851 858 2905 combibita
878 2866 909 2903 so
929 2851 1008 2904 nobis
1029 2869 1080 2922 pro
1103 2852 1163 2922 ipso
1183 2869 1249 2906 vero
1269 2852 1366 2908 Lunae
1387 2869 1501 2924 corpore
1522 2859 1654 2917 ostentet,

299 2942 381 3006 parte
402 2950 469 2987 veru
489 2931 541 2986 illa
561 2948 633 3002 quae
654 2939 699 2986 est
723 2937 807 2985 extra
827 2931 898 2985 Solis
924 2931 1016 2986 radios
1038 2949 1092 2986 non
1117 2933 1240 2987 incurrat
1260 2933 1287 2986 in
1308 2933 1414 2998 oculos,
1443 2935 1491 2988 sed
1516 2933 1656 3005 pellucidae

301 3016 338 3070 sit
357 3031 409 3067 nec
429 3012 573 3067 stellarum
595 3017 772 3082 conspectum
792 3011 871 3065 nobis
891 3011 1001 3081 eripiat,
1023 3011 1089 3066 licet
1108 3013 1164 3066 illia
1185 3015 1375 3068 subtendatur.
1417 3014 1492 3068 Idem
1512 3015 1654 3068 confirmas

230 3129 236 3138 -
302 3091 536 3162 contemplatione
555 3092 652 3146 Lunae
673 3091 813 3154 falcatae;
835 3091 966 3145 circulum
984 3091 1056 3145 euim
1078 3091 1196 3147 lucentis
1217 3109 1302 3148 cornu
1325 3093 1493 3148 sensibiliter
1518 3109 1655 3165 apparere

302 3171 433 3243 majorem
453 3189 534 3241 quam
564 3171 695 3226 circulum
722 3170 843 3242 corporis
864 3188 919 3224 non
945 3171 1093 3227 illumiuati
1123 3173 1205 3228 simul
1229 3181 1323 3229 tamen
1347 3173 1519 3246 apparentis.
1571 3173 1655 3235 Haec

305 3268 355 3323 est
378 3258 462 3338 origo
486 3258 635 3338 opinionis
659 3268 740 3323 tuae.
788 3257 868 3342 Quid
892 3259 930 3320 ad
954 3259 1029 3322 haec
1053 3279 1123 3322 vero
1147 3262 1410 3341 respondendum?

395 3345 643 3410 commendanda
655 3348 794 3411 nimirum
814 3357 863 3410 est
876 3347 1034 3428 diligentia
1052 3356 1124 3424 tua;
1148 3359 1281 3412 ceterum
1300 3351 1373 3415 nihil
1392 3349 1461 3414 novi
1475 3348 1655 3424 observasti,

304 3436 482 3519 saepissime
506 3436 612 3498 eadem
636 3438 673 3499 de
697 3456 728 3499 re
752 3446 885 3500 testatus
909 3445 957 3498 est
980 3437 1053 3499 mihi
1081 3439 1151 3500 oIIm
1173 3439 1356 3503 Maestliuns
1380 3447 1412 3502 et
1432 3437 1523 3502 retuli
1546 3456 1602 3518 ego
1625 3436 1655 3498 iu

304 3529 439 3591 Astron:
463 3533 550 3606 parte
575 3525 676 3604 optica
699 3523 777 3606 Cap.
801 3526 842 3596 V,
868 3527 899 3590 5.
924 3525 1163 3588 observationem
1187 3547 1226 3589 ex
1255 3548 1333 3591 anno
1360 3525 1444 3593 1600
1468 3527 1506 3589 ad
1529 3543 1656 3604 unguem

304 3615 442 3689 similem,
467 3633 534 3676 curn
556 3614 644 3677 Luna
666 3614 758 3678 bifida
782 3616 910 3681 texisset
933 3615 1061 3678 obscura
1083 3624 1171 3698 parte
1193 3633 1244 3678 cor
1263 3615 1390 3698 Scorpii.
1429 3615 1543 3678 Addidi
1566 3614 1658 3677 etiam

305 3702 533 3769 observationes
565 3704 687 3766 easdem
718 3705 831 3785 primae
865 3714 896 3766 et
919 3705 1042 3767 ultimae
1074 3705 1179 3784 phasis
1210 3713 1242 3767 et
1273 3706 1416 3787 ampliavi
1449 3703 1660 3767 observatione

308 3793 415 3857 similis
439 3793 635 3874 apparentiae
660 3793 688 3855 iu
713 3794 874 3874 eclipsibus
898 3793 1002 3856 Lunae
1026 3793 1215 3874 partialibus.

395 3880 457 3945 Sed
482 3899 536 3943 uec
568 3883 667 3962 opinio
699 3882 775 3946 haec
798 3891 851 3946 tua
883 3901 962 3948 nova
985 3891 1033 3944 est
1065 3892 1213 3963 concepta
1244 3899 1334 3962 super
1357 3881 1414 3944 hoc
1445 3882 1659 3963 phaenomena

306 3971 387 4038 Nam
405 3971 510 4033 eodem
528 3971 604 4033 libro
619 3991 684 4034 meo
705 3970 781 4052 Cap.
801 3972 889 4047 VIII,
906 3969 937 4034 3.
963 3978 1057 4034 extat.
1095 3972 1160 4036 Nec
1180 3973 1258 4034 euim
1275 3971 1365 4050 plane
1380 3972 1454 4034 nihil
1472 3971 1661 4034 tribuendum

306 4069 354 4124 est
378 4059 441 4122 adri
464 4059 586 4134 Lunari,
612 4070 646 4123 ιιι
668 4079 760 4141 supra
782 4061 813 4123 in
837 4061 1039 4122 fundamentis
1064 4068 1196 4123 motuum
1219 4061 1323 4123 Lunae
1346 4059 1494 4140 praedixi.
1557 4121 1564 4142 ,

394 4149 446 4210 An
469 4166 541 4211 vero
564 4168 689 4212 necesse
714 4158 770 4223 est,
795 4150 862 4211 ideo
882 4149 974 4210 etiam
999 4151 1074 4212 haec
1097 4151 1305 4230 phaenomena
1322 4168 1376 4230 per
1397 4156 1498 4212 obrem
1513 4149 1661 4210 Lunarem

307 4237 539 4301 demonstrare?
572 4238 691 4300 minime
723 4239 867 4318 gentium.
915 4237 949 4300 Si
973 4239 1060 4309 enim,
1080 4240 1181 4301 omnia
1204 4258 1280 4319 quae
1313 4240 1408 4301 oculis
1441 4238 1583 4301 accidunt
1604 4235 1662 4317 ipsi

307 4327 391 4390 coelo
415 4324 591 4402 tribuamus,
617 4345 692 4407 quae
715 4335 851 4389 monstra
874 4327 904 4389 in
934 4347 1032 4390 rerum
1059 4337 1198 4390 naturam
1222 4328 1421 4390 invehamus?
1449 4335 1535 4390 verte
1559 4325 1661 4389 folinrn

236 4476 240 4488 ,
307 4416 474 4494 allegatum
498 4425 530 4477 et
552 4415 687 4478 invenies
711 4417 797 4496 plura
816 4416 891 4478 talia
912 4414 960 4477 vel
980 4437 1037 4480 uon
1061 4417 1185 4480 multum
1209 4415 1358 4480 absimilia
1376 4417 1459 4479 visus
1483 4414 1662 4490 accidentia,

308 4523 384 4584 quae
407 4501 488 4563 nullo
511 4524 641 4586 nuquam
664 4511 733 4568 atre
758 4504 871 4566 Lunari
895 4505 1094 4569 demonstrari
1116 4514 1268 4586 potemnt.
1305 4506 1408 4587 Atque
1431 4523 1487 4586 ego
1511 4505 1573 4568 id'
1564 4521 1664 4585 rpsum

309 4591 356 4670 egi
381 4589 475 4652 citato
499 4595 585 4657 Astr.
611 4593 749 4675 Optices·
762 4593 839 4666 loco,
862 4601 896 4655 ut
918 4593 993 4655 haec
1017 4603 1048 4655 et
1072 4595 1133 4656 alia
1156 4595 1266 4657 similia
1288 4595 1519 4680 phaenomena
1520 4614 1558 4656 ex
1581 4593 1663 4654 visus

262 4697 267 4708 ·
309 4676 529 4742 conditionibus
554 4682 741 4758 deducar-,em
766 4681 891 4744 acoelo
915 4681 1061 4762 rebusque
1086 4683 1255 4745 visibilibus
1278 4682 1504 4746 abstraherem:
1529 4685 1558 4745 in
1587 4683 1663 4744 hunc

309 4765 398 4832 tinem
421 4777 579 4848 susceptus
594 4779 643 4832 ast
661 4771 732 4834 mihi
756 4771 841 4873 labor
860 4771 969 4852 capitis
985 4771 1090 4853 quinti,
1114 4772 1151 4833 de
1172 4773 1260 4834 modo
1284 4771 1414 4848 videndi,
1440 4791 1527 4853 quem
1542 4771 1664 4833 tandem
