3652 5532
841 297 881 350 Ds
900 293 978 351 Stella
994 295 1067 350 Nora
1083 295 1233 366 Serpentmi

614 575 696 669 Tibin
732 618 1172 636 ..........
1216 511 1337 636 15031555
1366 583 1397 650 ‚3¹
1473 573 1486 604 ⁰

356 693 554 848 Dm„
613 658 731 792 itii.
778 653 1336 798 :xxxxiiii

613 818 728 873 Palmae
749 817 827 873 clara
877 861 1172 878 .......
1215 817 1260 877 15.
1288 816 1327 877 50

613 899 686 952 von
731 939 1174 958 ..........
1217 895 1261 958 16.
1289 859 1336 956 ιοῖ

613 978 861 1034 Calxseu'l'alns
925 1021 932 1036 .
974 1023 980 1035 .
1022 1024 1028 1038 .
1070 1024 1076 1036 .
1119 1023 1125 1036 .
1167 1023 1173 1037 .
1216 975 1261 1038 18.
1308 976 1336 1037 8.

357 1078 483 1142 Quatnor
502 1077 655 1133 informium
678 1077 707 1133 in
733 1078 847 1134 rhombo
873 1081 909 1134 sd
936 1079 1076 1136 humerum
1103 1081 1170 1136 dex·
1342 1105 1344 1120 =

396 1165 469 1213 trurn
489 1157 681 1214 borealissirua
731 1200 1172 1218 ..........
1215 1153 1260 1216 25.
1290 1153 1335 1216 10.

355 1238 508 1294 Mediarum
528 1238 603 1311 prior
631 1277 1171 1299 ............
1212 1235 1259 1295 25.
1306 1238 1335 1296 0.

354 1319 495 1375 Posterior
533 1359 879 1376 ........
900 1387 902 1394 .
921 1360 1172 1380 ......
1214 1314 1260 1377 26.
1288 1316 1335 1377 53.

354 1399 450 1455 Infima
483 1438 929 1457 ..........
955 1397 958 1404 ’
972 1440 1171 1461 .....
1214 1395 1260 1457 25.
1288 1395 1336 1456 43.
1470 1443 1477 1456 .
1572 1442 1585 1466 ,

354 1499 480 1554 Duarum
499 1514 648 1569 parvarum
669 1513 755 1569 supra
775 1499 899 1564 caudam,
921 1499 1073 1570 superior.
1115 1545 1122 1558 .
1163 1543 1170 1558 .
1212 1493 1258 1556 29.
1288 1493 1334 1556 52.
1470 1541 1477 1554 .
1571 1539 1584 1564 ,

355 1578 471 1634 inferior
527 1619 1169 1638 ..............
1232 1573 1258 1636 1.
1286 1569 1394 1643 426
1470 1619 1477 1634 .
1542 1620 1585 1644 .„

354 1659 683 1715 infracoudarnclara.
727 1699 733 1714 .
775 1701 782 1716 .
823 1702 830 1716 .
872 1703 879 1720 .
919 1703 926 1717 .
967 1701 974 1740 3
1016 1702 1023 1715 .
1065 1703 1071 1716 .
1114 1699 1170 1718 ..
1235 1655 1260 1716 3.
1309 1656 1335 1718 3.

354 1739 424 1795 Post
442 1742 540 1811 pedem
559 1741 697 1804 dextrum,
719 1737 794 1794 socia
814 1757 924 1795 norae.
967 1784 973 1796 .
1017 1783 1023 1795 .
1065 1780 1072 1795 .
1114 1783 1121 1796 .
1163 1780 1170 1795 .
1251 1783 1258 1798 .
1327 1781 1334 1797 .

354 1808 1390 1912 M

397 1920 501 1974 caudae
515 1917 667 1992 Serpentis,
688 1921 858 1990 praecedens
873 1961 1171 1978 .......
1232 1913 1260 1974 2.
1310 1913 1335 1974 3.
1360 1909 1396 1982 ,6
1427 1911 1477 1974 21.
1502 1911 1548 1974 29.
1572 1959 1585 1983 ,

355 1997 450 2055 Media
483 2039 1173 2059 ...............
1233 1999 1259 2057 l.
1307 1997 1335 2056 9.
1427 1991 1476 2056 22.
1501 1993 1549 2054 42.
1573 2039 1586 2062 ,

1486 511 1554 1037 fflpyflflffig

1569 580 1597 716 9⁹⁵²-

1624 513 1689 1067 ,ι’-ι·-ςοεπε-εε-«ξ

1501 654 1521 1036 αωβωω

1572 1281 1585 1306 S
1571 1161 1597 1216 9¹⁶
1571 1023 1584 1046 3
1571 941 1584 967 ³
1570 861 1584 886 ³
1571 781 1583 806 ³

1572 1361 1585 1386 ³

1572 1781 1585 1804 ³
1572 1700 1585 1724 ³

1628 1161 1692 1822 ¹?25—9292'???—=⁸—

1653 1913 1677 2053 9³95

352 2155 1397 2246 ΜΠ
1428 2171 1477 2236 25.
1522 2172 1586 2243 ι..
1653 2173 1676 2231 c.

356 2259 410 2313 Cus
431 2259 454 2313 is
475 2259 605 2331 Sagittae
625 2298 1168 2318 ............
1211 2253 1258 2315 25.
1287 2253 1334 2316 23.
1367 2253 1395 2320 >2¹
1447 2254 1476 2316 6.
1501 2253 1549 2314 54.
1570 2273 1597 2313 a.
1655 2253 1676 2310 3.

355 2375 418 2430 Huc
437 2373 512 2430 reier
531 2374 667 2440 tabulam,
689 2373 795 2446 inqua
813 2375 891 2437 AEQ
910 2381 1089 2446 aequatcrem
1114 2379 1208 2442 notat,
1229 2374 1277 2430 EC
1296 2373 1467 2446 eclipticamr
1492 2395 1511 2430 α
1529 2380 1560 2432 et
1580 2392 1593 2432 r
1611 2373 1693 2430 Satur·

433 2470 515 2528 nurnr
535 2476 552 2525 η
570 2459 601 2510 et
620 2477 631 2509 ι
648 2455 760 2517 Jorenn
786 2475 803 2510 o
821 2455 939 2510 Martem
946 2467 954 2524 3
976 2455 1002 2510 N
1020 2455 1141 2510 Noram:
1162 2455 1214 2510 boc
1234 2455 1401 2522 discrimine,
1422 2461 1455 2512 ut
1476 2477 1497 2512 α
1514 2461 1545 2510 et
1561 2477 1593 2526 η,
1614 2451 1694 2508 circuli

436 2535 526 2600 vacui,
549 2535 697 2608 designent
718 2535 780 2590 loca
800 2535 912 2590 Saturni
933 2541 963 2590 et
981 2536 1058 2591 Joris
1080 2535 1286 2606 conjunctorum
1305 2535 1348 2590 die
1369 2530 1446 2595 7117.
1460 2536 1621 2592 Decembris
1640 2532 1693 2589 anui

437 2613 522 2682 1603,
550 2635 578 2684 ε,
605 2639 631 2682 ι,
651 2637 668 2672 ιι
700 2614 856 2687 significent
881 2617 964 2672 situm
989 2616 1110 2682 Saturni,
1136 2617 1212 2672 doris
1238 2623 1269 2671 et
1293 2615 1392 2672 Martis
1417 2617 1461 2671 die
1492 2615 1540 2674 ³0.
1560 2617 1634 2687 Sept.
1656 2612 1693 2668 rel

437 2691 483 2753 10.
506 2697 567 2753 Oet.
596 2713 648 2768 quo
670 2695 714 2750 die
734 2695 847 2769 Pragae
872 2696 989 2768 primum
1014 2697 1076 2752 risa
1099 2703 1146 2752 est
1163 2699 1245 2752 Nora
1263 2696 1361 2754 Stella.
1401 2697 1540 2770 Reliquae
1564 2701 1652 2752 rectae
1669 2699 1693 2747 et

435 2792 536 2832 curvae
556 2775 648 2832 lineae
668 2776 754 2847 paulo
768 2793 862 2848 supra
882 2782 948 2833 sunt
968 2777 1136 2850 explicatae.
1165 2777 1316 2833 Stellarum
1336 2794 1402 2834 rere
1423 2787 1579 2836 ceteramm
1597 2775 1693 2833 nomina

434 2863 534 2930 patent
553 2875 591 2913 ex
611 2857 760 2930 imaginum
780 2858 917 2925 membris,
939 2857 1037 2931 quibus
1057 2858 1212 2915 inhaerent

937 3125 1121 3139 *nn-—

915 3364 1036 3465 Caput
1061 3361 1144 3439 XV.
1190 3398 1193 3406 ·
1219 3433 1222 3445 .

353 3543 413 3608 Dc
433 3539 500 3606 loco
523 3539 618 3625 iecisse
638 3541 756 3606 rideris
777 3541 813 3606 io
833 3543 947 3607 mccdi
969 3542 1134 3617 diornetro,
1157 3561 1213 3606 sess
1231 3541 1271 3606 dr
1292 3541 1446 3608 immerso
1469 3543 1537 3626 ejvs
1558 3565 1579 3607 c
1601 3545 1689 3606 carbo

877 3631 998 3696 Terrae
1020 3631 1183 3697 distantia.

443 3781 511 3856 Quo
541 3780 717 3863 diligentins
746 3781 825 3845 hunc
855 3781 954 3844 locum
982 3782 1114 3846 excoluit
1144 3801 1274 3846 summus
1304 3781 1355 3845 ille
1385 3790 1578 3848 astronomus
1600 3777 1689 3862 Tychv

354 3873 502 3949 Braheus,
524 3873 583 3935 hoc
604 3870 727 3936 brevius
749 3889 796 3934 me
819 3871 888 3934 hinc
913 3890 968 3951 ego
991 3881 1096 3954 potero
1121 3871 1270 3954 expedire.

441 3961 593 4044 Principio
617 3961 840 4036 demonstrabo,
865 3961 948 4024 sidus
971 3961 1028 4025 hoc
1052 3962 1146 4026 fnisse
1161 3981 1220 4024 non
1235 3967 1354 4023 mutum
1376 3979 1469 4042 supra
1483 3963 1587 4026 Lunae
1603 3955 1690 4021 orbern

354 4051 545 4127 collocatum,
569 4052 684 4114 sedne
707 4050 774 4133 ipso
798 4049 917 4133 quidem
939 4051 1013 4115 Sole
1035 4049 1239 4133 propinquius.

442 4141 672 4205 Demonstratio
703 4135 802 4203 facilis
832 4146 888 4204 est.
936 4139 1012 4204 Cum
1042 4140 1125 4203 enim
1148 4147 1261 4202 motum
1287 4157 1391 4202 verum
1419 4139 1533 4202 nullum
1555 4133 1689 4206 habuerit,

355 4229 381 4294 si
403 4231 600 4314 propinquius
623 4230 733 4293 fuisset
755 4229 823 4310 ipsa
844 4229 941 4304 Luna,
964 4230 1033 4311 plus
1056 4229 1154 4292 locum
1178 4229 1232 4292 sub
1255 4228 1379 4292 zodiaco
1402 4235 1598 4310 apparentem
1619 4241 1688 4288 com-

353 4328 503 4383 mutasset
525 4341 615 4402 quam
636 4319 739 4383 Luna:
768 4319 869 4401 itaque
899 4318 1009 4382 saltem
1032 4318 1071 4380 ad
1094 4319 1191 4381 visum
1212 4336 1267 4398 per
1290 4317 1508 4400 aliquantulum
1530 4318 1608 4381 eceli
1628 4332 1688 4396 sps-

354 4410 430 4474 tium
445 4411 613 4473 discurrere
637 4407 839 4490 apparuisset,
863 4407 921 4470 etsi
944 4427 976 4470 re
992 4427 1065 4470 vera
1078 4408 1244 4490 quiescens.
1268 4407 1361 4470 Locis
1379 4426 1473 4470 causa
1488 4409 1590 4489 capiat
1609 4406 1689 4468 lector

352 4501 444 4582 paulo
467 4497 633 4580 imperitior
656 4497 778 4580 aliquod
800 4498 984 4580 exemplum
1007 4497 1066 4560 etsi
1089 4497 1208 4580 quidem
1230 4496 1261 4558 in
1285 4495 1404 4577 Opticis
1428 4515 1493 4578 cap.
1507 4499 1565 4562 lx.
1590 4489 1687 4560 docri-

354 4609 423 4652 nsm
444 4588 646 4670 parallaxium
670 4587 713 4649 sic
736 4585 907 4666 explicasse
931 4587 1045 4662 videor,
1069 4594 1103 4650 ui
1119 4586 1195 4649 nihil
1210 4584 1377 4648 desiderari
1391 4587 1498 4668 possit
1536 4587 1586 4650 Sit
1603 4595 1688 4648 tumen

356 4696 494 4742 erassum
517 4687 548 4740 et
574 4676 727 4760 palpabile
752 4676 921 4758 exemplum
942 4675 1014 4738 boc:
1046 4683 1114 4738 tene
1138 4683 1228 4758 capnt
1256 4676 1426 4751 immotum,
1451 4676 1555 4738 oculos
1578 4666 1686 4737 artemis

352 4765 477 4844 plaude,
508 4775 613 4849 aperto
636 4785 742 4828 nasum
769 4765 894 4846 inspice.
942 4765 977 4828 Si
1000 4765 1106 4828 dextro
1130 4765 1315 4847 inspexeris,
1348 4765 1388 4828 ad
1411 4765 1566 4830 sinistram
1587 4768 1687 4845 portem

355 4853 426 4918 libri
455 4864 509 4919 aut
535 4855 701 4936 pavimenti
730 4874 823 4918 nasus
853 4852 1019 4918 videbitur:
1053 4855 1100 4918 sin
1131 4855 1255 4918 sinistro
1285 4854 1453 4938 inspexeris
1477 4857 1580 4932 oculo,
1609 4865 1686 4914 nasus
