3694 5528
714 316 983 370 cxxxr-cxxxvr.
1459 319 1522 386 565

259 490 364 572 ltaque
388 497 533 570 quantum
556 499 730 555 attenuatur
753 495 828 566 leus,
853 501 921 555 tant
909 502 971 556 tum
995 496 1152 598 elongatur
1175 515 1337 560 concursus
1361 499 1433 561 iere.

262 578 424 642 CXXXII.
472 581 697 662 Propositio.
735 581 783 644 Si
816 583 933 646 cavitas
964 602 1001 646 cx
1034 583 1140 646 minori
1172 585 1282 647 circulo
1315 588 1405 648 luerit
1437 608 1526 668 quam

171 667 360 743 convexitas,
395 667 470 730 radii
496 671 581 732 unius
610 671 712 751 puncti
741 672 888 734 diametro
912 681 982 751 post
1006 691 1170 742 convexum
1193 673 1334 736 collocati
1365 676 1523 778 diverguut

171 757 322 860 amplips
320 758 463 820 transita
492 759 582 822 lente.
630 759 692 822 Seu
719 761 894 822 convexitas
928 759 1051 840 rnajoris
1084 762 1187 826 circuli
1219 763 1368 843 derogans
1400 765 1466 827 cavi
1468 766 1527 827 tati

170 846 302 920 minoris,
327 855 466 926 praestat
489 849 628 910 effectum
651 849 794 911 cavitatis
818 850 921 911 circuli
946 851 1034 911 valde
1059 851 1168 929 magni.

260 935 353 997 Radii
387 937 465 998 enlm
490 936 559 1010 OE,
584 937 638 999 DF
667 939 748 999 intra
778 957 886 1017 corpus
920 959 938 1000 a
970 948 1081 1019 puncto
1111 939 1140 1000 G
1174 938 1339 1013 venientes,
1378 941 1431 1004 rig.
1452 937 1495 990 ³5.

171 1024 196 1083 ai
220 1023 249 1086 id
273 1023 536 1088 diametro'distat
550 1048 569 1087 a
583 1045 726 1101 convexo,
750 1026 889 1105 paralleli
909 1034 978 1088 sunt
1001 1045 1054 1105 per
1067 1027 1202 1088 XXXV.
1235 1025 1336 1098 Quare
1482 1054 1485 1063 ·

172 1119 276 1174 secant
298 1111 352 1174 EF
379 1132 541 1178 concavam
570 1115 717 1195 obliquius
747 1134 836 1195 quam
866 1133 1030 1178 convexam
1064 1115 1135 1190 CD;
1171 1124 1273 1178 cetera
1303 1125 1337 1177 nt

173 1200 317 1264 CXXIX.
351 1200 451 1264 SinG
473 1205 596 1284 propius
621 1204 729 1266 luerit:
756 1204 808 1269 ΟΕ
828 1211 859 1265 ει
878 1205 932 1264 DF
956 1204 1035 1266 intra
1049 1222 1156 1283 corpus
1180 1204 1338 1284 divergcnt

172 1289 351 1440 versuscEF
373 1309 427 1370 per
448 1292 628 1368 XXXVII,
653 1293 750 1373 magis
774 1301 875 1354 autem
899 1293 969 1362 ΕΗ,
993 1294 1044 1355 FB
1068 1293 1190 1354 refracti
1214 1295 1243 1354 ln
1268 1299 1337 1354 aere

171 1396 224 1457 per
246 1378 278 1440 X
307 1379 348 1441 Η.

261 1466 440 1530 CXXXIII.
488 1468 712 1549 Propositio.
764 1469 799 1532 Si
827 1470 945 1532 cavitas
976 1471 1065 1532 lentis
1095 1489 1155 1532 una
1182 1469 1336 1549 superficie

171 1574 323 1617 convexae
347 1565 481 1618 centrum
510 1578 593 1619 suum
626 1559 765 1620 habuerit
797 1558 922 1620 interius
946 1567 1049 1620 centro
1083 1559 1228 1620 convexi:
1262 1556 1339 1620 radii

171 1646 274 1724 puncti
304 1645 395 1706 etiam
428 1645 581 1726 longinqui
606 1666 659 1726 per
689 1649 798 1708 lentem
832 1647 999 1710 efficiuntur
1031 1648 1233 1728 divergentes.
1280 1646 1339 1708 llla
1379 1683 1399 1724 J
1478 1685 1499 1727 Ι

172 1732 356 1814 aequipollet
379 1733 453 1796 lenti
477 1752 549 1813 pure
573 1755 667 1798 cavae
691 1737 802 1797 circulo
826 1737 914 1796 rralde
939 1754 1057 1815 magno.

259 1823 338 1884 Nam
362 1823 403 1886 sit
427 1821 456 1884 G
479 1832 619 1902 puuctum
653 1825 858 1904 longinquum,
893 1844 964 1904 ergo
993 1825 1055 1904 eJus
1084 1823 1161 1886 radii
1186 1821 1254 1892 GC,
1279 1821 1338 1884 GD

172 1911 309 1990 paralleli
332 1920 402 1973 sunt
424 1929 479 1991 per
492 1911 611 1974 XXIII.
649 1913 731 1992 Ergo
757 1912 819 1984 ΟΕ,
846 1915 899 1974 DF
921 1915 1001 1975 intra
1024 1932 1132 1993 corpus
1155 1920 1339 1990 convergent

173 2017 228 2079 per
241 1999 393 2075 XXXIV,
419 2019 454 2061 ac
474 2001 500 2062 si
520 2019 717 2064 concursuras
740 2010 842 2063 essent
865 2002 1113 2082 sesquidiametru
1137 2001 1338 2064 convexitatis

173 2089 203 2148 iu
227 2088 295 2150 llll.
334 2087 448 2159 Quodsi
482 2097 584 2152 centro
607 2093 634 2153 B
657 2091 784 2152 circulus
815 2091 911 2153 minor
934 2109 988 2169 per
1011 2091 1036 2150 E
1061 2089 1251 2164 scriberetur,
1276 2095 1339 2149 tum

173 2175 237 2251 ΕΒ,
276 2177 326 2240 FB
357 2177 573 2257 interciperent
600 2180 767 2261 portionem
799 2179 862 2258 ejus
892 2180 1056 2259 majorem,
1089 2198 1176 2260 quam
1206 2186 1255 2238 ast
1285 2175 1339 2238 CD

174 2273 312 2345 respectu
341 2267 386 2328 sui
417 2267 528 2328 clrcnli
576 2270 684 2342 Patet;
717 2287 784 2329 cum
808 2268 886 2330 enim
911 2266 964 2330 CI}
997 2269 1104 2330 tendat
1136 2286 1241 2328 versus
1262 2265 1338 2339 HH;
1400 2269 1407 2282 '

172 2362 315 2434 punctum
337 2355 363 2416 Ε
387 2355 509 2417 Inferius
538 2366 587 2418 eat
614 2357 694 2418 linea
717 2355 781 2420 CB.
829 2355 882 2418 CB
904 2376 976 2419 vero
1000 2358 1047 2430 (et
1074 2375 1132 2418 non
1157 2354 1258 2427 CHH)
1282 2355 1339 2415 ab·

176 2442 328 2505 scinderet
351 2445 470 2505 demum
492 2445 644 2523 portiones
669 2446 793 2508 similes.
831 2446 928 2508 Multo
952 2445 1048 2525 magis
1070 2445 1162 2525 igitur
1185 2451 1256 2505 tunc
1279 2443 1331 2504 EF
1354 2442 1452 2522 major
1476 2439 1534 2502 erit

177 2531 280 2594 circuli
311 2533 358 2594 sui
389 2532 504 2612 portio,
538 2553 606 2596 cum
637 2535 703 2615 ejus
736 2541 871 2596 scutrum
895 2543 943 2596 est
974 2535 1127 2614 supraB‚
1153 2540 1187 2594 ut
1214 2533 1243 2594 in
1268 2531 1307 2593 A
1355 2527 1436 2600 Quia
1459 2545 1530 2606 ergo

176 2621 272 2700 maJ'or
296 2629 344 2682 est
367 2621 465 2700 portIo
489 2621 545 2684 EF
568 2641 656 2704 quam
672 2621 736 2696 CD,
762 2623 855 2702 major
879 2632 927 2685 est
950 2623 1041 2686 etiam
1065 2620 1219 2684 inclinatio
1236 2618 1289 2681 OE
1308 2618 1347 2680 ad
1365 2619 1419 2680 EF
1442 2633 1531 2698 quam

178 2711 217 2771 ad
241 2707 306 2771 CD.
354 2710 452 2789 Major
474 2709 566 2790 igitur
589 2711 784 2774 refractiorn
808 2712 834 2772 Ε
858 2719 1036 2787 extrorsum,
1060 2709 1176 2791 peril.
1201 2727 1289 2788 quam
1314 2708 1344 2768 in
1369 2704 1393 2768 C
1417 2706 1530 2766 intror-

178 2817 252 2871 sum,
277 2817 383 2860 versus
405 2797 502 2861 BDG.
541 2801 610 2862 Non
634 2809 705 2863 sunt
726 2799 818 2878 igitur
839 2801 1004 2880 parallelae
1028 2760 1096 2873 CC,
1120 2798 1186 2860 ΕΗ.
1224 2797 1267 2858 Ει
1289 2815 1355 2858 cum
1380 2792 1446 2868 GC,
1473 2790 1532 2854 GD

178 2896 325 2966 ponantur
349 2888 522 2966 parallelae,
547 2889 611 2964 DB,
636 2891 693 2952 ΕΗ
721 2907 821 2950 earum
852 2890 1003 2952 retractae
1026 2887 1117 2960 qu,
1142 2888 1166 2947 l
1190 2905 1264 2948 cavo
1294 2884 1421 2946 termino
1445 2879 1532 2943 densi

178 2975 311 3055 corporis
336 2977 500 3062 divergent

267 3064 443 3128 CXXXIV
476 3057 703 3145 Propositio.
752 3065 872 3128 Diversi
895 3066 1014 3146 generis
1039 3065 1136 3126 lentes
1160 3083 1262 3143 purae,
1287 3059 1459 3124 associatae
1483 3057 1532 3119 in-

180 3154 332 3235 vicemque
356 3153 515 3233 contiguae
540 3155 744 3234 aequipollent
768 3154 841 3216 lenti
866 3156 951 3216 mixti
976 3155 1103 3256 generis,
1130 3161 1160 3213 et
1185 3153 1305 3214 tandem
1330 3148 1405 3212 lenti
1427 3165 1530 3226 purae.

265 3243 499 3305 Demonstratur
532 3243 594 3304 lere
627 3253 662 3305 ut
685 3241 816 3304 CXXV.
863 3242 913 3304 Sit
943 3243 1021 3304 enim
1054 3243 1119 3304 lens
1151 3257 1287 3303 convexa
1310 3237 1364 3300 ΟΡ
1395 3244 1427 3298 ει
1456 3253 1533 3297 cava

178 3331 246 3405 QR,
272 3341 302 3392 ει
326 3333 480 3410 redigatur
512 3332 607 3411 Ipsius
636 3330 690 3393 ΟΡ
718 3340 843 3412 utraque
877 3350 1012 3394 convexa
1042 3330 1213 3408 superficies

180 3420 209 3480 in
234 3439 322 3482 unam
347 3439 514 3482 convexam
537 3419 588 3482 ST
609 3439 663 3500 per
686 3419 834 3484 LXXIX.

268 3509 328 3569 Per
352 3506 499 3570 CXXVI.
531 3527 601 3570 vero
633 3509 725 3571 etiam
753 3508 850 3588 Ipsius
874 3507 932 3579 QR
966 3507 1116 3569 cavitates
1139 3507 1221 3569 redi·
1279 3516 1483 3572 001

180 3603 291 3675 gantur
320 3597 351 3658 in
384 3615 474 3659 unam
499 3585 561 3658 VX
592 3599 703 3678 fiatque
734 3597 821 3659 mixti
851 3597 970 3678 generis
1003 3599 1066 3658 lens
1095 3595 1219 3670 STXV,
1297 3597 1465 3681 Q

181 3686 289 3766 quodsi
320 3685 490 3764 praepollet
520 3685 636 3749 cavitas
667 3685 743 3761 VX,
773 3686 829 3748 hoc
860 3695 908 3749 est
940 3685 967 3746 si
996 3686 1060 3764 ejus
1091 3684 1219 3746 circulus
1260 3739 1262 3742 .

181 3782 231 3835 est
245 3773 350 3847 minor,
376 3773 442 3834 lens
460 3773 556 3835 mixta
570 3775 754 3856 aequipollet
771 3793 845 3855 pure
861 3794 954 3836 cavae
969 3793 1024 3853 per
1039 3771 1218 3836 CXXXIII.
1278 3808 1291 3856 J

179 3864 228 3926 Ac
253 3861 378 3943 proinde
402 3861 466 3939 ΟΡ,
491 3861 550 3934 Qu
573 3863 685 3926 diversi
713 3864 832 3944 generis
861 3864 984 3943 junctae
1019 3862 1222 3941 aequipollent
1291 3813 1317 3956 ᾖ
1451 3812 1475 3942 Ξ

178 3971 251 4033 pure
276 3971 370 4014 cavae
395 3952 496 4014 circuli
526 3953 615 4014 valde
639 3953 749 4032 magui.
798 3951 851 4014 Sin
885 3961 984 4015 autem
1016 3949 1218 4030 praepolleret
1523 3964 1529 3972 ’

176 4043 354 4104 convexitas
369 4039 427 4116 ST,
448 4049 571 4120 propter
585 4043 729 4103 minorem
744 4041 895 4116 circulum,
913 4051 947 4102 nt
961 4041 990 4102 in
1006 4040 1159 4101 schemate
1176 4035 1229 4100 34.
1247 4038 1275 4098 in
1291 4041 1432 4114 menisco,
1449 4040 1533 4105 ΑΒΘ

178 4131 358 4193 convexitas
381 4129 484 4209 major,
500 4127 586 4192 ADC
607 4129 724 4191 cavitas
745 4129 848 4203 minor,
871 4140 942 4192 tunc
963 4130 1027 4190 leus
1049 4127 1144 4188 mixta
1158 4126 1223 4201 SX,
1248 4145 1284 4188 ac
1303 4130 1427 4206 proinde
1443 4132 1535 4192 etiam

179 4220 256 4282 duae
271 4219 399 4281 invIcem
414 4220 548 4280 sociatae
565 4216 627 4293 ΟΡ,
644 4217 837 4297 disjunctae
853 4219 1056 4299 aequipollent
1070 4233 1142 4294 pure
1160 4233 1322 4288 convexae,
1336 4234 1389 4295 per
1405 4215 1535 4280 CXXX.

269 4305 431 4370 CXXXV.
479 4306 682 4368 Problema.
730 4309 964 4369 Instrumentum
992 4323 1099 4383 parare
1127 4303 1230 4383 magni
1259 4302 1362 4366 clrculi
1390 4324 1534 4380 convexo,

178 4398 257 4478 quod
282 4396 402 4457 brevIus
427 4395 468 4456 sit
491 4394 629 4474 opinione
653 4395 781 4470 illorum,
807 4396 856 4476 qui
880 4393 1046 4457 communia
1069 4392 1229 4454 fabricant.

267 4485 318 4546 Fit
350 4483 503 4563 geminato
537 4500 669 4543 convexo
703 4485 806 4558 unico,
844 4485 941 4546 alteru
973 4483 1055 4544 intus
1086 4481 1216 4556 latente,
1253 4481 1332 4561 qnod
1364 4483 1536 4562 speculator

178 4575 305 4651 ignoret,
331 4590 385 4652 per
410 4571 541 4634 CXXV.

268 4659 450 4722 CXXXVI.
498 4657 700 4721 Problema.
748 4661 981 4722 Instmmentum
1009 4677 1117 4738 parare
1141 4659 1241 4738 magni
1265 4656 1368 4719 circuli
1391 4675 1465 4719 cavo
1490 4660 1538 4732 (et

159 4749 231 4827 ,qui
253 4749 346 4810 etiam
369 4756 491 4827 superet
514 4746 655 4810 circulum
678 4747 818 4823 convexi)
842 4749 920 4829 quod
943 4747 1074 4809 visibilia
1097 4752 1306 4828 repraesentet
1329 4746 1445 4824 majora
1467 4747 1535 4827 opi·

180 4835 269 4897 nicae
293 4854 404 4910 aarum,
428 4835 478 4917 qui
501 4835 668 4898 communia
690 4835 889 4898 iustrumenta
912 4836 1071 4900 fabricant.
1138 4847 1147 4852 ·

1309 3399 1363 3462 Fig.
1383 3393 1427 3444 36.
