3684 5518
694 217 704 228 .
765 261 847 328 capnt
865 262 909 312 lv.
930 262 954 313 2.
1471 263 1533 332 183

170 441 311 527 medium
331 439 372 501 ad
395 438 523 500 medinm
538 438 567 498 in
586 436 745 514 densitate,
770 439 814 501 sic
830 439 885 502 hae
909 439 1080 522 pyramides
1100 461 1197 504 vacua
1211 443 1249 504 ad
1268 443 1390 505 humere
1404 442 1533 521 plenam.

187 531 318 610 Denique
333 527 404 608 quia
420 526 574 608 proportio
593 527 756 590 mediorum
771 535 819 590 est
832 528 969 590 trifariae
988 531 1247 606 considerationis,
1271 550 1336 593 cunr
1351 530 1533 592 densitatem

185 618 329 697 recipiant
350 618 381 678 in
405 617 535 694 longum,
560 614 654 676 latum
679 624 709 678 et
731 617 920 694 protundum,
945 637 1123 699 progressus
1138 638 1202 680 sum
1227 619 1318 680 etiam
1342 620 1381 680 ad
1404 636 1553 698 propor-.

185 709 293 770 tionem
320 704 455 767 cubicam
483 704 563 765 inter
592 702 687 766 lineas
709 702 776 777 EQ,
801 704 858 766 ΕΗ
887 707 1084 785 quaerendas.
1132 706 1212 777 Quin
1235 716 1267 767 et
1294 707 1371 768 alias
1400 706 1534 768 consului

183 797 286 858 lineas.
333 793 520 855 Dernittatur
543 811 581 852 ex
604 792 702 871 aliquo
724 801 901 870 punctorum
929 794 1132 868 retractionis,
1161 802 1265 874 utpote
1289 814 1327 855 ex
1350 793 1379 856 G
1402 813 1532 873 perpen-

175 882 323 960 ‚diculsris
346 882 377 943 iu
402 881 522 942 tondum
547 878 615 942 GY.
664 877 811 950 Quaestio
843 882 918 956 erit,
948 890 1046 943 utrum
1075 883 1256 962 triangulum
1281 880 1374 956 GIY,
1405 883 1463 944 hoc
1486 890 1535 944 est

182 971 263 1034 basis
287 969 332 1032 [Y
365 969 548 1032 divideretur
582 989 601 1028 a
632 967 687 1028 GP
719 969 849 1030 retracto
881 970 913 1032 in
944 971 1135 1051 proportione
1167 970 1327 1032 densitatis
1359 971 1531 1033 mediorum.

179 1061 244 1122 Hos
267 1057 372 1120 modos
396 1076 499 1119 omnes
522 1055 671 1136 conjunxi,
696 1057 766 1135 qnia
789 1057 913 1119 eundem
939 1077 1040 1122 omnes
1064 1058 1179 1120 habent
1202 1059 1367 1120 elenchum.

266 1147 347 1209 Nam
380 1163 553 1226 quecunque
587 1144 702 1206 ratione
736 1145 832 1218 linea,
865 1146 986 1224 planum
1016 1149 1065 1209 rel
1093 1147 1227 1228 pyramis
1254 1146 1299 1209 EI
1328 1147 1366 1208 ad
1388 1144 1455 1220 ΕΡ,
1482 1155 1535 1208 sut

178 1235 357 1316 abbreviata
379 1233 423 1295 Yl
448 1235 488 1295 ad
508 1233 565 1295 YP
587 1234 718 1295 retineat
750 1235 877 1296 eandem
908 1235 1016 1314 ubique
1048 1235 1290 1316 proportionem,
1323 1241 1426 1314 utpote
1457 1253 1532 1312 quae

178 1333 227 1386 est
251 1323 423 1397 mediorum,
449 1330 530 1385 certe
553 1322 596 1384 EI
620 1330 748 1401 tangens
772 1321 936 1384 distantiae
964 1324 1067 1404 puncti
1090 1325 1120 1384 A
1144 1345 1163 1384 a
1186 1323 1297 1384 vertice
1321 1323 1373 1384 fiet
1395 1321 1425 1382 in
1448 1321 1532 1383 hori-

177 1413 291 1475 zontali
314 1410 463 1473 distantia
485 1410 609 1485 infinita,
635 1412 741 1472 reddet
764 1410 856 1489 igitur
880 1420 911 1473 et
933 1411 986 1472 ΕΡ
1010 1413 1057 1473 vel
1079 1411 1142 1478 ΥΡ,
1158 1411 1313 1472 infinitam.
1355 1409 1441 1472 Unde
1460 1408 1533 1472 IGP

179 1502 307 1581 angulus
339 1499 530 1562 retractionis
563 1499 747 1575 abolebitur,
782 1508 814 1561 et
842 1500 1054 1580 approximans
1086 1499 1233 1561 heuzonti
1265 1498 1412 1578 paulatim
1439 1497 1533 1559 minor

178 1599 270 1670 atque
293 1589 392 1650 minor
415 1588 540 1659 evadet,
571 1588 649 1668 quod
672 1588 711 1649 ab
735 1589 921 1668 experientia
950 1588 1108 1650 refutatur.
1155 1589 1233 1650 Nam
1261 1586 1407 1648 maximus
1431 1593 1479 1647 est
1503 1585 1533 1647 in

179 1679 346 1740 horizonte.
393 1677 459 1738 Nec
483 1677 553 1737 illae
575 1675 605 1736 in
630 1695 751 1738 scenam
774 1677 961 1739 introductae
984 1676 1156 1758 pyramides
1173 1676 1249 1738 bene
1273 1675 1451 1736 conveniunt
1467 1693 1532 1736 cum

177 1785 263 1846 prop.
290 1764 321 1828 7.
346 1763 378 1828 8.
404 1763 479 1845 Gap.
503 1766 527 1838 I,
553 1765 624 1844 qnia
653 1766 769 1844 species
797 1765 872 1827 lucis
905 1765 1072 1845 superficiei
1104 1765 1305 1826 dimensiones
1333 1763 1440 1837 habet,
1473 1781 1531 1824 nou

177 1854 324 1935 corporis.
372 1853 507 1934 Denique
530 1854 605 1914 lraec
629 1854 745 1932 species
767 1853 799 1916 in
822 1853 889 1932 ipsa
912 1853 1067 1932 superficie
1100 1852 1247 1916 densioris
1275 1851 1460 1930 retringitur,
1494 1852 1532 1912 ab

176 1945 233 2006 hac
257 1941 402 2022 passione
426 1949 508 2003 recto
531 1949 613 2010 motu
645 1941 752 2016 fertur,
787 1942 1031 2022 qualitercunque
1059 1942 1167 2003 tundns
1189 1941 1233 2002 illi
1261 1947 1408 2002 occurrat.
1455 1936 1533 2001 Sunt

177 2032 270 2111 igitur
302 2031 412 2092 tundns
435 2039 467 2092 et
497 2029 594 2092 lineae
617 2030 673 2105 EI,
698 2031 752 2094 ΕΡ
775 2039 806 2093 et
834 2031 978 2094 confictae
1007 2032 1063 2092 hae
1091 2029 1262 2111 pyramides
1284 2029 1315 2090 iu
1343 2027 1532 2091 retractionis

179 2120 303 2200 negotio
326 2119 417 2200 plane
442 2118 656 2202 accidentaria.
1461 2145 1467 2154 -

267 2209 404 2270 Tandem
424 2207 516 2287 igitur
535 2207 607 2268 itum
624 2212 671 2267 est
686 2207 723 2268 ad
739 2207 834 2285 ipsam
853 2207 896 2269 rei
919 2208 1087 2286 imaginem,
1112 2205 1160 2268 cni
1175 2205 1272 2267 locum
1287 2222 1378 2284 snpra
1396 2221 1462 2282 cap.
1478 2202 1531 2266 lII.

178 2317 216 2359 ex
247 2296 360 2377 opticis
393 2296 580 2357 definivimus
608 2295 638 2355 in
671 2313 816 2358 concursu
849 2295 925 2358 radii
957 2295 1061 2357 visorii
1090 2313 1156 2356 cum
1189 2293 1311 2356 catheto
1343 2291 1532 2354 incidentiae.

178 2386 225 2448 Sit
243 2386 315 2464 jam
339 2386 447 2447 fundus
470 2384 537 2458 LK,
563 2392 594 2445 et
616 2375 745 2445 altitudo
769 2384 860 2445 medii
884 2384 969 2446 densi
993 2384 1059 2448 CK.
1098 2382 1148 2445 Sit
1169 2381 1286 2444 visibile
1309 2380 1340 2443 in
1363 2380 1406 2455 M,
1432 2389 1534 2442 erecta

118 2548 120 2557 ‚
177 2473 437 2553 perpendicularis
467 2474 497 2533 in
530 2471 717 2551 superficiem
749 2491 845 2552 aquae
874 2491 912 2534 ex
935 2473 981 2549 M,
1016 2491 1058 2534 sc.
1088 2473 1137 2533 MI
1165 2478 1213 2532 est
1245 2469 1405 2543 cathetus,
1438 2465 1533 2530 sitG

177 2571 323 2641 punctum
345 2561 551 2634 retractionis,
581 2561 640 2622 erit
667 2568 753 2622 recta
775 2559 853 2622 AGI
877 2561 979 2623 radius
1003 2561 1147 2634 risorins,
1179 2559 1248 2639 quia
1271 2557 1354 2619 visus
1378 2559 1437 2618 non
1460 2575 1531 2636 per-

177 2652 251 2729 cipit
276 2650 395 2712 radiom
410 2649 440 2711 in
459 2647 489 2709 G
508 2649 618 2728 frangi,
643 2649 712 2729 quin
736 2651 900 2726 existimat,
926 2649 994 2712 inde
1018 2648 1160 2710 advenire
1179 2655 1285 2718 totum,
1310 2663 1450 2726 quorsum
1468 2645 1533 2723 ipse

178 2739 286 2800 obvius
318 2758 338 2798 a
370 2745 528 2818 spectante
561 2737 706 2816 dirigitur.
760 2737 921 2801 Concurrit
956 2758 1027 2818 ergo
1060 2735 1139 2800 AGI
1171 2755 1237 2798 cnm
1269 2735 1318 2795 MI
1350 2733 1472 2794 catheto
1502 2733 1532 2793 in

177 2837 290 2906 puncto
323 2828 348 2888 Ι.
404 2825 506 2897 Quare
537 2846 574 2887 ex
605 2827 770 2906 opticornm
803 2827 973 2888 delinitione
1002 2828 1017 2888 Ι
1050 2827 1132 2888 locus
1165 2825 1222 2885 erit
1254 2820 1400 2900 imaginis.
1445 2821 1533 2882 Hauc

178 2916 341 2996 imaginem
364 2915 460 2994 primo
484 2914 528 2976 sic
552 2915 704 2977 consului:
728 2921 765 2975 au
791 2933 909 2994 semper
932 2917 961 2978 iu
976 2915 1018 2976 ΙΕ
1042 2913 1188 2993 parallelo
1213 2912 1250 2972 ad
1270 2908 1324 2972 BG
1348 2908 1534 2988 superficiem

178 3003 391 3084 permanendo,
416 3003 647 3065 retractionibus
670 3004 830 3065 metiendis
857 3005 1006 3083 praebeat
1029 3021 1143 3064 ansam.
1190 2999 1235 3062 At
1258 2999 1314 3060 hoc
1337 2997 1447 3060 falsum
1468 2997 1534 3078 ipse

177 3111 287 3164 sensus
320 3092 470 3154 oculorum
496 3092 685 3160 testabatur.
746 3090 813 3162 Quo
846 3093 926 3154 enim
959 3090 1106 3172 obliquius
1140 3088 1283 3168 inspicias
1321 3104 1448 3166 aquam,
1478 3085 1534 3147 hoc

179 3182 279 3261 magis
303 3180 471 3242 ascendunt
493 3180 639 3260 imagines
664 3180 704 3241 ad
727 3181 932 3260 superficiem:
963 3181 989 3242 si
1012 3182 1126 3242 directe
1156 3177 1306 3256 despicias
1329 3193 1368 3237 ex
1390 3173 1421 3236 A
1444 3173 1474 3235 in
1498 3171 1533 3248 C,

178 3269 259 3331 nulla
286 3269 435 3330 ridebitur
459 3269 587 3332 altitudo
612 3269 695 3330 tundi
713 3269 752 3331 Κ.
791 3267 872 3339 Quid
896 3271 976 3350 quod
998 3270 1103 3352 modus
1125 3268 1185 3328 iste
1209 3266 1332 3327 tandem
1355 3282 1422 3324 cunr
1444 3280 1536 3342 snpra

179 3357 333 3438 descripto
357 3357 509 3421 coincidit.
556 3358 720 3419 Probntnru
745 3366 793 3419 est
816 3359 903 3432 enim,
929 3358 956 3418 si
978 3358 1016 3431 D,
1032 3359 1057 3427 I,
1072 3356 1153 3432 H,E
1178 3357 1269 3435 (qnae
1288 3352 1352 3431 jam
1376 3360 1446 3414 sunt
1468 3351 1536 3413 loca

178 3447 358 3526 imaginum)
387 3445 448 3508 sint
474 3447 505 3509 in
533 3447 639 3508 eadem
665 3445 811 3525 parallelo
840 3447 879 3508 ad
902 3445 966 3520 BG,
990 3446 1049 3507 LK
1072 3453 1104 3507 et
1126 3444 1192 3518 DL,
1216 3444 1275 3516 IM,
1300 3441 1370 3513 HN,
1392 3439 1452 3502 ΕΚ
1474 3439 1537 3501 εἰει

178 3535 454 3616 perpendiculares,
478 3542 513 3596 ut
534 3534 583 3596 hic
607 3553 722 3615 quoqne
746 3534 879 3614 ponitur,
905 3543 975 3598 tuuc
998 3534 1065 3609 KG,
1089 3534 1155 3606 NF,
1179 3531 1253 3606 MG,
1278 3530 1332 3591 LB
1361 3546 1534 3591 concurrere

179 3623 208 3685 in
232 3624 342 3686 eodem
364 3630 474 3702 puncto
497 3623 536 3698 R,
561 3623 664 3704 itaque
689 3641 756 3685 esse
780 3643 871 3685 nnnm
895 3643 933 3686 ex
955 3624 1053 3686 modis
1077 3621 1210 3702 rejectis.

264 3713 401 3775 Rursum
424 3711 569 3793 quaesivi,
593 3720 692 3774 utrum
706 3733 725 3774 a
738 3712 859 3792 punctis
874 3731 995 3774 suarum
1014 3710 1225 3774 retractiounm
1248 3705 1395 3785 imagines
1420 3705 1534 3782 aequa-

180 3801 247 3864 liter
271 3801 428 3875 abessent,
452 3800 661 3880 minimamque
685 3801 862 3864 distantiam
890 3802 1047 3864 metiretur
1074 3799 1152 3862 ratio
1177 3798 1345 3858 densorum.
1392 3793 1436 3855 Ut
1459 3789 1534 3852 silei

55 3891 58 3898 '
180 3890 220 3956 sit
244 3891 363 3970 imago,
389 3887 413 3952 O
438 3908 534 3970 aquae
566 3889 753 3969 superficies,
783 3889 814 3952 K
842 3890 965 3965 tundns,
995 3899 1027 3952 et
1051 3886 1104 3951 GE
1134 3888 1172 3948 ad
1197 3883 1254 3947 CK
1281 3889 1315 3943 ut
1343 3880 1472 3942 medinm
1495 3878 1533 3939 ad

180 3979 309 4042 medinm
332 3997 425 4039 cansa
448 3977 620 4040 densitatis.
655 3978 770 4040 Postea
788 3979 823 4051 F,
839 3976 920 4054 G,B
945 3979 1006 4040 sint
1030 3977 1090 4039 tris
1113 3976 1175 4044 alia
1196 3979 1309 4054 puncta
1332 3966 1534 4040 retractionis,

180 4077 209 4128 et
230 4067 381 4146 imagines
404 4068 435 4128 in
459 4067 491 4140 S,
511 4067 546 4141 T,
566 4066 597 4127 V
621 4072 653 4126 e't
676 4065 739 4144 ΟΕ,
759 4066 818 4143 FS,
839 4065 905 4142 GT,
930 4068 988 4130 BV
1013 4066 1166 4146 aequales.
1204 4061 1320 4122 Verum
1344 4055 1534 4120 statuebatur

179 4155 231 4216 boc
252 4164 346 4236 pacto
375 4154 564 4235 imaginisE
594 4153 695 4235 aliqua
723 4155 852 4218 altitudo
875 4155 905 4216 in
933 4154 1145 4236 perpendiculo
1174 4149 1251 4220 ΑΚ,
1279 4146 1358 4228 quod
1386 4145 1535 4208 retutatur

179 4244 374 4324 experientia,
399 4251 435 4305 nt
457 4244 533 4306 alios
558 4243 698 4306 elenchos
722 4251 850 4306 taceam.
889 4249 987 4316 (temp.
1007 4268 1031 4317 p.
1053 4249 1087 4302 tt
1105 4247 1150 4313 ss)

263 4332 368 4395 Tertio
393 4351 432 4394 au
453 4340 488 4394 nt
510 4332 640 4395 medium
663 4333 702 4394 ad
726 4333 864 4407 medium,
890 4332 933 4394 sic
958 4334 998 4405 (si
1018 4333 1048 4393 H
1071 4333 1113 4394 sit
1134 4330 1218 4391 locus
1243 4321 1397 4404 imaginis)
1416 4319 1472 4382 ΡΗ
1496 4319 1534 4380 ad

179 4419 255 4482 PX?
287 4421 425 4483 Minime.
471 4421 565 4483 Esset
596 4421 674 4483 enim
707 4423 750 4484 sic
783 4422 874 4483 etiam
900 4419 953 4484 GE
982 4421 1020 4482 ad
1045 4419 1121 4493 GK,
1153 4435 1245 4498 quare
1277 4427 1396 4491 semper
1429 4407 1534 4470 eadem

180 4509 304 4572 altitudo
327 4509 480 4588 imaginis
506 4509 583 4589 quod
603 4511 668 4588 jam
691 4509 897 4571 refutavimus.
1229 4538 1233 4544 ·

264 4597 396 4670 Quarto,
420 4615 459 4658 an
482 4605 516 4660 ut
539 4595 596 4660 GK
620 4598 657 4658 ad
682 4597 738 4659 ΡΧ
766 4598 810 4660 sio
838 4596 966 4659 altitudo
997 4594 1136 4675 imaginis
1165 4591 1195 4653 in
1217 4591 1248 4651 K
1275 4588 1315 4650 ad
1343 4584 1534 4648 altitudinem

158 4720 163 4729 ·
182 4683 210 4746 in
231 4686 282 4747 H?
305 4685 442 4748 Minime.
488 4682 566 4748 Nam
589 4692 643 4748 aut
665 4703 814 4767 nunqnam
837 4686 1006 4764 inciperent
1029 4682 1193 4746 ascendere
1216 4675 1383 4756 imagines,
1407 4681 1461 4736 ant
1483 4672 1533 4734 ubi

183 4776 269 4837 semel
290 4777 480 4854 inceperunt,
503 4775 702 4838 ascenderent
723 4775 755 4836 in
776 4773 934 4848 infinitum,
960 4772 1030 4854 qnia
1053 4771 1110 4832 ΒΧ
1138 4769 1261 4831 tandem
1283 4767 1318 4829 ut
1338 4761 1465 4826 infinita.
