3702 5532
665 325 696 376 ns
713 325 781 376 aava
800 323 953 380 sessurum
971 327 1016 380 ce.
1454 333 1519 406 153

167 501 268 575 derat,
288 505 325 562 'et
349 521 426 562 anno
458 497 542 564 1010
567 499 720 563 Bononiae
745 504 823 584 apud
854 505 1007 586 Maginnm
1040 507 1143 568 sedem
1171 507 1235 570 fixit
1258 512 1380 587 („vivo,
1403 507 1518 596 inquit,

167 591 246 670 apud
270 591 479 670 Meginum“),
513 591 678 653 medicinae
712 599 744 653 et
774 593 1005 657 mathematicae
1039 596 1170 658 deditus.
1217 599 1339 661 Testem
1373 601 1518 667 hahemus

165 679 282 758 Magini
307 679 401 758 ipsius
425 679 599 758 epistolam,
628 699 716 759 quarn
740 680 769 741 in
793 701 941 746 manuscr.
966 683 1088 762 Petrop.
1122 685 1370 764 deprehendimus
1378 709 1387 764 ;
1423 702 1519 754 testes

167 767 293 846 denique
322 768 426 829 literas
459 769 536 829 hand
568 787 700 848 paucas,
735 787 809 848 qnos
844 771 966 832 exhibet
994 772 1043 834 ed.
1078 769 1136 853 Op.
1172 771 1518 844 Galilaei.Flcrentina.·

165 855 330 918 Hnrlrins
355 857 398 929 (d.
423 852 476 918 31.
493 857 583 918 Mart.
611 852 710 929 1610)
735 858 820 918 initio
845 859 986 921 dubitans
1010 877 1107 938 pauca
1131 862 1205 922 haec
1228 863 1311 924 dedit
1333 864 1483 945 Keplero:

246 959 299 1018 ·„Si
315 960 439 1012 Nuncium
457 959 585 1010 Siderenm
599 961 629 1010 de
647 939 756 1026 qhatuor
771 963 839 1010 novis
858 963 965 1026 planetis
984 979 1028 1027 per
1041 981 1080 1014 me
1098 968 1226 1016 remissum
1246 975 1392 1019 consecutus
1406 987 1441 1030 es,
1455 973 1480 1022 id
1492 981 1521 1023 ut

165 1031 344 1081 volniiactnm.
371 1031 601 1090 Estresmiranda,
620 1039 709 1082 estres
723 1033 853 1096 stupenda.
879 1033 994 1084 Veraan
1008 1035 1205 1101 ialsa,ignoro.“
1231 1038 1386 1090 concludens
1401 1043 1521 1105 judicium

165 1103 266 1166 Kepleri
279 1103 311 1152 de
323 1103 360 1151 his
376 1103 514 1166 „planetls“
529 1105 574 1152 sibi
587 1105 697 1166 expetit:
717 1103 791 1167 paule
804 1118 860 1152 vero
873 1111 930 1168 post
942 1101 979 1166 (d.
994 1103 1018 1154 6.
1034 1103 1107 1170 Apr.)
1119 1111 1171 1169 jam
1185 1110 1347 1160 confidentius
1361 1113 1477 1175 affirmat,
1492 1130 1519 1165 se

165 1183 254 1224 contra
272 1173 411 1224 Galilaeum
439 1176 470 1223 de
496 1181 602 1238 quatuor
627 1174 691 1222 fictis
717 1174 825 1238 planetis
847 1177 873 1224 in
901 1176 1025 1238 publicum
1053 1178 1149 1241 prodire
1175 1195 1224 1228 non
1253 1183 1403 1244 veritnrum,
1431 1186 1520 1236 deindo

165 1243 202 1305 (d.
222 1243 266 1293 27.
286 1244 358 1307 Apr.)
376 1245 466 1298 literis.
495 1247 520 1293 in
540 1246 627 1309 quibus
646 1246 746 1294 scribit:
776 1261 838 1310 „ego
858 1245 994 1296 solitariam
1013 1248 1090 1298 vitam
1113 1263 1179 1298 cnm
1202 1266 1268 1300 mec
1286 1251 1417 1318 Magius
1437 1255 1519 1317 umc‚“

164 1314 231 1366 hanc
250 1315 356 1365 Galilaei
374 1317 467 1364 nomini
484 1316 607 1366 maculam
626 1315 767 1380 adspergit:
788 1323 842 1365 tota
860 1317 885 1364 in
903 1317 1018 1367 Bononia
1035 1321 1101 1369 male
1120 1321 1198 1378 audit,
1218 1323 1276 1386 quia
1294 1325 1376 1388 capilli
1395 1325 1520 1382 decidunt.

164 1391 220 1434 tota
239 1388 302 1435 cutis
321 1395 347 1436 et
365 1387 473 1436 cuticula
491 1385 550 1436 flere
570 1387 665 1436 Gallico
683 1395 772 1446 scatet,
792 1389 903 1436 cranium
920 1388 1024 1437 laesum.
1044 1390 1069 1439 in
1088 1393 1188 1440 cerebro
1207 1392 1332 1450 donnum,
1352 1397 1427 1458 optici
1444 1399 1521 1456 nemi

164 1458 225 1520 quia
242 1459 314 1506 nimis
343 1459 438 1508 curiose
457 1461 483 1506 et
501 1471 617 1521 pompose
645 1458 760 1520 scrupula
785 1458 866 1521 prima
884 1466 909 1506 et
925 1460 1038 1510 secunda
1065 1463 1133 1512 circa
1150 1463 1236 1512 Jovem
1260 1464 1413 1524 observarit.
1441 1469 1522 1532 rupti;

164 1529 240 1588 visus,
261 1528 368 1583 auditus,
387 1535 474 1593 gustus
493 1535 519 1578 et
537 1535 619 1578 tactus
638 1529 728 1590 periit3
753 1529 779 1578 in
798 1529 911 1578 manibus
930 1529 1058 1594 chiragra,
1086 1533 1145 1597 quia
1171 1533 1363 1598 philosophicam
1382 1543 1408 1586 et
1425 1539 1524 1588 mathe-

164 1600 286 1649 maticam
304 1601 434 1662 pecuniam
453 1601 537 1648 inrtim
555 1599 662 1650 sustulit.
701 1598 749 1648 Cor
766 1599 879 1662 palpitat,
899 1602 958 1664 qnia
976 1601 1086 1652 fabulam
1115 1605 1248 1653 coelestem
1273 1607 1385 1656 omnibus
1402 1609 1522 1658 vendidit.

164 1669 291 1718 Intestina
308 1677 429 1719 tumorem
447 1677 546 1732 praeter
564 1678 679 1718 naturum
698 1670 831 1733 deponunt,
860 1672 919 1734 quia
937 1671 1038 1720 ulterius
1058 1673 1124 1736 apud
1152 1675 1274 1724 studiosos
1293 1683 1319 1725 et
1336 1679 1399 1727 viros
1417 1679 1525 1730 illustres
1623 1703 1624 1707 ¹

163 1755 215 1790 non
233 1739 326 1792 titillet.
363 1739 444 1790 Pedes
462 1741 575 1804 podagra
592 1741 710 1798 clamant,
730 1741 788 1803 quia
805 1755 849 1802 per
868 1755 952 1790 omncs
971 1750 1075 1805 quatuor
1093 1745 1178 1808 anguli
1196 1747 1286 1795 limites
1304 1754 1419 1812 vagatur.
1455 1751 1525 1801 Felix

165 1824 198 1860 ac
215 1817 302 1876 terque
321 1817 455 1876 quaterque
468 1813 556 1860 beatus
573 1812 692 1868 medicus,
706 1813 747 1874 qui
765 1811 887 1859 inlinitum
902 1813 1051 1868 „nuncium“
1072 1815 1105 1864 ad
1117 1817 1252 1866 sanitatem
1264 1818 1393 1880 pristibam
1410 1821 1522 1872 reducat.

165 1882 213 1930 liis
232 1884 257 1930 in
276 1883 423 1946 postscripto
443 1882 513 1931 addit
531 1881 654 1930 Horhius:
676 1881 828 1932 Concrodam
847 1882 891 1930 tibi
910 1883 1007 1937 lurtum,
1026 1886 1092 1948 quod
1108 1886 1165 1938 ieci.
1197 1887 1324 1938 Galilaeae
1342 1891 1410 1939 venie
1428 1892 1461 1941 ad
1478 1906 1524 1942 nos

166 1953 315 2006 Bononiam.
336 1960 362 2002 et
380 1953 543 2018 perspieillum
561 1952 629 2020 illud,
648 1967 692 2016 per
710 1951 774 2015 quod
792 1958 897 2016 quatuor
922 1953 993 2002 fictos
1015 1955 1130 2016 planetas
1148 1957 1217 2014 vidit,
1236 1959 1330 2007 attulit.
1365 1959 1419 2026 Ego
1437 1960 1479 2010 21.
1500 1970 1526 2013 et

167 2023 212 2072 ¹25.
227 2024 320 2087 Aprilis
338 2024 377 2072 die
397 2032 422 2072 et
440 2031 514 2072 nocte
532 2037 658 2087 nunquam
676 2023 785 2079 dormivi,
804 2023 848 2071 sed
866 2025 1053 2073 instrumentum
1071 2025 1119 2082 hoe
1132 2027 1238 2078 Galilael
1255 2029 1343 2078 millies
1360 2031 1428 2082 mille
1445 2033 1525 2082 modia

167 2095 281 2157 probavi,
301 2102 353 2144 tam
373 2096 398 2143 in
410 2095 449 2144 his
467 2095 629 2150 interioribus,
648 2107 721 2158 qnam
734 2095 758 2142 in
772 2094 943 2156 superioribus.
969 2095 998 2142 ln
1016 2097 1170 2146 interioribus
1182 2099 1244 2148 iacit
1260 2100 1392 2163 mirabilia,
1410 2103 1435 2152 in
1455 2103 1524 2153 coelo

168 2165 244 2222 tellit,
264 2167 322 2230 quia
339 2165 404 2215 aliae
423 2165 511 2214 stellae
529 2164 595 2214 fixae
613 2165 754 2228 duplicatae
772 2165 893 2214 videntur.
920 2163 962 2214 Sic
975 2165 1100 2217 observavi
1118 2175 1192 2219 nocte
1211 2177 1329 2234 sequente
1348 2185 1403 2222 cum
1418 2173 1523 2224 Galilaei

163 2237 306 2300 perspieillo
333 2235 476 2291 stellulam.
504 2249 568 2300 quae
587 2249 660 2298 snper
677 2234 784 2285 mediam
811 2237 884 2284 tuum
902 2235 928 2284 in
947 2237 1030 2286 cauda
1048 2236 1127 2288 Ursae
1153 2241 1253 2302 majone
1278 2242 1379 2306 visitur,
1399 2249 1425 2294 et
1444 2257 1523 2309 aeque

165 2313 274 2371 quatuor
291 2307 467 2356 minutissimas
494 2305 605 2356 stellulae
631 2307 725 2356 vicinas
743 2305 801 2363 vidi,
828 2307 865 2355 uti
883 2306 1011 2356 Galilaeus
1033 2309 1059 2357 in
1078 2309 1139 2360 Jove
1167 2311 1311 2360 observavit.
1339 2311 1427 2364 Habeo
1446 2319 1523 2365 testes

166 2377 389 2426 excellentissimos
407 2381 470 2426 viros
489 2375 543 2437 dcc,
565 2392 649 2426 omnes
668 2378 856 2426 instrumentum
874 2376 959 2426 tallere
977 2385 1036 2426 sunt
1054 2381 1166 2429 confessi.
1193 2384 1228 2430 At
1247 2383 1374 2433 Galilaeae
1392 2384 1521 2442 obmutuit.

164 2456 192 2498 ct
211 2445 254 2497 26.
274 2449 313 2498 die
327 2448 414 2498 lunae
432 2449 510 2497 tristis
529 2451 561 2498 ab
579 2448 613 2497 ill.
634 2447 667 2496 D.
681 2447 783 2512 Maginn
803 2447 915 2496 discessit
927 2461 1021 2497 summo
1034 2464 1117 2508 mane,
1138 2458 1163 2500 et
1175 2467 1218 2515 pro
1237 2453 1369 2513 beneficiis,
1390 2457 1520 2520 cogitatio·

163 2520 238 2570 uibus
255 2519 372 2576 infinitis,
392 2521 450 2583 quia
466 2519 578 2570 fabulam
595 2519 718 2579 vendidit,
738 2517 860 2581 repletus,
884 2520 978 2583 gratias
997 2533 1046 2568 nnn
1065 2522 1124 2586 egit.
1163 2521 1207 2570 Ich
1224 2522 1274 2572 hab
1293 2525 1338 2574 das
1357 2527 1521 2588 perspieillum

163 2592 190 2640 in
209 2589 303 2640 Wschs
322 2590 498 2655 abgcatocben,
518 2591 563 2640 das
581 2589 699 2639 niemand
716 2590 800 2645 weiss,
819 2588 870 2637 und
887 2603 959 2638 wenn
977 2591 1024 2638 mir
1042 2591 1102 2640 Gott
1119 2592 1210 2642 vieder
1228 2609 1259 2642 au
1277 2595 1361 2644 Hauss
1378 2595 1448 2654 mlta,
1472 2596 1523 2646 vill

164 2661 206 2712 ich
225 2661 267 2711 fiel
287 2663 326 2710 ein
345 2675 456 2724 passeres
474 2661 640 2726 perspieillum
658 2659 764 2710 macheu
783 2660 820 2708 uls
838 2659 882 2707 der
900 2659 1036 2709 Galilaeae.

254 2731 373 2797 Maginus
400 2731 498 2796 quidem
526 2731 646 2782 Horlrium
669 2729 864 2786 dehortabatur,
891 2731 933 2794 qui
960 2737 1047 2780 contra
1065 2729 1205 2782 Galilaeum
1223 2735 1248 2782 in
1276 2735 1400 2797 publicum
1426 2737 1522 2800 prodire

161 2805 215 2866 jam
235 2810 313 2852 antea
330 2809 433 2866 paratus
450 2805 601 2866 propositum
620 2802 744 2852 adfinem
767 2799 887 2866 perduxit.
923 2801 1041 2850 Attamen
1060 2802 1112 2865 ipse
1130 2817 1225 2867 quoquo
1243 2805 1384 2856 matheseos
1401 2808 1523 2870 professor

162 2873 239 2922 simili
257 2875 354 2923 radone
371 2872 474 2937 Kepleri
491 2879 600 2924 mentem
618 2888 668 2922 non
685 2872 795 2936 percepit
812 2871 877 2920 siem
895 2875 1030 2928 zuccarus,
1049 2887 1120 2936 quem
1139 2888 1214 2937 supra
1232 2876 1344 2925 diximus.
1379 2877 1419 2926 Ad
1437 2878 1522 2928 literas

164 2947 231 2996 euim
259 2945 370 3008 Kepleri‚
400 2959 461 3006 quas
488 2945 660 2994 transmittens
687 2943 827 2993 Bononiam
855 2941 1094 3000 „Dissertationem“
1113 2943 1216 3009 blagino
1244 2947 1363 3004 dederat,
1391 2947 1456 2998 haec
1479 2949 1521 2998 ille

162 3017 310 3080 respondit:
329 3014 384 3065 Tua
402 3015 541 3064 dissertatio
561 3030 616 3065 cum
634 3015 724 3063 nuncio
743 3012 846 3068 sidereo.
865 3013 962 3064 inclusa
979 3013 1057 3063 literis
1075 3015 1098 3063 d.
1119 3013 1161 3063 20.
1181 3015 1267 3066 Martii
1285 3018 1344 3066 mihi
1363 3024 1401 3068 est
1418 3020 1521 3070 tradita.
1620 3033 1624 3041 ·

163 3085 298 3137 Methodus
316 3087 407 3149 placet.
428 3085 540 3136 Galliaco
553 3086 620 3135 hand
639 3091 737 3150 gratam
755 3084 863 3133 suturam
877 3084 959 3140 credo,
978 3085 1037 3152 quia
1048 3085 1081 3133 ad
1094 3099 1141 3134 sua
1157 3089 1278 3151 principia
1296 3096 1383 3154 argute
1397 3097 1422 3138 et
1441 3093 1522 3140 amico

162 3159 294 3207 revocasti.
333 3157 446 3216 Quattuor
463 3161 560 3206 tantum
580 3156 636 3206 novi
653 3155 762 3206 Joviales
780 3154 865 3202 iamnli
891 3155 1033 3204 eliminandi
1053 3163 1079 3204 et
1097 3157 1235 3206 excutiendi
1259 3160 1436 3224 relinquuntur.
1474 3160 1522 3209 Vix

163 3229 293 3278 obtinebit.
331 3225 373 3276 21.
394 3227 437 3276 21.
457 3227 548 3290 Aprilis
565 3225 624 3277 mea
641 3229 667 3276 in
685 3227 756 3275 domo
775 3239 819 3274 suo
838 3239 895 3274 cum
912 3225 1050 3288 perspieillo
1072 3230 1241 3290 pernoctavit,
1261 3244 1335 3278 novos
1352 3229 1397 3279 hos
1416 3231 1521 3280 maula-

162 3308 230 3349 tores
248 3299 379 3349 ostendere
407 3301 526 3363 cupieunq
552 3298 698 3348 nihilfecit.
734 3295 800 3346 Nam
817 3298 899 3360 magis
922 3309 996 3358 quam
1015 3294 1050 3344 20
1068 3299 1111 3344 viri
1140 3298 1275 3348 doctissimi
1303 3301 1421 3359 aderant,
1449 3316 1522 3352 nemo

162 3379 250 3420 umen
268 3370 383 3433 planetas
401 3383 477 3418 novos
495 3369 604 3431 perlecta
623 3368 684 3416 vidit
702 3365 746 3416 ἀι.
767 3365 803 3428 (d.
823 3367 887 3415 Bcn.
907 3361 950 3414 26.
972 3365 1032 3428 Maj.
1055 3364 1143 3428 1610).

254 3439 327 3500 Quae
345 3440 547 3503 insequentibus
573 3439 705 3488 renunciat
721 3437 828 3486 Horisius
848 3436 965 3499 Keplerc,
993 3443 1090 3485 tantam
1116 3439 1139 3486 ei
1163 3447 1292 3489 moverunt
1317 3441 1521 3506 indignationem,

109 3505 112 3512 ’
163 3519 193 3560 ut
212 3511 280 3560 iilum
298 3512 407 3575 graviter
425 3510 503 3560 literis
521 3510 663 3575 obiurgaret
682 3515 707 3558 ct
725 3509 796 3558 simul
815 3508 900 3557 literas
919 3508 1030 3556 mitteret
1043 3507 1163 3566 Galliaco,
1183 3509 1276 3559 Horkio
1289 3513 1389 3562 minime
1407 3527 1521 3576 parcens.

164 3597 197 3631 na
216 3583 312 3645 ipsein
330 3581 494 3645 suspicionem
521 3582 648 3630 societatis
675 3581 770 3630 veniret
794 3579 869 3628 libelli
888 3578 921 3628 ad
939 3579 1066 3628 infamiam
1086 3579 1191 3629 Galilaei
1211 3582 1242 3630 ab
1259 3582 1302 3631 illo
1321 3583 1397 3642 editi,
1423 3591 1448 3632 et
1466 3598 1522 3633 eam

163 3654 272 3702 maxime
290 3653 320 3701 ob
339 3667 442 3702 causam
462 3650 668 3710 „Narrationem“
689 3664 760 3699 suam
780 3649 988 3708 „Dissertatinni“
1009 3650 1176 3714 subjungeret.

255 3722 324 3774 llaec
336 3725 412 3788 igitur
425 3721 532 3772 Horkins
547 3718 583 3783 (d.
598 3717 639 3770 sl.
653 3719 727 3782 Maii]
740 3719 850 3783 Keplerc
868 3719 1022 3783 perscripsit:
1043 3719 1134 3784 Scripsi
1153 3720 1280 3770 durissime
1299 3729 1387 3770 contra
1398 3721 1523 3772 Nnncium

164 3793 310 3856 sidereum
331 3795 375 3844 ills
387 3793 472 3842 omnia
485 3789 521 3854 (i)
534 3793 620 3841 nuncii
636 3791 709 3854 hujus
728 3797 808 3854 pater,
826 3805 866 3840 me
878 3790 965 3851 inscio,
984 3804 1040 3839 cnm
1055 3791 1080 3838 in
1093 3797 1178 3840 nostra
1195 3793 1266 3840 domo
1279 3791 1408 3842 Bononiae
1420 3809 1522 3857 pernoc-

163 3871 234 3916 tatus
252 3871 297 3922 est,
318 3864 427 3914 abstulit.
454 3862 521 3924 Quis
539 3869 623 3912 autern
640 3861 731 3912 multos
750 3861 843 3911 amicos
860 3859 902 3910 hic
919 3859 1003 3915 hahet,
1023 3868 1091 3910 muto
1112 3862 1220 3910 animum
1234 3867 1260 3910 ot
1277 3862 1412 3912 secundum
1425 3863 1521 3913 Disser-

163 3938 286 3986 tationum
305 3941 374 3984 tuam
387 3935 555 4001 doctissimam
573 3934 677 3983 sormam
691 3933 765 3982 aliam
785 3945 882 3994 sequar,
901 3937 927 3980 et
939 3945 1013 3995 quam
1031 3932 1135 3993 primum
1146 3932 1197 3987 illa.
1217 3945 1281 3996 quae
1299 3931 1522 3984 contraNuncium

163 4008 228 4072 typis
248 4007 308 4056 dare
326 4006 432 4063 voluero,
452 4005 611 4067 descripsero,
630 4006 708 4068 primo
727 4003 771 4051 tibi
784 4001 816 4051 ad
834 4002 993 4050 revidendum
1005 4003 1111 4050 mittam.
1139 4001 1195 4050 Scio
1214 4002 1327 4064 deceptio
1339 4003 1406 4053 unde
1423 4006 1521 4062 veniat;

162 4077 231 4128 hanc
250 4083 286 4137 tu,
306 4075 352 4124 Vir
370 4075 519 4135 doctissime,
538 4076 565 4124 in
577 4073 759 4124 Dissertaticue
777 4073 804 4121 in
821 4071 906 4121 ultimo
926 4078 1071 4139 argumento
1084 4085 1141 4136 pag.
1158 4069 1192 4120 31
1205 4068 1315 4133 (ultima)
1333 4073 1455 4132 invenisti,
1476 4090 1522 4140 ego

163 4155 326 4198 contra'cum
345 4147 455 4209 ejusdem
474 4144 580 4196 Galilaei
604 4145 744 4210 perspieillo
761 4145 787 4192 in
806 4143 876 4193 coelo
894 4157 999 4192 errorem
1024 4141 1106 4191 iniveni
1125 4149 1151 4190 et
1168 4143 1276 4205 probavi.
1314 4142 1385 4191 Haec
1403 4145 1456 4201 tihi,
1476 4144 1522 4194 Vir

163 4219 306 4270 doctissime
319 4224 345 4267 et
359 4219 385 4266 in
398 4223 527 4266 aeternnm
543 4216 694 4271 honorande.
710 4213 840 4270 concredo,
860 4219 930 4262 extra
941 4213 1016 4261 limen
1028 4212 1097 4260 nihil.
1125 4212 1203 4260 Video
1222 4227 1306 4261 omnes
1318 4212 1394 4262 italos
1408 4214 1521 4265 Galilaea

162 4289 255 4340 lavere.
292 4287 373 4338 Video
395 4287 453 4346 illa,
472 4301 536 4352 qnae
555 4293 641 4336 contra
659 4287 751 4342 scribo,
772 4284 902 4348 Maginum
919 4291 948 4331 ut
965 4284 1030 4345 typis
1048 4282 1169 4345 prodeant
1186 4283 1321 4346 impedirer
1347 4284 1419 4347 lupus
1436 4285 1521 4349 lupum

163 4375 215 4410 non
230 4360 425 4422 mundatusque
444 4359 513 4408 canis
532 4370 620 4406 canem
645 4357 755 4406 allatret.
791 4357 826 4403 At
843 4353 907 4402 Italo
932 4353 966 4401 illi
984 4353 1105 4402 Patavina
1131 4360 1236 4418 quatuor
1262 4367 1337 4402 novos
1360 4355 1476 4416 planetas
1494 4357 1521 4405 in

163 4429 260 4482 Nuucio
280 4445 324 4480 suo
337 4429 375 4478 vel
395 4443 451 4477 cum
470 4442 501 4477 ca
518 4429 558 4475 itis
570 4429 619 4476 mei
638 4427 745 4490 periculo
758 4440 808 4474 non
826 4424 921 4474 cedam.
947 4423 1010 4472 Illud
1030 4424 1095 4471 enim
1113 4424 1286 4487 perspieillum,
1305 4423 1369 4488 quod
1381 4425 1520 4482 fabricavit,

164 4508 190 4550 et
207 4503 233 4550 in
252 4499 416 4564 superioribus
434 4503 460 4547 et
476 4443 630 4546 inierioribus
647 4497 719 4545 tellit.
756 4495 804 4544 Hic
823 4495 905 4544 lumen
924 4493 1137 4558 quadruplicatum
1156 4501 1232 4544 nocta
1249 4501 1387 4544 monstrare
1405 4511 1519 4559 pessume

165 4572 258 4634 spicam
277 4569 395 4636 Virginis,
412 4563 538 4618 mediante
556 4567 603 4616 hnc
620 4567 767 4631 perspieillc,
786 4565 938 4628 duplicatam
956 4564 980 4612 d.
995 4561 1037 4612 25.
1050 4565 1110 4626 Apr.
1130 4569 1204 4614 nocte
1221 4571 1340 4628 sequente
1360 4569 1483 4630 conspexi.
1507 4589 1512 4600 .

252 4641 281 4692 ln
299 4641 446 4706 postscripto
459 4635 625 4704 (germanico)
639 4637 716 4696 addit,
736 4637 904 4686 coniecturum
917 4649 944 4683 se
958 4633 1154 4697 „perspieilluw
1174 4635 1251 4684 multo
1263 4635 1350 4684 melius
1363 4635 1518 4696 Galilaeae,

167 4714 235 4774 cujus
252 4727 298 4775 cpe
316 4725 361 4775 per
380 4709 412 4758 15
430 4710 537 4758 miliaria
556 4709 642 4766 „einer
657 4709 704 4756 mit
722 4708 803 4755 einem
822 4705 917 4755 andern
934 4704 987 4753 sich
1005 4703 1147 4753 undereden
1166 4703 1285 4754 kbndte.“

253 4781 310 4832 lion
328 4785 459 4844 expectato
478 4778 580 4842 Kepleri
595 4779 687 4840 judicic
707 4776 737 4827 de
756 4775 872 4840 opusculo
890 4789 942 4834 sun,
962 4773 1027 4837 quod
1045 4773 1184 4839 priusquam
1203 4777 1268 4838 typis
1285 4776 1446 4827 mandaretis
1462 4779 1519 4828 hnic

166 4851 381 4904 hanamittendum
400 4854 531 4909 statuerat.
545 4847 652 4900 Horisius
670 4844 972 4898 oroschattanam
990 4857 1062 4894 suum
1079 4845 1224 4908 impressum
1242 4847 1310 4902 misit
1320 4847 1438 4914 Keplero,
1456 4849 1521 4907 haee
