3700 5530
322 310 389 382 594
738 313 838 364 Iiterae
856 311 960 377 Kepleri
978 309 1129 378 altorumque
1147 318 1248 365 mutuae

324 495 412 556 drato
436 491 582 553 diametri.
624 489 712 552 Facit
734 490 791 551 hoc
815 483 881 551 sola
903 490 994 551 etiam
1018 490 1113 570 figura
1136 490 1293 571 quadrata,
1318 509 1394 572 quac
1419 489 1612 572 amplectitur
1641 487 1673 575 ¹1,

324 585 362 644 de
386 581 533 662 quadrato
558 579 705 642 diametri.
752 581 818 640 Hoc
840 579 933 658 igitur
956 580 1073 641 nomine
1103 579 1246 659 recipitur
1276 575 1325 660 ¹}st
1355 601 1421 642 cum
1453 573 1523 665 ¹}24,
1554 573 1622 659 ¹l„,
1648 591 1682 643 nt

325 691 383 734 non
407 668 532 743 meliori,
556 667 614 730 imo
643 667 785 730 deteriori
808 669 875 747 jure
899 668 939 728 sit
963 687 1052 748 qnam
1081 660 1127 750 Ἲς.
1174 669 1262 730 Adde
1287 680 1318 730 et
1346 663 1417 752 ⁵l,‚,
1441 670 1511 750 quia
1534 670 1682 732 subtensa

326 760 402 821 haec
425 776 484 817 non
508 757 582 818 lacit
604 756 633 816 id
658 757 735 835 quod
769 758 914 818 subtensa
937 756 973 817 de
1004 751 1072 838 ¹l„,
1098 765 1132 819 ut
1158 752 1247 836 ῥητοι
1270 759 1403 838 spatium
1436 758 1566 820 ambeat.
1615 758 1680 820 Sed

327 849 430 910 eodem
453 845 570 906 nomine
591 837 633 922 ll,
661 845 690 907 in
713 846 809 924 primo
833 845 1098 907 limineconsistit
1120 847 1293 925 ejectorum.
1340 847 1421 908 Nam
1442 848 1512 928 quia
1534 848 1683 910 subtensa

324 937 360 998 de
392 930 424 1018 Ἰ,
453 941 502 994 est
524 931 646 1014 ἄλογος,
671 933 795 1016 ejusque
820 934 971 1013 (planum)
996 935 1114 1013 quidem
1137 935 1242 1013 ἄλογοι
1266 943 1298 997 et
1319 957 1430 1012 penca,
1459 937 1583 998 ideoet
1606 937 1681 998 snb-

326 1034 415 1086 tensa
438 1024 475 1083 de
506 1015 539 1104 Ἰ,
566 1023 648 1084 talis.
674 1053 716 1064 —
763 1024 868 1102 Itaque
893 1030 924 1084 et
954 1023 1028 1084 talis
1060 1023 1215 1098 efficacia,
1247 1024 1279 1085 id
1302 1033 1351 1085 est
1380 1044 1457 1103 pene
1484 1025 1576 1086 nulla.
1622 1026 1683 1087 Hic

327 1112 418 1192 igitur
440 1118 565 1186 teneor;
590 1113 724 1172 dixeram
747 1111 836 1186 enirn,
861 1130 908 1171 me
927 1111 964 1172 de
988 1111 1152 1191 sesquadro
1177 1113 1393 1192 experientiam
1407 1113 1527 1176 habere.
1559 1113 1683 1177 Videb'o

325 1220 380 1282 per
403 1199 512 1274 otium,
546 1200 624 1262 sitne
649 1200 685 1261 de
709 1201 766 1262 hoc
790 1208 915 1277 aspectu
938 1208 1001 1262 tam
1024 1201 1127 1261 valida
1157 1202 1360 1282 experientia,
1395 1220 1484 1282 qnam
1507 1202 1611 1268 valida
1626 1213 1685 1266 -est

326 1289 380 1351 illa
412 1289 448 1350 de
479 1289 616 1366 quintili,
648 1288 799 1367 biquintili
832 1296 863 1349 et
887 1289 1067 1352 semisermo.
1114 1291 1180 1352 Hoc
1211 1289 1331 1369 quidem
1363 1291 1476 1366 fateor,
1509 1299 1571 1352 tres
1605 1293 1682 1353 bos:

328 1377 493 1458 quintilem,
518 1375 718 1456 biquintilem,
745 1377 940 1457 sesquadrum
964 1379 1042 1446 ratio
1066 1378 1138 1439 mihi
1162 1379 1367 1459 suppeditavit
1381 1381 1457 1459 (jam
1477 1379 1684 1457 examinata);

328 1467 382 1527 sed
406 1464 600 1526 semisextum
625 1465 791 1527 nudissima
814 1466 1000 1545 experientia
1016 1473 1120 1528 eontra
1144 1487 1258 1530 omnem
1283 1467 1438 1530 rationem.
1476 1469 1584 1548 Itaque
1604 1471 1686 1532 circa

327 1554 524 1635 sesquadrnm
541 1555 726 1633 experientia
740 1573 808 1616 mea
826 1555 897 1616 mihi
913 1555 970 1634 ipsi
985 1563 1137 1634 suspecta.
1171 1554 1261 1628 Quod
1277 1564 1378 1617 antem
1392 1557 1459 1637 jam
1473 1565 1505 1618 et
1518 1575 1573 1636 pro
1588 1560 1685 1621 semi-

328 1651 414 1705 sextc
438 1643 585 1704 rationem
607 1644 709 1716 affero,
734 1663 771 1704 ea
794 1663 907 1723 nupera
931 1651 1030 1706 estet
1051 1644 1119 1724 ipsa
1142 1645 1328 1724 experientia
1354 1646 1441 1724 longe
1469 1647 1629 1725 posterior,
1654 1648 1684 1710 in

326 1733 461 1794 Adriano
477 1731 646 1810 (Romano)
662 1731 698 1792 de
714 1731 866 1794 subtensis
882 1732 983 1794 circuli
1000 1733 1077 1795 sorte
1093 1734 1214 1796 fortuna
1233 1741 1364 1812 reperta,
1397 1735 1494 1806 Vides
1509 1735 1610 1814 igitur,
1625 1755 1684 1798 non

329 1819 448 1882 admitti
465 1818 595 1882 infinitos
611 1828 762 1899 aspectus.
799 1821 878 1884 Nam
902 1823 931 1882 in
956 1821 1184 1902 aequationibus
1205 1821 1320 1901 ἀλογοις
1343 1823 1447 1884 statim
1471 1823 1555 1885 sistit
1576 1844 1685 1888 seusus

325 1909 491 1971 subtilitas.
538 1907 619 1970 Sane
644 1916 675 1971 et
698 1910 727 1970 in
751 1910 865 1970 musica
888 1929 946 1970 non
972 1911 1061 1972 durat
1093 1929 1213 1985 sensus,
1238 1911 1264 1972 si
1288 1911 1381 1972 nimia
1411 1913 1575 1974 intervalla
1600 1915 1682 1976 liant.

327 1997 433 2078 Itaque
462 1995 631 2076 conjunctio
655 2005 687 2058 et
710 1998 860 2078 oppositio
885 2011 916 2058 et
944 1991 978 2083 Ἰ,
1011 1999 1124 2060 faciunt
1147 1999 1275 2078 primum
1306 1999 1456 2074 ordinem,
1488 2001 1537 2081 qui
1565 2003 1631 2082 jam
1655 2003 1683 2064 in

331 2082 377 2164 70,
410 2082 442 2169 ⁸1,
469 2085 734 2148 vehementissime
758 2087 946 2160 debilitatur,
974 2087 1043 2167 qnia
1067 2088 1206 2169 aequatio
1230 2091 1264 2150 fit
1286 2089 1407 2168 diores,
1437 2097 1470 2150 el
1492 2091 1576 2152 ⁰⁰¹¹ss
1599 2111 1683 2154 (50ῐῦ-

325 2207 466 2288 pensatio
489 2207 523 2268 fit
533 2227 542 2283 3
575 2208 668 2270 multo
697 2209 790 2288 igitur
817 2209 914 2290 magis
938 2173 1096 2314 hii-⁶⁵23
1129 2219 1161 2272 et
1198 2211 1242 2273 sic
1278 2219 1505 2293 consequenter.
1554 2213 1606 2277 Sic
1648 2210 1678 2297 Ἰ,

327 2331 401 2394 iacit
425 2331 586 2395 secundnm
618 2331 767 2408 ordinem,
801 2352 926 2414 cumque
957 2328 988 2419 ¹l,
1014 2344 1096 2398 esset
1119 2338 1235 2398 iuturus
1259 2334 1385 2411 debilis,
1418 2338 1551 2400 accessit
1574 2337 1685 2400 nobilis

326 2420 480 2496 subteneo,
505 2439 559 2501 per
582 2441 671 2501 qnam
693 2422 722 2484 in
746 2421 872 2502 primum
900 2425 1029 2486 refertur
1057 2426 1189 2504 gradum.
1236 2424 1380 2497 Rursum,
1405 2447 1472 2488 cnm
1500 2418 1550 2508 ¹l„
1579 2445 1618 2488 ex
1647 2419 1680 2510 Ἰ,

327 2518 412 2572 esset
434 2510 553 2572 iuturus
581 2509 706 2586 debilis,
736 2511 868 2572 accessit
890 2513 988 2574 nobile
1012 2514 1157 2593 spatium,
1188 2532 1240 2593 per
1264 2513 1342 2593 quod
1367 2524 1399 2576 et
1427 2507 1477 2599 ¹l„
1505 2515 1533 2574 in
1557 2515 1685 2594 primum

328 2599 457 2664 refertur
489 2599 624 2678 gradum.
671 2602 717 2661 At
739 2619 774 2661 eo
794 2601 859 2679 jam
883 2609 968 2662 caret
996 2598 1066 2682 qm
1096 2610 1128 2662 et
1159 2597 1208 2680 ¹l2,
1236 2620 1271 2662 eo
1295 2601 1403 2664 recidit
1433 2623 1489 2683 quo
1520 2595 1585 2684 'tw
1632 2603 1685 2666 Sic

327 2707 394 2752 cnm
418 2689 566 2751 subtensa
589 2689 626 2750 de
648 2683 697 2770 ¹l„
727 2697 809 2750 esset
833 2707 868 2749 eo
892 2689 957 2752 loco
974 2709 1030 2770 qno
1057 2684 1104 2774 ¹l„
1128 2691 1260 2752 accessit
1282 2689 1391 2754 nobilis
1415 2692 1481 2771 ejus
1502 2693 1543 2762 ad
1568 2692 1685 2754 radium

325 2778 490 2856 proportio,
514 2777 617 2838 divina
640 2777 731 2846 dicta,
756 2795 810 2856 per
833 2796 922 2856 quam
943 2779 1032 2858 primi
1056 2779 1178 2840 honoris
1201 2779 1339 2841 efficitur.
1376 2781 1483 2861 Itaque
1515 2772 1545 2864 Ἰ,
1575 2790 1626 2842 est
1649 2800 1684 2842 eo

239 2867 241 2870 ’
324 2867 390 2928 loco
413 2867 514 2946 posita
536 2872 607 2944 post
636 2857 700 2947 ¹l„,
726 2885 784 2946 quo
814 2859 843 2942 ¹,l,
874 2875 945 2946 post
975 2862 1025 2946 ἸΝ
1051 2867 1120 2948 quia
1147 2869 1292 2930 subtensa
1316 2868 1352 2929 de
1382 2863 1412 2948 ¹1,
1441 2877 1545 2949 potest
1568 2870 1684 2932 radium

324 2961 356 3016 et
390 2954 455 3032 ejus
492 2961 611 3035 partem
647 2955 791 3034 majorem
824 2954 869 3028 (h.
902 2974 928 3016 e.
963 2955 1142 3035 quadratum
1180 2956 1284 3018 lateris
1322 2956 1543 3038 quinquanguli¹
1574 2958 1686 3020 circulo

327 3042 466 3122 inscripti
489 3049 600 3122 aequat
622 3061 767 3104 summam
791 3042 930 3123 quadrati
950 3044 1031 3106 radii
1055 3053 1087 3106 et
1104 3045 1242 3124 quadrati
1267 3045 1371 3107 lateris
1399 3046 1584 3126 decaugnli).
1633 3046 1685 3109 Sic

325 3139 357 3192 et
385 3123 442 3212 ²is3
467 3150 537 3192 nam
560 3131 624 3210 ejus
654 3132 801 3194 subtensa
830 3131 927 3195 minor
956 3141 1004 3194 est
1035 3151 1124 3214 qnam
1156 3135 1333 3214 quadratum
1367 3134 1506 3198 diametri
1537 3135 1686 3214 quadrato

323 3219 421 3298 partis
450 3219 573 3298 majoris
597 3221 641 3292 (h.
667 3239 694 3281 e.
720 3221 899 3300 quadratum
927 3221 1059 3300 diagonii
1094 3221 1305 3303 quinquangnli
1341 3231 1453 3304 aequat
1484 3223 1685 3287 differentiam

326 3306 466 3386 quadrati
497 3307 636 3369 diametri
669 3314 701 3369 et
735 3309 873 3388 quadrati
908 3311 1014 3372 lateris
1052 3310 1235 3390 decaoguli).
1294 3309 1346 3372 Sic
1384 3305 1435 3396 'lm
1469 3331 1505 3374 eo
1538 3312 1603 3375 loco
1638 3321 1686 3375 est

325 3401 465 3473 respectu
494 3388 545 3474 ίΙ10
572 3396 621 3457 vel
651 3391 697 3478 ¹1„
723 3415 779 3477 quo
813 3400 875 3459 lere
899 3407 947 3461 est
977 3393 1008 3480 Ἰ,
1038 3407 1178 3480 respectu
1207 3393 1254 3480 ¹l2.
1301 3400 1344 3462 Ut
1367 3401 1446 3462 enim
1477 3401 1623 3464 snbtdnsa
1646 3403 1684 3463 de

296 3543 303 3556 ,
331 3479 364 3566 Ἰ,
394 3491 505 3562 aequat
538 3483 691 3546 dimidium
723 3485 880 3561 diametri,
917 3488 961 3550 sic
993 3491 1139 3551 subtensa
1172 3489 1208 3548 de
1243 3481 1292 3571 ll„
1330 3490 1518 3570 componitur
1550 3510 1587 3552 ex
1617 3499 1687 3552 tota

325 3570 550 3634 semidiametro
570 3579 602 3632 et
621 3573 686 3652 ejus
709 3581 796 3653 parte
818 3575 936 3654 majori.
975 3576 1077 3657 Atque
1096 3576 1144 3638 hic
1166 3595 1280 3638 rursum
1294 3597 1342 3639 me
1366 3579 1493 3653 tenebis,
1519 3579 1544 3640 si
1562 3599 1683 3659 urgeas.

326 3660 452 3724 Mirifice
483 3661 591 3744 quippe
624 3662 751 3742 trepido.
798 3663 877 3726 Nam
903 3665 932 3728 si
962 3666 1073 3746 recipio
1103 3659 1153 3746 ¹l„
1186 3673 1308 3746 propter
1340 3667 1541 3729 accessorium
1572 3667 1684 3730 nobili-

324 3758 438 3820 tatem,
471 3749 634 3831 recipiendi
658 3759 783 3812 suntet
812 3743 862 3835 ¹1„
890 3761 922 3814 et
951 3747 1019 3836 ³l„„
1044 3754 1114 3816 sunt
1146 3753 1226 3816 enim
1254 3755 1417 3818 nobiliores
1449 3755 1523 3836 ipsis
1553 3749 1605 3839 ¹l„
1635 3750 1685 3839 ²1„

327 3857 402 3918 quos
426 3837 465 3900 ad
488 3839 686 3902 imitationem
709 3840 840 3902 musicae
865 3843 961 3905 solam
990 3861 1171 3924 receperam.
1218 3843 1324 3924 Neque
1353 3853 1453 3907 tamen
1478 3845 1525 3906 de
1539 3845 1685 3924 gradibus

325 3923 376 4001 36,
404 3924 465 3990 108
489 3929 648 4008 quicquam
667 3927 741 3990 inihi
765 3937 888 3992 constat
908 3951 964 4012 per
987 3931 1215 4012 experientiam.
1258 3931 1300 3994 Et
1321 3941 1355 3994 nt
1377 3951 1492 3996 mecum
1516 3933 1685 3996 deliberare

324 4015 427 4165 qcsqis
441 4015 478 4078 de
493 4017 625 4096 genuina
643 4035 737 4080 causa
760 4027 945 4099 aspectuum,
970 4021 1080 4083 faciam
1103 4020 1246 4102 synopsin
1273 4021 1486 4102 disputationis
1510 4022 1685 4084 decennalis

346 4123 362 4164 e
406 4124 442 4166 ac
465 4123 508 4168 re.

412 4207 447 4270 Si
471 4217 649 4289 aspectuum
672 4212 779 4274 eadem
803 4222 852 4276 est
870 4231 972 4288 causa,
997 4233 1073 4294 quae
1088 4214 1328 4277 harmonicamm
1350 4215 1480 4278 chordae
1505 4215 1685 4280 divisionum

323 4296 353 4358 in
377 4297 561 4361 dnosecnm
584 4307 706 4362 etcum
730 4307 795 4362 tots
823 4301 1053 4374 concordantia,
1083 4312 1155 4366 tnnc
1179 4303 1367 4366 adsciscendi
1399 4311 1521 4384 praeter
1545 4311 1683 4368 veteres:

323 4384 468 4466 quintilis,
493 4385 669 4468 biquintilis,
693 4391 896 4469 sesquadrus;
921 4390 1124 4453 excludendus
1149 4393 1340 4455 semisextus.
1386 4393 1584 4472 Experientia
1607 4413 1683 4456 con-

323 4473 423 4534 firmat
452 4475 625 4554 quintilem,
659 4476 848 4558 biquintilem
880 4484 913 4540 et
949 4480 1160 4555 semisextom,
1203 4483 1256 4544 sed
1294 4482 1491 4562 sesquadrum
1528 4483 1686 4545 confirmat

325 4561 480 4624 obscurius
503 4570 536 4626 et
563 4564 663 4627 dubie.
710 4563 745 4648 Sj
773 4573 929 4646 aspectum
957 4566 1032 4629 facit
1068 4569 1211 4631 nobilitas
1242 4569 1430 4649 aequationis
1463 4569 1626 4633 subtensae
1652 4579 1686 4633 et

326 4649 466 4712 diametri
489 4653 569 4727 sola,
600 4659 671 4715 tunc
694 4654 864 4719 excluditur
888 4654 1087 4735 sesquadrus,
1111 4658 1255 4739 recipitur
1285 4651 1349 4741 ‘lm
1379 4651 1445 4742 Ἶιι,
1476 4653 1540 4743 ”lm
1569 4651 1622 4741 *lm
1653 4667 1686 4722 et

330 4729 394 4817 ¹1„-
440 4737 638 4819 Experientia
665 4742 821 4805 confirmat
851 4738 914 4825 ’ΛΗ
945 4736 1009 4824 ’dos
1038 4737 1104 4828 *lm
1130 4745 1158 4809 h.
1184 4765 1210 4810 e.
1236 4748 1443 4821 semisextum,
1472 4748 1627 4827 quintilem
1653 4757 1687 4810 et

325 4821 522 4904 biquintilem,
546 4830 689 4910 relinquit
710 4829 850 4895 indubio
873 4832 1089 4912 sesquadrum,¹
1111 4829 1174 4914 ¹l„,
1197 4827 1262 4916 ³l„.
1300 4835 1440 4901 Nondum
1462 4833 1555 4916 igitur
1577 4836 1683 4917 liquet.
1830 4837 1831 4856 ¹
