3566 5536
729 319 811 388 Caput
827 321 882 375 XV.
1037 353 1040 364 ·
1411 321 1470 390 671

137 498 290 562 dimidium
316 493 382 562 16‘:
412 497 470 560 hoc
492 497 625 562 additum
648 499 687 562 ad
709 495 770 565 500
795 497 856 578 120,
880 500 970 564 efficit
990 497 1052 565 500
1073 497 1142 566 28οε
1174 501 1262 585 atque
1284 500 1363 565 hanc
1385 490 1482 566 centri

135 587 239 651 dicunt
261 587 450 651 altitudinem
472 587 531 650 visi
552 607 607 669 per
629 597 772 666 extrema,
796 611 856 653 non
877 611 931 672 per
954 609 997 652 se.

204 677 288 740 -Sed
311 675 382 758 quid
405 677 547 740 immoror
569 679 663 754 hisce,
687 697 754 741 cum
776 680 896 742 videam
916 681 1056 761 ignorare
1078 678 1243 755 homiuem,
1267 678 1338 761 qnid
1361 678 1403 742 sit
1423 679 1480 742 oh·

137 766 268 830 servatio
292 773 547 842 astronomorum,
577 768 685 830 nedum
707 775 743 830 ut
762 789 893 851 nuquam
922 769 986 851 ipse
1017 768 1231 832 observaverit.
1276 768 1379 847 Negat
1399 770 1479 832 cuim

137 856 219 920 Solis
242 863 376 918 centrum
399 855 495 918 videri
517 875 618 936 posse,
641 857 700 919 nisi
723 858 863 939 aquilinis
887 857 991 921 oculis.
1030 858 1078 921 Ac
1097 877 1163 920 cum
1185 856 1251 936 ipse
1266 854 1350 919 hisce
1366 866 1478 935 careat,

137 945 271 1027 sequitur
294 945 398 1008 Solem
421 945 548 1026 abipso
571 965 720 1027 uunquam
752 947 951 1010 observatum.
999 947 1104 1010 Talem
1124 945 1276 1008 homiuem
1298 964 1357 1007 uon
1381 945 1483 1011 decuit

136 1034 166 1096 in
188 1035 334 1098 Paduano
358 1043 445 1096 coetu
468 1034 576 1096 docere
599 1053 645 1111 ea,
669 1053 745 1118 quas
762 1037 892 1099 somniat
913 1038 952 1099 de
968 1037 1067 1100 Stella
1080 1037 1168 1098 Nova
1192 1042 1223 1096 et
1245 1034 1355 1097 ceteris
1378 1043 1480 1098 astro-

135 1123 278 1200 nomicie3
304 1123 358 1185 sed
380 1123 496 1186 discere
519 1143 538 1185 a
561 1123 737 1186 doctissimo
761 1133 856 1200 coetu,
880 1145 956 1207 quae
978 1127 1124 1188 hactenus
1147 1123 1306 1204 ignoravit

221 1213 297 1294 Ejus
321 1211 439 1294 quidem
462 1211 568 1274 librum
592 1213 628 1274 de
645 1213 734 1275 rebus
749 1215 932 1278 coelestibus
954 1223 1060 1276 contra
1081 1212 1310 1275 mathematicos
1335 1210 1479 1293 scriptum

134 1310 165 1364 et
186 1301 315 1365 Parisiis
337 1302 516 1385 impressum
540 1310 650 1384 quanto
674 1321 740 1364 cum
763 1305 918 1367 stomacho
940 1303 1073 1384 legerim,
1098 1302 1158 1365 dici
1180 1303 1232 1364 vix
1253 1308 1364 1382 potest.
1403 1302 1481 1364 Erat

134 1399 235 1454 autern
256 1391 429 1454 necessario
452 1390 597 1470 legendus
624 1391 655 1452 in
678 1392 806 1472 gratiam
827 1387 1009 1474 patroni.²⁸)
1055 1392 1083 1456 Ο
1106 1392 1246 1473 egregias
1270 1391 1481 1471 occupationes

137 1481 255 1560 generis
278 1481 413 1542 humani!
439 1480 517 1560 quod
538 1479 588 1542 hic
612 1482 759 1556 aedificat,
784 1482 863 1544 alter
877 1483 978 1557 diruit,
1002 1481 1072 1563 quie
1095 1481 1253 1543 aedificare
1275 1499 1335 1542 non
1358 1479 1465 1542 didicit
1472 1499 1480 1554 ;

134 1570 251 1632 scilicet
271 1578 306 1631 ut
328 1568 442 1650 aliquid
465 1587 575 1650 operae
598 1569 714 1652 locique
737 1571 869 1652 supersit
894 1571 986 1633 tertio
1015 1571 1053 1633 ad
1075 1569 1335 1632 reaedificandum.
1383 1568 1482 1640 Quam

38 1677 43 1694 ·
136 1677 191 1739 ego
215 1658 320 1721 lubens
343 1657 393 1719 hic
415 1657 551 1720 exclamo
568 1677 666 1720 meum
688 1659 764 1722 illud
786 1679 825 1721 ex
838 1660 963 1722 Persio:
1003 1660 1032 1724 0
1046 1679 1141 1723 corae
1154 1659 1323 1732 homiuum,
1348 1679 1365 1720 o
1380 1677 1482 1740 quao-

132 1757 199 1811 tum
222 1755 268 1812 est
290 1747 325 1810 io
346 1747 439 1810 cebete
459 1742 616 1822 iaooc.²⁹)
661 1747 723 1811 Sed
744 1750 820 1810 haec
842 1749 997 1812 hactenus.
1042 1749 1165 1813 Dictum
1189 1748 1268 1810 enim
1291 1747 1481 1809 demonstra-

133 1845 255 1919 tumque
288 1843 412 1899 estnec
435 1835 592 1918 quicquam
622 1845 776 1900 mussante
805 1836 1029 1919 imperitissimo
1052 1837 1249 1919 philosopho,
1281 1836 1401 1898 stellam
1423 1855 1482 1898 non

133 1933 266 1988 mutasse
290 1926 386 1988 locum
409 1925 510 2008 aliqua
532 1924 658 1988 notabili
679 1927 828 2008 particula
852 1928 888 1990 de
912 1923 955 1991 52
963 1921 1019 2010 ¹l2‘.
1062 1928 1132 1990 Jam
1153 1945 1313 2007 pergamus
1337 1925 1437 1988 altius.

228 2015 360 2098 tumque
387 2014 453 2078 Soli
481 2014 650 2078 tribuantur
678 2016 790 2078 usitate
822 2013 852 2080 3‘
880 2017 1090 2098 parallaxeos3
1122 2017 1192 2097 quia
1225 2012 1309 2078 1200
1338 2013 1481 2076 semidia-

140 2104 245 2166 metris
268 2106 379 2166 Terrae
403 2125 421 2165 a
444 2106 538 2166 Terra
560 2112 700 2167 censetur
729 2105 850 2181 abesse,
881 2113 1007 2188 suntque
1030 2107 1087 2168 hae
1111 2103 1142 2169 3¹
1164 2125 1236 2186 pars
1258 2103 1482 2166 undevicesima

139 2194 178 2255 de
202 2191 259 2257 57:
284 2193 382 2255 divise
398 2194 463 2274 jam
481 2194 604 2256 inventa
617 2193 768 2274 parallaxi
789 2195 984 2276 longitudinis
1008 2187 1106 2278 52¹b‘
1128 2213 1182 2276 per
1204 2189 1253 2268 19,
1276 2191 1379 2274 prodit
1391 2193 1482 2273 paulo

134 2279 241 2346 'minus
264 2279 304 2348 ³1.
344 2282 398 2345 Sol
422 2283 524 2364 itaque
548 2281 574 2344 si
600 2280 686 2346 1200
709 2283 939 2347 semidiametris
962 2286 1091 2347 aTerre
1106 2285 1212 2358 distat,
1236 2281 1414 2346 observatus
1435 2281 1484 2344 his

142 2372 161 2436 2
187 2372 294 2436 sitibus
324 2371 430 2454 quibus
459 2371 551 2434 stella
579 2380 628 2433 est
655 2372 830 2449 observata,
859 2381 994 2436 mutasse
1023 2373 1121 2435 locum
1148 2373 1232 2434 visus
1261 2379 1344 2434 esset
1364 2390 1418 2451 per
1441 2367 1483 2446 3¹,

139 2462 328 2544 quantumvis
351 2461 508 2543 quiescens
531 2480 564 2522 se
580 2461 647 2541 ipso
671 2461 701 2522 iu
724 2462 829 2524 eodem
851 2463 946 2542 gradu
970 2469 1002 2524 et
1018 2462 1132 2524 minuto
1155 2460 1280 2523 zodiaci.
1326 2460 1371 2523 At
1394 2459 1484 2522 stella

141 2559 246 2613 nostra
269 2571 327 2613 nou
350 2549 478 2612 mutavit
499 2549 597 2612 loeurn
620 2568 674 2630 per
697 2546 745 2626 3‘;
770 2551 840 2632 quia
862 2551 921 2612 etsi
944 2551 1087 2613 nonnulla
1109 2549 1289 2612 incertitudo
1314 2549 1352 2610 oh
1375 2568 1484 2611 causas

142 2640 293 2702 iudicatas
317 2638 418 2700 estin
441 2636 717 2713 observationibus,
741 2646 841 2701 tamen
864 2647 896 2700 et
918 2638 1043 2702 Octobri
1067 2646 1098 2700 et
1119 2639 1281 2701 Februario
1305 2637 1442 2718 utrinque
1466 2657 1485 2697 a

143 2727 320 2808 quibusdam
351 2725 449 2788 stellis
482 2726 668 2806 deprehensa
695 2734 744 2790 cst
770 2728 800 2789 in
827 2723 886 2790 17⁰
906 2724 961 2790 400
984 2733 1023 2803 72,
1052 2727 1190 2810 utrinque
1214 2748 1233 2788 a
1255 2725 1431 2808 quibusdam
1453 2724 1484 2787 iu

146 2814 204 2878 170
225 2812 281 2879 420
303 2815 352 2876 vel
375 2811 430 2878 43¹
453 2820 491 2889 ,Α
530 2816 572 2878 Et
594 2834 631 2876 ne
655 2813 821 2892 existimes,
844 2817 957 2880 sactum
979 2816 1037 2879 hoc
1059 2835 1127 2878 esse
1150 2815 1228 2891 ideo,
1252 2813 1322 2896 qnia
1344 2834 1404 2876 non
1426 2814 1483 2876 iis-

145 2906 211 2966 dem
226 2905 366 2986 utn'nque
390 2903 488 2966 stellis
512 2923 613 2966 sumus
636 2903 693 2979 usi,
718 2924 786 2966 ecce
801 2907 931 2988 Byrgius
950 2925 1071 2968 mensus
1095 2913 1143 2968 est
1163 2903 1288 2968 Octobri
1311 2904 1348 2966 ab
1370 2903 1486 2985 Aquila

140 2991 201 3058 450
224 2989 293 3056 43οε
326 2993 393 3072 Ego
423 3012 495 3054 vero
518 3011 640 3054 mensus
671 3013 736 3056 sum
757 2994 921 3058 Februario
951 2994 989 3057 ab
1011 2995 1116 3056 eadem
1138 2993 1251 3076 Aquila
1277 3000 1350 3073 post
1371 3001 1484 3056 certam

141 3083 355 3146 correctionem
377 3081 481 3144 itidem
501 3077 562 3145 450
584 3077 647 3145 430.

231 3171 407 3234 Memineris
430 3177 545 3247 autem,
577 3171 607 3232 in
629 3172 688 3234 hac
710 3171 968 3253 argumentatione
990 3171 1191 3253 praesupponi
1212 3170 1395 3253 hypotheses
1416 3170 1483 3232 usi-

141 3269 241 3336 tatas,
266 3279 342 3343 quae
365 3262 489 3323 Terram
512 3260 615 3323 dicuru
637 3269 737 3338 stare,
760 3263 885 3326 fixarum
908 3262 1067 3342 sphaeram
1090 3261 1232 3323 converti.
1278 3259 1344 3323 Aut
1366 3259 1392 3322 si
1415 3260 1482 3341 quis

143 3359 191 3417 est
213 3350 244 3412 iu
268 3349 418 3412 sententia
442 3349 615 3431 Cepernici:
644 3369 715 3412 eum
743 3352 800 3413 hac
824 3351 942 3434 quidem
971 3350 1228 3432 argumentatione
1251 3367 1343 3412 usum·
1359 3367 1484 3412 necesse

143 3446 200 3514 est,
222 3458 333 3520 ponere
358 3439 441 3501 sidus
469 3447 553 3501 certa
580 3440 708 3521 quadam
736 3441 882 3504 distantia
909 3442 1026 3502 affixum
1050 3439 1177 3502 Telluri:
1212 3439 1256 3502 sic
1278 3447 1312 3502 ut
1339 3457 1406 3500 caru
1433 3456 1484 3499 se-

145 3536 252 3609 quatur
274 3528 421 3608 quomodo
452 3529 532 3608 apud
553 3529 704 3591 Braheum
732 3529 820 3592 orbes
849 3537 1011 3612 sequuntur
1034 3529 1152 3604 Solem,
1184 3529 1263 3609 apud
1286 3527 1485 3608 Coperuicum

140 3634 211 3678 vero
234 3617 322 3678 Luna
343 3616 501 3679 Tellurem.
531 3617 539 3634 ⁶

131 3757 135 3765 .
231 3705 314 3768 Idem
336 3723 408 3766 vero
430 3705 563 3787 probabo
578 3706 669 3768 etiam
693 3706 792 3784 aliter,
816 3709 899 3770 sidus
916 3708 1007 3771 altius
1027 3726 1094 3768 esse
1110 3707 1213 3769 Lunae
1238 3703 1368 3766 sedibus.
1406 3703 1485 3766 Nam

143 3793 170 3856 si
192 3796 279 3857 Luna
306 3793 410 3856 eodem
438 3796 583 3876 temporis
611 3805 761 3860 momento
791 3805 822 3859 et
843 3798 874 3860 in
895 3796 1041 3862 Bohemia
1070 3803 1101 3857 et
1123 3796 1153 3857 in
1175 3793 1276 3857 Frisia
1299 3791 1484 3868 observatur,

142 3884 270 3946 diversis
302 3883 422 3945 videtur
453 3883 528 3946 locis
562 3884 616 3947 sub
633 3885 771 3950 aodiaco
777 3907 787 3963 3
820 3894 855 3950 ut
881 3887 965 3966 prius
998 3886 1034 3948 de
1062 3904 1136 3947 naso
1164 3891 1196 3946 et
1223 3882 1332 3964 pollice
1363 3881 1483 3944 dictum.

142 3972 238 4038 Verbi
260 3971 373 4053 gretia,
396 3972 539 4036 intersint
560 3969 599 4036 6⁰
620 3973 723 4047 circuli
745 3977 861 4057 magni:
894 3974 926 4038 hi
948 3975 1074 4037 totidem
1095 3974 1159 4036 iere
1181 3971 1305 4036 minutis
1326 3970 1486 4034 variabunt

142 4061 359 4143 aspectabilem
381 4061 494 4137 locum,
524 4063 550 4125 si
573 4063 653 4126 circa
676 4065 820 4128 verticem
842 4063 932 4128 fuerit
952 4064 1047 4126 Luna.
1096 4062 1171 4126 Cum
1194 4061 1285 4142 igitur
1307 4079 1367 4122 nou
1390 4060 1432 4122 sit
1453 4056 1485 4123 6¹

143 4151 312 4214 differentis
342 4151 420 4213 inter
448 4170 532 4214 meas
563 4160 595 4215 et
619 4152 752 4217 Fabricii
783 4153 1024 4216 observationes:
1056 4150 1147 4232 igitur
1175 4150 1297 4214 humilis
1328 4168 1396 4213 esse
1425 4169 1484 4212 non

139 4241 239 4324 potuit
259 4241 336 4302 haec
359 4239 458 4303 stella.
507 4235 515 4254 '
1398 4281 1404 4286 -

231 4331 345 4394 Verum
368 4329 497 4411 puerilia
521 4335 591 4392 suut
612 4331 673 4393 ista
695 4330 887 4406 diastemata,
908 4349 984 4413 quae
1005 4348 1060 4411 pro
1083 4347 1160 4392 nevo
1177 4328 1274 4391 sidere
1291 4328 1485 4410 expendimus

144 4413 303 4493 hacter'rus,
337 4420 407 4490 dum
435 4420 466 4482 in
495 4421 608 4482 usitata
640 4419 792 4484 sententia
824 4420 860 4482 de
893 4420 992 4502 quiete
1022 4419 1152 4482 Telluris
1183 4437 1346 4480 manemus.
1392 4417 1438 4482 At
1459 4418 1486 4480 si

146 4509 369 4590 Goperuicanos
392 4509 605 4572 immensitatis
628 4509 755 4592 abyssos
771 4509 950 4590 aperiamus,
976 4512 1060 4574 Deus
1082 4507 1170 4585 bone,
1193 4514 1336 4591 quantam
1357 4507 1388 4570 in
1411 4507 1484 4570 alti·

144 4599 276 4662 tudinem
299 4598 382 4660 sidus
404 4599 462 4661 hoc
485 4598 672 4662 elevabitur?

229 4689 326 4750 Nemo
357 4685 526 4763 existimet,
556 4689 674 4751 inanem
704 4707 772 4750 esse
800 4687 878 4749 hunc
907 4688 1055 4763 laborem,
1085 4705 1124 4748 ex
1153 4686 1303 4749 sententia
1326 4683 1485 4766 Ooperuici

147 4775 258 4856 aliquid
281 4777 494 4840 demonstrare.
542 4776 656 4840 Credat
677 4776 766 4852 mihi,
793 4797 851 4839 non
874 4784 990 4840 tentum
1013 4777 1116 4858 gliscit
1136 4775 1213 4840 haec
1235 4774 1400 4849 sententia,
1431 4773 1485 4836 sed

124 4863 234 4946 ,plane
266 4866 450 4930 convalescit
480 4867 560 4948 apud
591 4866 799 4948 philosophos.
850 4867 915 4929 Nec
941 4868 1063 4944 mirum,
1097 4885 1163 4929 curn
1193 4885 1247 4948 pro
1280 4883 1316 4926 ea
1347 4862 1486 4926 certatim
