3684 5518
329 241 395 310 250
797 243 987 308 sampsaeos
1003 244 1030 296 ta
1047 243 1216 295 Vltslllonsm.

328 421 526 492 parallelorum
546 420 694 482 distantia,
719 421 856 476 videbitur
881 426 977 476 erecta
995 427 1027 476 et
1047 436 1146 475 eversa
1164 420 1258 484 sinam,
1287 419 1420 490 siquidem
1449 419 1579 476 remotior
1598 419 1685 474 fuerit

329 500 422 555 citima
442 499 654 554 intersectione:
676 501 718 554 sin
739 501 859 572 propior,
882 509 977 554 erecta
997 507 1106 556 tantum
1126 501 1283 570 apparebit.

418 581 445 633 4.
473 584 513 634 At
539 579 563 632 si
592 581 746 634 excesserit
775 582 947 649 complexum
975 581 1174 649 parallelorum
1203 581 1279 634 ultra
1308 577 1453 632 terminum
1483 585 1544 634 tota
1574 595 1682 642 eversa,

328 657 443 714 medium
465 664 586 711 erectum
607 665 637 712 et
658 659 759 728 partim
780 659 915 712 circulare
937 661 1094 728 apparebit.
1105 658 1131 726 ·)

418 737 443 792 5.
472 737 598 806 Denique
619 739 697 791 oculo
720 745 750 792 et
769 755 800 791 re
822 738 859 790 cis
881 737 1011 792 terminos
1033 737 1256 793 intersectionum
1283 737 1469 792 existentibus
1491 736 1538 790 ille
1559 740 1682 807 paralle-

328 817 423 879 lorum,
445 817 516 870 haec
537 815 719 870 radiationum
741 817 822 882 oculi,
843 835 888 870 res
910 826 1005 871 erecta
1026 826 1054 872 et
1075 818 1213 872 maximae
1236 817 1400 888 quantitatis
1422 817 1568 870 videbitur.

415 893 637 972 Propositio
669 894 790 956 XVIII.
847 893 909 955 Sic
942 894 1171 957 habentibus
1209 894 1388 968 omnibus,
1423 903 1463 956 ut
1493 912 1593 974 prop.
1632 892 1681 955 17.

327 980 556 1061 praemissa,
590 983 733 1043 mediae
765 991 895 1062 partes
927 983 979 1043 rei
1013 984 1172 1064 majores
1213 985 1448 1062 apparebunt
1480 1001 1584 1061 quam
1616 1001 1681 1061 pro

327 1069 589 1149 proportione,
618 1078 654 1131 et
682 1088 826 1132 curvae.
873 1069 995 1132 Etenim
1022 1071 1207 1133 radiationes
1231 1091 1250 1132 a
1271 1071 1300 1131 D
1324 1071 1478 1149 proximae
1503 1071 1552 1132 exi
1575 1089 1682 1150 parum

327 1157 446 1238 oblique
470 1157 613 1232 incidunt,
639 1158 747 1238 angulo
763 1177 871 1238 magno
895 1159 1138 1239 comprehensae,
1163 1157 1232 1220 iude
1252 1159 1351 1220 subito
1375 1159 1532 1238 obliquius.
1570 1159 1681 1220 Parum

327 1245 418 1324 igitur
441 1245 472 1306 in
496 1245 593 1307 medlo
617 1265 670 1325 per
693 1248 817 1309 multum
837 1247 930 1325 spatii
952 1247 1095 1309 increscit
1118 1247 1270 1321 retractio,
1292 1247 1470 1308 alaterihus
1494 1247 1603 1321 subito,
1628 1265 1683 1325 per

326 1332 466 1411 exiguam
489 1340 607 1412 partem
631 1335 806 1416 superficiei.
853 1335 895 1394 Et
919 1353 976 1414 qno
999 1335 1067 1415 plus
1091 1344 1231 1396 crescunt
1254 1335 1472 1396 retractiones:
1502 1334 1558 1396 hoc
1582 1333 1680 1412 magis

328 1421 425 1482 liueae
451 1420 668 1498 divaricantur,
698 1423 811 1504 hocque
835 1423 902 1501 plus
926 1423 963 1484 de
987 1443 1019 1484 re
1047 1423 1115 1484 risa
1142 1424 1398 1503 comprehendunt
1425 1423 1513 1502 inque
1541 1423 1680 1500 exiguam

326 1508 494 1588 superficiei
518 1509 653 1571 lateralis
676 1520 792 1590 partem
817 1519 964 1573 statuunt.
1012 1509 1130 1573 Curvae
1158 1521 1258 1573 autem
1288 1517 1432 1591 putantur
1460 1529 1526 1583 res,
1556 1511 1626 1590 quia
1648 1510 1678 1571 in

326 1596 493 1676 superficie,
519 1617 595 1677 quae
619 1617 710 1660 curva
733 1609 789 1672 est,
815 1599 939 1661 haerere
964 1600 1112 1662 videntur.

415 1684 610 1748 Definitio.
658 1685 733 1748 Cum
765 1687 910 1748 hactenus
943 1688 1063 1767 imago
1088 1687 1178 1748 fuerit
1201 1705 1255 1747 ens
1280 1684 1442 1760 rationale,
1472 1686 1536 1765 jam
1565 1686 1678 1764 figuras

325 1790 423 1834 rerum
447 1789 516 1834 vere
539 1773 568 1834 in
591 1792 705 1856 papyro
728 1775 895 1838 existentes
919 1795 972 1838 seu
996 1777 1055 1838 alio
1078 1776 1194 1854 pariete
1225 1773 1396 1853 picturae
1423 1773 1571 1834 dicantur.

412 1860 625 1939 Propositio
649 1863 736 1925 XIX.
783 1863 904 1925 Dictum
938 1873 1003 1940 est,
1035 1865 1106 1946 quid
1139 1864 1225 1924 oculo
1257 1862 1377 1924 accidat
1405 1861 1485 1923 circa
1517 1862 1679 1939 sphaeram

325 1967 463 2028 aqueam.
509 1949 632 2012 Docebo
651 1951 726 2030 jam,
752 1952 898 2031 quomodo
921 1953 1011 2033 plane
1036 1952 1217 2015 contrarium
1241 1951 1363 2011 eveniat
1385 1969 1508 2030 papyro.
1547 1949 1679 2010 Primum

325 2036 380 2098 hoc
404 2045 489 2099 recta
512 2057 549 2098 ex
572 2037 661 2100 dictis
693 2039 868 2102 deducitur:
903 2059 955 2102 cnr
978 2043 1004 2102 si
1026 2059 1158 2122 papyrus
1188 2047 1295 2118 tangat
1324 2039 1386 2100 iere
1415 2038 1552 2118 globum,
1583 2038 1680 2116 ligura

324 2124 405 2203 globi
429 2124 471 2197 (si
504 2125 663 2189 trinarium
698 2127 788 2188 merit
810 2147 877 2188 cum
910 2130 999 2206 longo
1030 2129 1122 2202 collo)
1145 2147 1200 2207 per
1223 2126 1324 2188 Solem
1349 2129 1376 2188 in
1407 2126 1566 2206 sphaeram
1598 2125 1679 2186 irra-

325 2211 457 2274 diantem
489 2213 628 2292 pingatur
658 2233 748 2295 super
776 2233 921 2296 papyrum
950 2217 1039 2278 limbo
1072 2215 1264 2278 lucidissimo.
1313 2213 1461 2295 Quicquid
1491 2213 1568 2276 enim
1597 2213 1678 2274 intra

324 2298 400 2362 hunc
423 2301 608 2380 conrplexnm
632 2311 679 2366 est
710 2303 874 2378 radiorum,
908 2305 928 2366 ii
952 2305 1082 2366 nondum
1113 2303 1267 2365 intersecti
1296 2312 1367 2364 sunt
1393 2321 1460 2364 cum
1485 2319 1552 2362 axe.
1600 2299 1677 2362 (lum

322 2405 454 2469 papyrus
487 2388 608 2468 globum
640 2390 757 2470 tangit,
792 2411 893 2454 omnes
924 2393 973 2455 hic
1006 2401 1093 2467 sunt,
1128 2393 1176 2471 qui
1215 2391 1336 2470 globum
1375 2389 1505 2454 transire
1538 2397 1676 2468 potuere.

324 2475 449 2537 Limbus
473 2485 542 2538 tunc
571 2478 771 2541 lucidissimus
795 2487 858 2556 est,
888 2481 958 2560 quis
985 2480 1063 2542 radii
1090 2481 1296 2543 collectissimi
1326 2499 1417 2560 seque
1447 2485 1549 2539 mutuo
1579 2476 1678 2538 circu·

324 2563 429 2625 lariter
453 2567 502 2632 (at
524 2568 653 2630 nondum
676 2567 705 2628 in
730 2571 802 2644 axe)
830 2569 1072 2631 interserentes:
1101 2577 1135 2630 ut
1158 2569 1186 2629 in
1212 2568 1352 2648 apposita
1375 2569 1470 2646 tignra
1493 2573 1622 2646 apparet
1646 2565 1676 2627 in

322 2676 351 2728 α,
375 2654 405 2728 β,
427 2675 450 2731 y,
475 2657 501 2728 d,
527 2663 560 2716 ut
584 2657 643 2717 i'ert
667 2655 745 2718 ratio
767 2659 1000 2736 praemissarum
1024 2657 1322 2719 demonstrationum.
1369 2655 1428 2718 Ubi
1447 2655 1511 2734 jam
1534 2653 1679 2715 vicesima

322 2739 460 2803 diametri
489 2750 577 2820 parte
608 2763 740 2824 papyrus
771 2746 860 2807 fuerit
893 2755 1008 2807 remota
1042 2766 1060 2806 a
1093 2747 1170 2806 vitro
1201 2743 1362 2823 (siquidem
1392 2763 1410 2804 a
1442 2741 1591 2804 sideribus
1624 2741 1678 2802 fiat

321 2828 499 2902 illustratio)
518 2831 582 2910 jam
597 2830 626 2893 in
646 2833 744 2894 medio
765 2833 877 2912 figurae
900 2834 976 2896 radii
997 2834 1089 2913 aliqui
1105 2852 1137 2894 se
1153 2853 1218 2894 curn
1234 2851 1291 2894 axe
1314 2833 1496 2895 intersecare
1521 2829 1676 2909 incipiunt,

321 2916 409 2978 litera
439 2941 482 2993 or,
515 2919 584 2981 hinc
616 2929 647 2982 et
679 2923 808 2984 medium
841 2923 952 3001 figurae
986 2923 1138 2983 clarescit.
1190 2921 1348 2984 Decrescit
1379 2939 1450 2983 vero
1483 2919 1579 2999 figura
1611 2937 1677 2979 cum

320 3006 486 3066 remotione
509 3008 626 3088 papyri,
651 3027 708 3070 non
725 3011 803 3089 qnod
819 3027 912 3072 conns
936 3010 1099 3072 earundem
1123 3009 1269 3072 linearum
1285 3011 1321 3072 ad
1346 3008 1494 3070 turbinem
1518 3013 1675 3087 properet:

322 3109 379 3149 non
405 3092 483 3152 enim
507 3095 654 3157 decrescit
676 3098 952 3178 proportionaliter,
977 3099 1031 3158 sed
1057 3098 1141 3159 initio
1165 3099 1274 3174 subito,
1300 3098 1329 3160 in
1353 3098 1411 3158 fine
1436 3097 1532 3158 tarde.
1576 3093 1678 3157 Causa

328 3236 643 3250 -..--..-.-.,-,,

321 3312 530 3366 intersectiones
551 3317 758 3381 parallelorum,
781 3335 850 3390 quas
871 3334 889 3372 a
909 3335 987 3388 prop.
1012 3317 1058 3372 15.
1081 3316 1237 3380 denomino,
1259 3334 1308 3372 seu
1336 3325 1515 3388 utrarumque
1537 3316 1675 3372 terminos.

320 3393 351 3448 ld
371 3393 466 3463 itaque
495 3392 645 3462 diligenter
670 3405 744 3452 irota
787 3398 905 3452 Termini
933 3396 1158 3452 intersectionum
1183 3398 1382 3466 parallelorum
1408 3405 1545 3467 perpetuo
1570 3397 1678 3450 habent

320 3473 436 3528 eundem
461 3471 544 3525 situm
565 3475 600 3526 ad
629 3476 757 3545 globum,
788 3477 896 3530 termini
923 3495 975 3532 non
1006 3478 1207 3547 parallelorum
1238 3485 1378 3550 vagant-ur
1404 3477 1477 3532 ultro
1505 3477 1628 3548 citroque
1649 3474 1677 3530 in

320 3553 454 3608 inlinitum
477 3569 572 3622 nsque.

407 3627 435 3698 *l
456 3633 506 3684 Ad
529 3633 761 3687 corollarium
784 3635 803 3688 1.
839 3635 969 3688 Erectum
989 3635 1134 3700 ridebitur,
1157 3635 1283 3706 quicquid
1304 3635 1455 3706 percipitur
1475 3633 1676 3690 radiationibus

318 3729 356 3767 ex
376 3711 479 3782 pileolo
510 3709 595 3783 (quod
622 3729 701 3782 prop.
727 3713 772 3767 1³.
793 3713 821 3768 in
843 3713 915 3767 notis
936 3712 1158 3780 introduximus),
1181 3733 1314 3778 eversum,
1342 3715 1469 3785 quicquid
1489 3732 1540 3786 per
1565 3713 1676 3767 limbum

317 3807 367 3846 seu
388 3808 502 3846 aonam:
525 3792 659 3846 circulare
682 3794 746 3858 (hoc
766 3800 811 3848 est
831 3809 913 3846 unum
933 3803 1079 3861 punctum,
1106 3795 1183 3848 verbi
1210 3795 1307 3866 gratia
1332 3795 1440 3866 nigrum
1462 3794 1548 3856 ocull,
1575 3793 1604 3848 in
1624 3792 1675 3846 cir·

319 3873 440 3926 oularem
460 3871 571 3926 limbum
593 3869 767 3938 distractum)
789 3873 914 3942 quicquid
935 3889 986 3942 per
1007 3874 1146 3938 circulum,
1167 3873 1244 3929 limbi
1264 3883 1294 3928 et
1314 3873 1408 3944 pileoli
1431 3874 1585 3928 terminum.

405 3954 454 4004 Ad
479 3953 522 4006 lll.
546 3953 794 4008 corollarium.
838 3952 1010 4006 Geometrice
1031 3953 1100 4006 idom
1122 3961 1166 4008 est
1186 3954 1245 4007 sive
1273 3954 1368 4008 oculus
1389 3954 1417 4008 in
1437 3971 1510 4017 rem,
1533 3969 1582 4006 seu
1602 3952 1674 4004 haec

319 4031 345 4085 in
366 4032 474 4084 omrlnm
501 4032 605 4094 radiet,
626 4033 754 4100 utrinque
774 4033 876 4102 globus
901 4031 1080 4101 interpositus
1105 4035 1177 4088 idem
1201 4041 1337 4104 praestat
1381 4033 1467 4088 Oculo
1489 4039 1581 4088 autem
1602 4031 1675 4084 inter

319 4112 366 4164 ΤΒ
386 4111 535 4173 collocato,
564 4110 733 4166 radiationes
761 4111 919 4164 dividuntur
939 4111 966 4165 in
990 4113 1102 4180 pelares
1123 4131 1172 4166 scu
1201 4114 1337 4182 pileares,
1367 4111 1497 4166 circulum
1518 4119 1548 4166 et
1567 4127 1674 4164 zonam.

318 4189 498 4244 Radiatioaes
518 4205 606 4244 zonae
626 4199 659 4244 nt
675 4192 783 4252 Dl'EA,
805 4191 913 4245 DHGA
933 4207 995 4244 sese
1016 4199 1114 4246 secant
1134 4192 1207 4246 inter
1222 4193 1278 4246 SM.
1308 4193 1360 4246 Hic
1381 4210 1449 4262 ergo
1470 4209 1515 4245 res
1536 4190 1675 4244 collocata

319 4269 448 4338 objicitur
467 4268 523 4322 illis
545 4277 574 4323 et
594 4269 621 4322 in
644 4272 752 4324 oculum
780 4269 869 4322 induit
896 4286 1007 4335 eversa,
1030 4271 1054 4325 si
1074 4271 1146 4326 inter
1165 4273 1220 4324 All
1243 4272 1296 4325 sit:
1326 4281 1356 4325 at
1377 4273 1457 4325 simul
1479 4277 1584 4333 erecta,
1609 4268 1675 4340 quia

319 4349 438 4404 occurrit
458 4349 542 4404 etiam
562 4349 762 4404 radiationibus
784 4349 928 4419 pclarihus
949 4366 1011 4402 sese
1033 4369 1086 4404 non
1107 4351 1274 4406 secantibus.
1309 4353 1347 4404 Et
1367 4359 1428 4404 tota
1450 4351 1557 4420 quidem
1578 4353 1675 4402 erecta

319 4427 498 4497 spectabitur,
522 4429 587 4500 quia
607 4429 694 4484 minor
709 4437 753 4484 est
774 4445 856 4500 quarn
870 4438 903 4484 ut
922 4439 1050 4482 occurrat
1069 4429 1269 4484 radiationibus
1291 4429 1393 4484 circuli.
1423 4431 1559 4484 Different
1580 4435 1674 4483 tamen

320 4507 453 4578 imagines
474 4508 537 4562 situ.
579 4509 650 4564 Nam
671 4515 767 4563 erecta
787 4515 820 4562 ut
839 4523 957 4578 magna,
980 4508 1022 4562 ita
1042 4520 1105 4578 post
1126 4512 1239 4580 globum
1260 4517 1367 4564 remota
1388 4509 1545 4579 putabitur,
1574 4524 1675 4562 eversa

319 4585 448 4641 haerebit
468 4589 495 4642 in
517 4589 580 4657 ipsa
600 4589 744 4658 superficie
765 4588 844 4658 globi
866 4603 999 4640 convexa

409 4667 643 4722 Corollarium
658 4670 704 4722 lV.
726 4675 778 4730 est,
801 4683 862 4720 oum
883 4673 991 4720 tantum
1005 4675 1050 4720 est
1069 4668 1187 4732 visibile,
1209 4675 1241 4724 ut
1254 4668 1338 4722 etiam
1359 4667 1453 4722 circuli
1474 4667 1674 4722 radiationibus

320 4752 465 4800 occurrat:
487 4747 649 4804 metuetur
670 4767 705 4802 ex
731 4750 755 4802 l.
777 4755 808 4802 et
827 4745 855 4799 3.
