3476 5532
391 293 458 362 730
913 295 952 344 ne
969 295 1072 344 meua
1094 293 1217 344 ιοιιιιιιι

394 476 575 554 strigmenta
607 472 753 552 quaedam
775 492 795 532 a
816 471 888 533 Sole
919 479 1062 551 tanquam
1090 471 1270 533 scandenti
1301 471 1381 532 ferro
1410 469 1532 530 revulsa
1569 471 1661 532 Ηιιιιιι

392 565 476 643 leges
500 562 727 624 mathematicas
750 560 947 633 examinatis,
975 562 1040 640 jam
1067 579 1154 641 porro
1184 561 1306 641 physice
1335 560 1439 639 aliqua
1468 559 1609 621 examinare
1627 562 1658 620 rh}

391 651 589 732 impediverit.
628 651 675 712 Ac
692 651 818 730 primum
842 649 913 712 mihi
936 659 1168 712 cousentaneum
1192 659 1248 722 est,
1274 649 1416 729 quicquid
1440 649 1482 709 sit
1500 651 1532 709 de
1552 650 1663 710 diversior

392 741 574 804 macularum
604 741 806 814 redeuntium,
836 741 904 801 illas
928 757 995 799 esse
1019 740 1049 800 in
1072 740 1139 818 ipsa
1162 739 1243 801 Solis
1273 737 1430 818 superficie
1454 735 1593 818 Solemque
1610 739 1664 820 gqrul

391 831 429 892 ab
452 849 561 892 occasu
584 847 701 892 sursum
724 849 830 890 versus
853 837 949 890 ortum
973 827 1100 907 indeque
1123 828 1261 890 deorsum
1284 831 1408 901 (versus
1432 835 1556 888 nostrum
1574 829 1665 888 ututur

391 921 421 982 in
445 937 585 980 occasum
608 919 707 997 spatio
731 916 774 980 24
797 928 849 979 aut
872 914 914 980 26
938 917 1057 978 circiter
1080 917 1201 979 dierum.
1245 915 1308 978 Cur
1329 917 1386 976 hoc
1411 915 1484 978 mihi
1505 926 1666 976 consectantur

391 1008 536 1082 videatur,
561 1027 629 1070 mea
652 1008 687 1068 de
711 1009 812 1069 Marte
836 1006 1058 1069 Commentaria
1081 1007 1182 1070 dicent
1205 1004 1280 1087 Cap.
1304 1005 1462 1078 XXXIV,
1487 1005 1533 1066 ubi
1553 1007 1666 1065 ιιιιιιιιι

391 1097 559 1160 rationibus
582 1096 716 1176 probavi,
739 1095 820 1158 Solis
843 1115 959 1175 corpus,
985 1097 1010 1156 si
1034 1097 1229 1171 convertitur,
1253 1096 1344 1157 citius
1368 1114 1462 1176 quam
1483 1095 1564 1156 trium
1583 1095 1666 1154 nemin:

395 1187 494 1268 spatio
517 1185 611 1248 semel
634 1187 778 1248 converti
821 1186 935 1266 Addidi
957 1185 1154 1265 conjecturas,
1188 1187 1293 1266 quibus
1316 1185 1393 1245 haec
1427 1185 1560 1264 periodus
1579 1184 1607 1243 ad
1622 1183 1666 1242 triln

394 1278 442 1338 vel
479 1275 571 1336 etiarn
606 1275 692 1336 nnius
725 1276 784 1336 diei
820 1274 990 1353 angustiam
1025 1273 1186 1353 redigitur:
1225 1276 1277 1338 sed
1307 1275 1522 1336 imbecilliores
1553 1281 1607 1334 snut
1631 1273 1666 1330 tu

391 1366 557 1445 ceduntque
591 1363 655 1444 jure
686 1365 798 1443 optimo
831 1365 898 1426 huic
931 1364 1152 1442 experientiae,
1187 1383 1263 1443 quae
1293 1383 1313 1422 a
1339 1358 1384 1426 26
1419 1363 1459 1424 ad
1492 1358 1533 1425 30
1560 1363 1609 1422 dies
1628 1361 1667 1419 ιιιι

392 1455 518 1533 Apelles
540 1454 656 1516 mavult
688 1474 740 1515 eas
763 1475 782 1516 a
806 1453 961 1532 superficie
984 1451 1066 1514 Solis
1098 1471 1239 1531 separare
1268 1453 1388 1514 tantulo
1422 1451 1586 1524 intervallo,
1609 1465 1667 1529 quaro

392 1545 503 1605 absunt
525 1543 619 1604 nubes
642 1553 765 1605 nostrae
788 1563 808 1602 a
829 1543 984 1622 superficie
1006 1541 1149 1615 Telluris,
1177 1544 1233 1604 hoc
1257 1551 1306 1603 est
1331 1541 1512 1604 insensibili.
1553 1540 1603 1602 lieu
1620 1539 1665 1597 hale

393 1633 471 1714 qnod
503 1632 715 1695 mathematice
746 1632 966 1694 contradicam:
1000 1641 1032 1692 et
1054 1632 1098 1692 sic
1121 1633 1242 1693 tandem
1270 1631 1329 1694 loci
1357 1631 1495 1692 nonnihil
1525 1629 1667 1708 relinquerent

395 1722 471 1803 ipsis
502 1721 593 1782 etiam
624 1722 803 1801 conjecturis
834 1721 909 1782 meis
932 1721 970 1782 de
993 1721 1084 1782 tridni
1114 1722 1307 1784 revolutione.
1353 1721 1423 1782 Hoc
1453 1721 1528 1781 enim
1554 1719 1667 1780 habetne

398 1810 618 1890 argumentatio
647 1810 712 1889 jam
744 1811 878 1890 allegata
910 1829 946 1870 ex
974 1807 1083 1889 Capite
1106 1811 1255 1872 XXXIV.
1302 1807 1586 1872 Commentariomm
1605 1805 1668 1872 llud,

334 1983 337 1990 Ι
401 1900 479 1961 omni
510 1919 652 1979 corpore,
685 1902 763 1979 quod
786 1919 806 1960 a
829 1897 899 1960 Sole
927 1900 1008 1961 circa
1036 1919 1068 1959 se
1098 1900 1323 1978 circumagitur,
1347 1897 1456 1984 Solem
1489 1899 1576 1981 ipsum
1601 1893 1666 1956 celei·

361 2045 365 2054 .
401 1990 482 2052 circa
513 2007 597 2051 suum
628 2007 715 2050 axem
746 1989 889 2050 converti.
937 1987 1072 2050 Celerius
1104 1989 1196 2068 igitur
1217 1988 1272 2050 Sol
1294 1997 1524 2050 converteretur
1548 2004 1616 2065 quan
1633 1985 1666 2040 ize·

395 2080 541 2140 maculae.
590 2077 704 2151 Nubes,
728 2078 781 2152 ait,
806 2078 899 2138 statui
923 2098 980 2138 non
1004 2097 1092 2158 posse
1116 2079 1171 2140 has
1194 2079 1339 2139 maculas.
1386 2078 1544 2158 Equidem,
1566 2074 1618 2155 quia
1632 2069 1664 2130 St:

396 2187 503 2248 corpus
528 2167 657 2228 sortasse
681 2186 740 2228 non
773 2167 907 2228 continet
929 2167 1009 2228 intra
1036 2187 1103 2228 sese
1136 2169 1228 2228 talem
1259 2168 1391 2228 humoris
1422 2169 1553 2240 iontem,
1579 2162 1664 2224 ntlti:

396 2267 510 2318 nostra.
548 2253 629 2325 Quid
643 2255 669 2317 si
692 2257 784 2334 igitur
807 2264 839 2316 ut
862 2255 964 2318 Tellus
987 2265 1091 2318 nostra
1113 2256 1207 2318 nubea
1230 2275 1352 2337 aqueas,
1377 2257 1423 2318 sic
1438 2255 1520 2319 Solis
1541 2249 1664 2332 corpusi-

396 2344 482 2426 gines
506 2345 635 2405 exsudat
659 2363 695 2405 ex
710 2364 776 2406 sese
801 2345 954 2425 gignitque
979 2346 1079 2418 ,circa
1102 2365 1134 2407 se
1149 2345 1251 2425 piceas
1266 2357 1333 2406 atra
1348 2347 1475 2426 fuligine
1499 2341 1613 2406 ιιιιιιιιι9
1634 2339 1662 2398 lu

397 2437 434 2497 de
458 2433 662 2512 magnitudine
685 2443 755 2495 veto
780 2434 918 2512 Apellem
941 2453 1008 2496 esse
1037 2435 1206 2496 sollicitum.
1251 2436 1332 2496 Nam
1354 2453 1433 2515 qnae
1464 2434 1613 2496 necessitas
1631 2441 1662 2500 66

398 2525 524 2586 eandem
547 2523 663 2584 illarum
686 2525 908 2604 proportionem
932 2533 1065 2585 statuere
1080 2525 1119 2586 ad
1133 2525 1246 2599 Solem,
1270 2533 1417 2605 quaeest
1440 2533 1597 2586 nostrarum
1611 2517 1663 2578 ιιιί

403 2614 442 2676 ad
467 2613 608 2688 Terram,
642 2632 708 2674 cum
736 2613 827 2674 etiam
857 2614 887 2674 in
915 2613 1001 2675 Luna
1030 2623 1147 2674 montes
1180 2615 1242 2675 sint
1272 2633 1329 2675 non
1362 2623 1483 2676 tantum
1505 2615 1533 2676 in
1554 2605 1665 2691 propono·t

400 2705 530 2784 majores
553 2702 748 2777 nostratibus,
772 2701 826 2762 sed
850 2703 1026 2780 simpliciter
1049 2704 1165 2764 etiam?
1191 2703 1237 2764 De
1262 2703 1492 2766 obumbratione
1515 2696 1670 2780 supradicti

377 2822 380 2831 ·
397 2792 631 2872 magnitudinem
646 2792 818 2853 detrimenti
832 2791 977 2852 luminis
969 2793 1108 2870 imputari
1123 2793 1153 2853 in
1167 2792 1405 2872 prolanditatem
1421 2793 1543 2854 umbrae
1555 2789 1587 2850 ob
1598 2799 1665 2867 pant

404 2883 554 2960 oculisque
578 2882 746 2962 expositam
770 2881 1030 2962 comparationem

485 2972 589 3051 Negat
621 2971 714 3032 etiam
746 2991 813 3031 esse
845 2979 988 3032 cometas.
1043 2970 1193 3030 Plurimas
1223 2969 1296 3030 mihi
1328 2971 1532 3049 cogitationes
1560 2965 1665 3028 excitat

399 3078 516 3123 omnem
538 3062 719 3122 mentionem
741 3060 923 3140 hujusmodi,
956 3061 1082 3161 primpm
1107 3069 1204 3160 ‘atque
1237 3077 1303 3120 cum
1336 3059 1467 3122 maculis
1498 3059 1574 3120 hisce
1601 3050 1664 3124 atie

401 3151 483 3212 Solis
507 3150 661 3229 superficie
685 3149 877 3211 discedimus.
923 3147 1042 3218 Quid'
1018 3169 1044 3210 st
1067 3146 1146 3210 enim
1160 3147 1215 3209 Sol
1238 3167 1316 3210 anno
1339 3149 1393 3210 illo
1412 3157 1481 3211 toto
1494 3149 1660 3210 caede
1595 3143 1664 3205 6666

401 3240 508 3300 scaber
531 3239 590 3300 fuit
612 3247 643 3300 et
665 3239 833 3318 hujusmodi
857 3239 1044 3317 strigmentis
1067 3245 1150 3300 totus
1179 3237 1319 3300 obsitus?
1365 3235 1448 3308 Quid
1476 3239 1510 3312 si,
1536 3234 1662 3316 quotiesqt·

403 3328 537 3408 digiosac
569 3328 711 3390 tenebrae
743 3329 875 3402 suerunt,
908 3327 979 3388 talis
1012 3327 1115 3406 aliqua
1144 3326 1236 3406 fuligo
1270 3327 1333 3387 late
1365 3328 1521 3408 explicata
1550 3325 1597 3386 toti
1615 3334 1662 3393 uoq·

403 3417 485 3480 Solis
508 3416 646 3479 obstitit?
685 3416 766 3486 Quid
789 3419 814 3478 si
838 3417 1017 3495 strigmenta
1038 3416 1100 3476 ista
1122 3438 1140 3477 a
1163 3417 1304 3477 candenti
1318 3415 1400 3477 Solis
1424 3435 1547 3496 corpore
1567 3410 1660 3474 ιιιιΙιιῖ

402 3517 473 3568 sunt
495 3526 526 3567 re
549 3525 622 3568 vera
644 3507 799 3566 cometae?
831 3507 937 3585 quippe
962 3506 1213 3578 animadversum,
1241 3499 1400 3584 plerosque
1426 3527 1446 3566 a
1469 3506 1539 3568 Sole
1560 3499 1666 3564 interint

401 3597 516 3658 heliace
540 3595 619 3658 oriri
656 3596 762 3658 Nonne
786 3604 919 3656 veterum
939 3595 1023 3658 haec
1031 3595 1222 3674 philosophia
1240 3595 1307 3667 fuit,
1331 3605 1516 3658 cometarum
1534 3599 1667 3670 corpont

403 3685 497 3748 dita
488 3705 518 3746 ru
534 3685 615 3747 Solis
638 3685 734 3746 latere
757 3684 839 3755 lnce,
862 3685 959 3762 quoad
980 3686 1071 3746 certis
1090 3686 1127 3745 de
1147 3683 1245 3746 causis
1266 3684 1454 3762 prosiliant'
1446 3703 1534 3766 mque
1553 3701 1610 3743 con
1602 3685 1667 3791 6669

404 3775 548 3836 veniant?
592 3773 729 3836 b'onne'
722 3793 751 3834 ιιι
774 3793 841 3836 meo
863 3773 938 3835 libro
962 3773 998 3834 de
1023 3773 1121 3835 Stella
1142 3772 1212 3834 anni
1240 3769 1333 3835 1604.
1366 3775 1547 3855 conjecturis
1568 3761 1668 3851 quibet

404 3865 510 3926 ductus
534 3862 781 3925 considerandum
803 3861 960 3943 proposui,
994 3883 1062 3924 num
1095 3865 1191 3925 onmis
1221 3871 1356 3922 cometae
1385 3865 1516 3926 materia
1536 3861 1573 3924 sit
1590 3865 1663 3918 cnut

404 3954 551 4034 quaedam
573 3953 728 4032 globorum
751 3954 966 4014 mundanorum
989 3953 1121 4030 adeoque
1146 3960 1177 4012 et
1191 3950 1282 4020 Solis,
1306 3959 1360 4012 aut
1374 3953 1509 4014 detersio
1526 3967 1603 4012 aurae
1619 3940 1668 4002 69·

403 4061 474 4106 reae
497 4051 529 4103 et
551 4043 595 4104 sic
618 4043 749 4103 excretio
774 4043 857 4120 fulig'
830 4043 919 4114 vinis,
945 4059 1020 4120 quae
1043 4040 1258 4103 obscuritatem
1281 4051 1348 4102 erat
1370 4041 1493 4104 factura
1513 4049 1542 4102 et
1562 4033 1668 4117 opacittl

405 4152 496 4194 aurae
520 4133 690 4206 aethereae,
715 4150 790 4210 quae
814 4129 1025 4211 impedimento
1049 4131 1091 4192 sit
1112 4131 1205 4192 radiis
1220 4129 1397 4192 Solaribus?
1431 4129 1583 4194 Concludit
1599 4117 1665 4200 9669

406 4229 460 4282 ant
482 4229 586 4301 partes
609 4239 676 4280 esse
700 4219 775 4281 coeli
798 4219 923 4298 alicujus
946 4219 1099 4282 densiores
1118 4227 1172 4280 aut
1194 4238 1320 4298 corpora
1334 4239 1389 4298 per
1404 4241 1439 4282 se
1458 4216 1604 4283 existenda
1620 4221 1666 4304 666

405 4310 440 4372 Si
462 4319 566 4390 partes
590 4309 714 4388 aliquus
737 4308 827 4382 coeli,
852 4309 939 4387 quale
962 4309 1055 4370 illud?
1099 4308 1206 4370 Nonne
1229 4309 1308 4381 tale,
1339 4311 1419 4389 qnod
1445 4310 1544 4374 Solem
1565 4305 1599 4366 sic
1615 4295 1669 4360 mtv?

405 4400 550 4480 proxime,
574 4399 618 4460 uti
639 4417 738 4459 meum
760 4417 867 4478 corpus
890 4397 1027 4459 amicitur
1050 4397 1167 4459 indusio
1189 4407 1221 4456 et
1243 4395 1287 4458 nti
1310 4415 1362 4459 cor
1383 4399 1543 4460 involvitur
1560 4383 1670 4482 6669699·

405 4489 501 4568 Atqui
523 4488 628 4548 videat
648 4488 788 4566 Apelles,
821 4507 879 4566 qua
912 4486 1210 4547 verisimilitudine
1202 4505 1231 4546 ιιι
1261 4485 1396 4565 qualibet
1419 4487 1591 4550 revolutione
1608 4475 1670 4538 16699

407 4585 461 4639 ant
482 4576 639 4640 amiculum
661 4576 717 4637 hoc
739 4595 848 4636 novum
871 4584 1011 4654 generet,
1043 4593 1150 4635 norum
1180 4573 1355 4636 distinctum
1385 4579 1521 4640 maculis.
1562 4571 1589 4634 Si
1607 4573 1670 4667 66699

407 4665 527 4744 singula
558 4681 612 4745 per
644 4685 676 4724 se
709 4664 916 4724 existentias
902 4665 1026 4726 seorsim
1057 4682 1111 4724 nec
1144 4664 1250 4724 eodem
1280 4667 1364 4724 coelo
1393 4685 1541 4728 connexa:
1568 4650 1670 4742 669996·

409 4771 521 4831 quaeso
544 4762 610 4822 cst,
634 4753 712 4831 quod
735 4753 834 4814 omnia
857 4753 961 4813 eodem
984 4763 1086 4814 tenore
1109 4761 1208 4814 motus
1232 4754 1400 4827 connectit,
1435 4775 1489 4816 cur
1509 4769 1561 4816 oon
1580 4761 1628 4808 sus*
1620 4733 1670 4794 >ll

411 4841 482 4918 gula
503 4849 626 4902 servant
647 4841 805 4918 periodos?
850 4839 996 4904 Omnibus
1022 4842 1124 4920 itaque
1155 4840 1252 4904 modis
1284 4841 1324 4904 ad
1353 4845 1493 4908 maculas
1514 4840 1613 4906 Solates
1631 4817 1669 4887 ed·
