3674 5538
717 291 748 342 de
766 291 837 342 rebus
857 283 959 357 Optloh.
1476 297 1522 367 9⁸

193 535 220 585 ω
235 465 290 586 'bne
316 471 387 517 mutu
404 465 498 516 Terrae
525 465 574 516 vill
600 465 640 516 ich
668 469 713 516 mit
740 467 857 520 utohstar
876 469 1042 534 Gelegenhait
1068 487 1141 522 uranu
1168 472 1208 524 ich
1226 473 1296 536 Weyl
1325 473 1406 528 haba.
1435 473 1520 522 walter
1550 545 1552 548 Ι

168 552 193 585 sc
219 552 243 586 or
259 552 297 586 an

250 605 340 658 Schiclc
359 607 414 656 dem
434 607 517 656 Horrn
544 606 629 657 hienrit
656 609 784 674 catalogos
803 610 846 659 der
863 609 978 667 Bttcher,
1007 627 1034 660 so
1052 613 1077 661 in
1106 613 1185 664 dieser
1203 615 1359 664 Franhlortar
1378 613 1444 670 hiem
1465 630 1517 664 vor·

166 679 269 744 heodem
306 677 364 728 vna
383 678 450 727 hlaib
468 677 521 727 lma
539 693 677 744 angeneme
696 680 786 729 Dianst
805 696 835 730 zu
855 682 972 731 erneisen
991 696 1056 746 ganz
1076 683 1156 749 willig.

251 765 346 815 Datum
364 763 492 815 Mttuchon
511 766 535 814 d.
557 765 598 816 1².
617 769 676 832 Apr.
698 764 775 817 1005.

251 907 390 970 Responsio
410 908 550 972 Kepleri
568 908 633 960 haec
651 917 705 959 est:

252 996 347 1058 Binos
369 1015 389 1056 a
408 1007 449 1070 te,
464 996 543 1058 Nob.
564 1004 598 1058 et
616 998 776 1078 Magnifice
799 999 865 1074 Vir,
886 999 989 1079 accepi
1005 1001 1174 1072 fasciculos,
1196 1001 1323 1062 alterum
1346 1001 1397 1066 28.
1414 1003 1517 1076 Mart,

168 1087 292 1148 altemm
314 1082 364 1147 12.
380 1085 458 1166 Apu.
480 1086 579 1148 datos.
617 1087 794 1149 Laurentini
814 1088 958 1167 scriptum
978 1089 1022 1148 ita
1039 1097 1072 1149 ut
1086 1089 1188 1168 petisti
1211 1090 1341 1152 remitto.
1365 1092 1445 1154 Nam
1459 1094 1519 1156 etai

168 1173 284 1255 quidem
306 1173 434 1236 Italicae
458 1174 578 1254 liuguae
601 1176 739 1254 peritiam
759 1196 816 1238 non
840 1193 981 1254 maguam
996 1176 1102 1251 habeo,
1128 1177 1204 1238 satis
1224 1187 1326 1240 tamen
1352 1180 1421 1258 quid
1447 1183 1520 1244 velit

167 1263 293 1342 percepi.
350 1261 514 1326 Excutient
551 1263 612 1324 ista
642 1264 715 1326 Itali
748 1273 780 1326 et
820 1273 936 1344 tempus
976 1283 1155 1344 operamque
1186 1276 1305 1327 sument
1344 1269 1518 1346 exagitandi

168 1351 230 1430 ejus
253 1370 370 1412 errores
395 1353 619 1426 crassissimos,
645 1372 718 1432 quos
735 1353 784 1414 ille
806 1359 906 1414 tamen
922 1372 976 1432 pro
998 1354 1083 1414 novis
1098 1363 1130 1414 et
1151 1361 1197 1415 ter
1221 1355 1359 1417 maximis
1389 1357 1519 1420 iuveutis

168 1459 223 1500 nou
247 1448 369 1502 veretur
399 1440 478 1502 divis
509 1459 695 1504 consecrare.
742 1442 809 1502 h'isi
833 1441 906 1503 haec
940 1441 1083 1520 pericopa
1113 1443 1237 1514 fuisset,
1269 1445 1391 1505 credere
1422 1447 1518 1525 potui,

167 1531 261 1606 ipsum
285 1528 387 1591 ludere
412 1547 493 1592 more
517 1530 663 1592 italorum
692 1538 725 1592 ut
753 1539 893 1593 exerceat
925 1531 1164 1592 mathematicos.
1218 1531 1295 1592 Nam
1329 1535 1519 1612 parallaxeos

168 1616 332 1678 doctrinam
361 1637 399 1680 ex
428 1619 580 1680 sententia
608 1619 885 1682 mathematicorum
914 1619 990 1680 satis
1019 1619 1124 1680 dextre
1153 1619 1283 1698 explicat
1313 1623 1436 1702 ejusque
1461 1624 1518 1683 rim

169 1706 257 1766 etiam
280 1705 310 1766 iu
334 1706 494 1769 refutando
519 1707 721 1787 persentiscit.

254 1793 289 1853 ln
313 1791 420 1858 alteris
444 1795 564 1858 additos
587 1796 685 1858 inveni
710 1797 867 1874 catalogus
892 1796 1044 1872 librorum,
1069 1815 1143 1876 quos
1166 1815 1346 1876 percurram.
1395 1797 1520 1861 Gratias

170 1881 290 1960 agouti
313 1902 361 1946 me
385 1885 484 1945 decet.
951 1901 954 1916 ·

256 1969 346 2042 Quod
376 1973 549 2046 contendis,
580 1972 806 2052 phaenomenou
836 1972 1035 2052 apparitionis
1062 1972 1191 2034 Lunaris
1223 1973 1368 2035 dissimile
1399 1995 1464 2036 esse
1493 1977 1521 2039 ei

170 2059 229 2128 rei,
266 2061 572 2140 quaarPlutarchuc¹
593 2069 821 2136 commemorat,
854 2062 930 2122 facis
960 2062 990 2122 id
1029 2079 1076 2121 me
1113 2061 1328 2123 consentiente.
1386 2066 1462 2126 h'am
1487 2057 1519 2128 iu

171 2147 287 2228 Opticis
315 2148 407 2231 (Cap.
434 2151 490 2212 VI.
518 2147 573 2221 10)
602 2149 680 2211 idern
711 2149 775 2229 ipse
807 2169 921 2230 quoque
951 2151 1007 2212 feci
1040 2149 1179 2211 adductis
1208 2148 1336 2212 Graecis
1367 2153 1520 2215 Plutarchi

171 2237 277 2299 uerbis.
324 2239 391 2319 Ego
415 2257 486 2300 uero
509 2239 593 2318 Mag.
619 2239 701 2300 Tarae
733 2257 796 2299 uorr
813 2239 984 2309 Plutarchi,
1017 2239 1069 2299 sed
1100 2236 1188 2300 Corn.
1216 2235 1360 2302 Gemmas
1389 2261 1519 2304 comme-

170 2325 366 2390 morationem
389 2346 444 2407 pro
468 2329 603 2406 exemplo
628 2326 758 2388 adduxi:
788 2328 837 2406 qni
857 2328 914 2390 etsi
937 2328 981 2388 ait
1001 2346 1034 2387 se
1058 2326 1168 2387 habere
1191 2345 1229 2387 ex
1318 2329 1371 2392 rig.
1392 2327 1432 2380 ³⁷·
1525 2395 1527 2400 ,

171 2415 342 2491 Plutarcho,
367 2417 471 2479 addidi
495 2425 595 2478 tamen
620 2416 649 2477 iu
674 2415 808 2495 Optima,
833 2417 895 2478 fieri
919 2434 1009 2497 posse
1034 2424 1067 2476 ut
1090 2415 1234 2476 memoria
1298 2466 1303 2482 ,

170 2504 270 2584 lapsus
293 2507 412 2568 aliunde
436 2505 580 2568 hauserit.
1341 2464 1467 2607 003

255 2595 307 2656 Ad
334 2615 397 2658 rem
426 2595 522 2675 ipsam
554 2593 634 2654 aliud
672 2591 854 2654 comminisci
884 2612 941 2655 uon
973 2609 1110 2676 possum,
1143 2610 1231 2671 quam

170 2683 247 2762 quod
275 2683 478 2763 superioribus
509 2682 606 2744 literis
639 2679 755 2761 scripsi.
808 2683 888 2744 Nam
919 2701 976 2744 uou
1012 2681 1056 2742 ita
1093 2679 1251 2759 l'requeus1

170 2778 225 2846 est,
248 2779 283 2833 ut
306 2791 408 2834 omues
432 2791 542 2834 causae
563 2792 582 2830 a
601 2789 648 2832 me
674 2779 924 2832 commemoratae
948 2777 1136 2841 concurrant,
1162 2767 1230 2847 quiu

170 2860 227 2922 imo
251 2859 339 2940 louge
364 2861 551 2941 frequentius
575 2859 619 2931 iit,
643 2859 721 2940 quod
741 2860 823 2938 Mag.
845 2860 910 2920 Tua
933 2857 1064 2930 addidit,
1089 2864 1122 2917 ut
1145 2856 1232 2916 Luna

169 2950 196 3010 iu
220 2949 429 3027 conjunctione
452 2951 531 3010 hanc
554 2948 667 3009 habeat
690 2949 886 3009 latitudinem.

255 3038 299 3100 Ut
327 3047 426 3100 autern
456 3044 487 3098 et
523 3039 600 3098 hanc
630 3037 716 3114 Mag.
745 3036 827 3098 Tuae
864 3035 1033 3114 opinionem
1068 3033 1230 3106 excutiam,
1327 3037 1330 3048 '

169 3126 263 3206 prima
291 3127 389 3190 fronte
417 3127 515 3206 ipsam
545 3124 717 3204 maguifeci.
769 3123 933 3186 Videbaris
962 3123 1041 3184 enim
1070 3122 1132 3183 tale
1163 3121 1233 3200 quid

170 3216 285 3290 dicere,
310 3216 397 3296 quale
418 3234 474 3294 ego
494 3214 522 3276 in
544 3213 616 3293 Opt.
639 3211 715 3293 Cap.
740 3214 825 3287 VIII,
846 3210 876 3276 4.
923 3212 1052 3274 Tantum
1077 3210 1232 3272 desidera-

169 3303 237 3366 bam
251 3304 318 3380 hoc,
343 3304 420 3384 quod
437 3323 495 3365 non
515 3311 599 3364 esset
616 3310 735 3381 tempus
754 3303 932 3365 matutinum
947 3310 1000 3362 aut
1017 3299 1232 3380 vespertinum.

171 3391 231 3453 Sed
255 3394 429 3456 errabamus
458 3400 594 3472 uterque.
639 3391 716 3452 Esto
747 3391 840 3465 euim,
864 3399 899 3452 ut
921 3387 975 3452 Sol
1000 3396 1032 3449 et
1054 3389 1141 3449 Luna
1164 3405 1232 3448 sese

170 3483 258 3560 plane
278 3489 407 3562 tangant
426 3481 610 3561 marginibus
630 3480 667 3540 ad
687 3479 794 3542 visum.
833 3477 1031 3551 SitAriaus,
1058 3475 1233 3539 Oceutrum
1287 3483 1290 3487 “
1371 3552 1374 3568 .

171 3571 283 3643 Lnuae.
306 3571 336 3634 D
359 3579 496 3633 centrum
521 3568 612 3643 Solis,
640 3566 723 3630 GBF
746 3569 827 3630 linea
850 3569 954 3629 citima
976 3565 1034 3645 ipsi
1053 3567 1094 3636 A,
1117 3563 1232 3626 descri-

171 3659 243 3722 bens
271 3660 408 3722 umbram
436 3659 556 3732 Lunae,
587 3657 614 3718 B
643 3665 801 3718 contactus
830 3675 900 3718 orae
931 3656 1035 3716 Lunae
1065 3672 1130 3715 cum
1159 3671 1233 3714 cono
1315 3660 1319 3666 “

171 3748 292 3810 visionis
316 3747 409 3810 Solis.
447 3746 581 3808 Primum
605 3747 674 3824 quia
690 3743 777 3806 ΘΑΕ
802 3753 850 3807 est
865 3741 927 3816 30¹,
952 3741 1036 3804 GBE
1056 3741 1114 3803 erit
1138 3741 1236 3818 major

171 3845 255 3913 parte
284 3837 405 3899 circiter
432 3835 586 3898 vicesima.
632 3835 685 3896 xSit
716 3841 817 3896 autem
848 3831 933 3894 GBE
962 3849 1020 3892 nou
1049 3829 1147 3907 major
1169 3826 1233 3900 302
1277 3851 1278 3854 ¹

173 3927 227 3990 erit
248 3926 333 3988 ABF
356 3924 492 4005 aequalia
516 3931 549 3986 et
571 3925 664 3986 etiam
684 3919 748 3985 30¹.
786 3923 832 3986 At
854 3940 920 3983 curn
938 3920 995 3982 AB
1019 3918 1061 3979 sit
1080 3913 1122 3980 60
1137 3915 1234 3978 semi·

172 4014 306 4078 diametri
330 4015 457 4087 Terrae,
486 4021 520 4074 ut
547 4011 639 4092 igitur
671 4008 800 4074 100000
828 4011 866 4070 ad
900 4008 1074 4072 subteusam
1105 4005 1232 4076 (sinum)

172 4104 269 4183 auguli
292 4099 356 4178 30¹,
382 4121 413 4164 n.
438 4099 520 4176 873,
549 4101 593 4162 sic
617 4102 674 4164 AB
699 4095 742 4163 60
766 4099 872 4160 semid.
898 4099 937 4159 ad
961 4097 1031 4170 Ar,
1056 4091 1234 4155 distantiam

580 4187 668 4240 utam

173 4229 233 4290 coui
256 4227 380 4290 umbrae
404 4246 424 4287 a
447 4225 513 4287 visu
542 4183 719 4327 (Μ).
765 4224 870 4301 ltaque
895 4220 962 4300 plus
994 4237 1081 4300 quam
1107 4215 1233 4278 semisse

172 4349 384 4417 semidiametri
407 4350 439 4411 h.
469 4367 495 4411 e.
524 4349 592 4428 plus
621 4367 710 4431 quarn
739 4343 804 4408 400
834 4343 1013 4406 milliaribus
1044 4339 1235 4402 Germanicis

172 4443 262 4506 abfuit
284 4441 395 4505 umbra
419 4459 439 4499 a
462 4437 527 4499 visu
550 4437 600 4498 ubi
624 4457 712 4517 quarn
735 4433 873 4516 proxima
895 4431 989 4493 venit.
1037 4430 1143 4508 ltaque
1167 4443 1236 4527 cum
1276 4443 1280 4464 t

169 4551 218 4596 uos
249 4532 386 4614 tegimus
422 4525 570 4600 frontem,
600 4526 734 4606 cupimus
764 4519 923 4584 excludere
957 4519 1128 4581 claritatem
1156 4519 1236 4614 atus

166 4643 199 4686 ue
226 4641 282 4686 uos
313 4621 483 4683 occaecat:
516 4613 620 4676 umbra
647 4613 721 4676 nihil
756 4607 887 4672 extinxit
917 4607 954 4668 de
985 4605 1124 4667 claritate
1158 4607 1238 4662 atris

161 4710 342 4780 Lusitanici.
384 4703 467 4768 Nam
492 4702 550 4763 etsi
573 4703 663 4780 plane
687 4698 729 4764 20
754 4695 895 4760 milliaria
911 4693 1013 4756 Germ.
1038 4689 1165 4753 haberet
1180 4694 1237 4749 abr
