3476 5532
353 337 367 366 ,
484 299 572 351 literas
590 299 690 366 Kepleri
709 297 857 367 aliommque
875 304 984 352 mutuas
1341 303 1405 368 777

70 494 137 538 cunr
159 475 213 539 illo
236 475 407 540 dissertare.
454 478 583 542 Primum
606 478 764 554 admoneo,
798 476 901 540 videat
931 499 969 540 ne
992 477 1062 558 quid
1085 477 1171 540 nimis
1195 478 1309 540 tribnat
1331 478 1409 541 visui

68 565 151 628 circa
183 565 359 647 qualitatem
391 574 423 628 et
453 568 583 628 colorem
614 569 805 630 macularum.
854 565 966 647 thica
988 567 1065 629 ratio
1095 567 1197 639 docet,
1229 568 1255 628 si
1280 568 1409 630 Veneris

67 654 162 734 ipsius
186 673 292 735 corpus
314 655 344 716 in
368 654 439 718 Sole
472 656 590 731 ruerit,
610 656 797 738 quantumvis
828 676 864 718 ea
887 658 951 720 luce
983 657 1106 725 luceret,
1141 675 1198 734 qna
1229 675 1321 735 penes
1353 676 1408 718 nos

67 744 202 806 umbram
225 744 396 824 corporibus
419 744 644 820 circumscribit,
669 754 771 808 tamen
793 745 933 827 quicquid
951 746 1056 807 Venus
1075 753 1210 823 occupat,
1234 745 1264 806 id
1287 755 1410 826 propter

67 833 241 894 immensum
275 835 421 912 fulgorem
443 833 524 898 Solis
560 855 672 898 meram
703 835 837 896 umbram
868 853 1037 916 merumque
1069 834 1217 914 nigrorem
1240 834 1335 896 visum
1362 837 1407 898 iri.

66 923 135 984 Non
159 923 292 1002 seqnitur
315 923 406 1000 igitur
428 923 472 985 ab·
490 944 524 987 eo
549 925 626 1004 quod
650 924 760 986 accidit
782 925 829 986 hic
861 925 938 986 visui
971 925 1009 984 ad
1042 942 1103 984 rem
1133 924 1242 1002 ipsam,
1275 924 1408 984 maculas

66 1011 185 1073 scilicet
206 1011 284 1073 istas
308 1031 375 1073 esse
389 1012 533 1092 nigriores
547 1033 579 1078 re
597 1031 670 1076 vera
693 1031 779 1094 quam
795 1021 865 1076 sunt
880 1013 1015 1076 maculae
1031 1012 1145 1074 Lunae.
1183 1012 1304 1083 Nullum
1319 1013 1410 1090 igitur

65 1101 183 1162 censeri
205 1100 296 1163 debet
318 1101 374 1164 hoc
397 1112 602 1187 argumentum
634 1110 687 1166 aut
718 1109 799 1164 certe
826 1112 969 1181 pertenue
1002 1101 1040 1162 ad
1072 1093 1281 1162 vindicandum
1311 1102 1409 1180 ipsum

65 1188 148 1251 Solis
172 1208 278 1270 corpus
301 1191 339 1252 ab
361 1191 409 1253 his
431 1193 567 1254 maculis.
604 1193 650 1254 Ae
671 1191 744 1254 illud
767 1191 895 1254 validius
912 1201 960 1254 est
978 1198 1192 1270 argumentum,
1217 1208 1274 1251 non
1298 1191 1409 1253 reverti

65 1278 189 1340 easdem
211 1281 353 1355 maculas,
377 1290 537 1362 postquam
559 1299 667 1361 corpus
689 1281 770 1344 Solis
794 1281 996 1342 absolverunt.
1033 1280 1130 1341 Video
1154 1279 1271 1341 absolvi
1294 1281 1409 1342 discum

64 1367 148 1430 Solis
172 1368 275 1432 diebus
299 1370 416 1432 circiter
441 1367 490 1434 12.
528 1357 577 1433 Da
600 1390 671 1450 ergo
695 1380 728 1432 ut
745 1371 776 1432 iu
796 1370 1015 1450 hemisphaerio
1032 1367 1113 1430 Solis
1129 1388 1234 1430 averso
1257 1380 1409 1432 morentur

64 1457 132 1518 dies
155 1458 232 1520 alias
258 1455 306 1533 12,
331 1459 431 1540 itaque
453 1468 524 1540 post
547 1461 612 1522 dies
631 1454 673 1522 24
692 1459 784 1522 iidem
803 1471 944 1538 aspectus
963 1459 1142 1538 eaedemque
1163 1457 1299 1520 maculae
1314 1459 1407 1520 debe-

63 1547 140 1608 bant
162 1547 277 1609 redire:
310 1549 388 1628 quod
419 1550 533 1611 iactum
562 1569 621 1611 non
644 1556 693 1610 est
715 1551 742 1611 si
764 1550 944 1612 credendum
966 1547 1077 1628 Apelli.
1126 1545 1302 1616 Quindecim
1326 1547 1405 1610 enim

66 1635 172 1697 diebus
195 1635 283 1714 longe
307 1637 384 1699 aliae
407 1640 541 1701 maculae
565 1643 773 1702 successerunt
796 1639 901 1700 eodem
924 1638 1065 1715 temporis
1094 1637 1193 1715 spatio
1217 1637 1409 1698 absolventes

67 1742 175 1803 corpus
198 1723 289 1788 Solis.
334 1727 399 1788 Aut
421 1727 511 1807 igitur
533 1725 626 1793 serica
651 1728 798 1809 quaedam
820 1737 966 1808 perpetua
997 1735 1045 1788 est
1068 1727 1308 1806 corpusculorum
1330 1726 1409 1788 inter

66 1833 100 1874 se
124 1831 321 1876 connexorum
344 1816 406 1878 iere
430 1818 460 1878 in
482 1819 600 1882 modum
623 1828 764 1892 catenae,
795 1836 870 1897 quas
900 1815 1047 1896 paulatim
1069 1815 1147 1878 inter
1169 1835 1223 1877 nos
1247 1823 1280 1876 et
1301 1832 1408 1894 corpus

9 1931 10 1970 t
67 1901 149 1966 Solis
172 1903 356 1966 traducitur:
380 1914 433 1968 aut
456 1906 483 1968 si
506 1907 574 1969 aliis
597 1905 780 1986 argumentis
802 1905 995 1986 probabitur,
1021 1905 1156 1966 maculas
1179 1905 1235 1965 has
1258 1904 1316 1984 ipsi
1339 1923 1408 1967 cor·

9 2053 10 2058 ,
66 1993 131 2072 pori
150 1990 231 2055 Solis
257 1993 364 2069 inesse,
390 2005 541 2075 sequetur,
564 1997 634 2058 illas
657 1997 740 2058 nasci
763 2003 795 2058 et
817 1995 937 2072 interire
960 2013 1133 2073 rursumque
1157 1993 1249 2054 veluti
1273 1995 1409 2056 efflores-

67 2099 144 2155 cere,
169 2089 202 2142 ut
224 2081 413 2146 incendenti
435 2087 525 2160 ferro,
550 2086 655 2167 quibus
678 2086 814 2166 partibus
829 2087 866 2146 ah
882 2083 1001 2146 humido
1025 2089 1094 2146 atre
1118 2083 1305 2161 adspiratur:
1331 2083 1408 2164 quod

9 2199 11 2238 ι
67 2170 199 2250 qnotidie
239 2170 336 2234 minus
371 2174 524 2254 minusque
566 2175 695 2236 absurde
724 2175 853 2249 dicetur,
891 2191 948 2253 quo
980 2173 1076 2251 magis
1106 2173 1237 2252 quotidie
1269 2179 1409 2252 patescet

65 2279 164 2321 rerum
186 2259 360 2323 coelestium
383 2281 449 2324 curn
472 2263 665 2326 terrestribus
689 2264 839 2342 cognatio.
885 2263 964 2325 Nam
987 2263 1079 2324 etiam
1108 2263 1139 2322 in
1163 2259 1273 2342 Optiea
1294 2263 1408 2324 Astro-

64 2349 182 2410 nomiae
202 2349 292 2412 Parte
311 2352 409 2432 capite
427 2353 484 2416 VI.
499 2353 602 2416 Solem
625 2353 798 2432 comparavi
820 2352 961 2414 candenti
984 2351 1076 2431 lapidi
1099 2371 1152 2414 seu
1174 2351 1274 2430 potius
1297 2349 1408 2432 liquido

64 2439 188 2500 metallo
212 2458 344 2502 summae
376 2441 592 2520 pelluciditatis
615 2451 647 2502 et
670 2443 757 2504 simul
780 2441 949 2503 densitatis.
999 2442 1087 2502 Viam
1119 2441 1163 2502 ait
1194 2441 1338 2502 munitam
1370 2442 1409 2503 ad

66 2536 166 2590 motus
193 2527 319 2590 Veneris
350 2537 382 2591 et
403 2531 544 2592 Mercurii
574 2531 771 2608 indagandos.
818 2529 983 2591 Mercurius
1016 2530 1134 2612 quidem
1166 2530 1269 2610 paucis
1301 2529 1408 2592 abhinc

64 2617 152 2678 annis
177 2618 269 2678 semel
292 2626 381 2698 atque
405 2619 512 2680 iterum
535 2620 565 2680 in
588 2619 725 2700 clypeum
748 2619 829 2681 Solis
861 2619 1008 2679 incurrere
1041 2618 1153 2696 poterit
1184 2619 1264 2679 circa
1295 2619 1406 2697 primos

64 2705 190 2766 trientes
207 2703 399 2768 Geminorum
422 2718 453 2768 et
467 2706 640 2786 Sagittarii:
663 2717 699 2770 at
721 2708 758 2769 de
777 2708 892 2770 Venere
916 2707 988 2776 nihil
1011 2695 1104 2768 habel
1116 2707 1200 2784 §aec
1223 2715 1309 2768 aetas
1328 2708 1407 2789 quod

64 2800 177 2871 speret.
225 2791 372 2872 Cuperem
395 2796 497 2876 Apelli
520 2805 622 2858 nostro
645 2797 756 2858 lectum
778 2815 875 2858 meum
900 2797 1151 2872 „Phaenomenon
1181 2796 1331 2876 singulare
1355 2816 1407 2858 seu

64 2881 245 2944 Mercurium
267 2883 297 2944 in
321 2881 444 2948 soter*
470 2885 548 2948 Illud
570 2903 641 2948 vero
671 2886 872 2965 maximopere
905 2885 1027 2958 mirum,
1060 2885 1189 2966 aquilam
1220 2887 1302 2948 iliani
1325 2884 1407 2948 Solis

64 2979 190 3051 aspectu
213 2972 269 3033 frui
294 2981 327 3033 nt
348 2973 462 3036 Lunae.
508 2974 575 3054 Ego
607 2975 662 3036 hoc
691 2995 778 3037 mane
809 2995 881 3036 sane
914 2994 1002 3055 quam
1036 2974 1152 3037 turbido
1176 2974 1407 3038 instrumentum

63 3059 94 3121 in
109 3058 211 3122 Solem
234 3061 337 3135 direxi,
362 3063 446 3143 cnjus
470 3063 578 3126 vitrum
601 3065 737 3144 superius
760 3083 818 3126 non
841 3065 968 3144 amplius
989 3065 1115 3143 patebat
1136 3065 1234 3144 eapite
1258 3065 1406 3128 aciculae:

64 3158 96 3210 et
119 3169 188 3212 ecce
211 3151 323 3212 nullam
345 3151 464 3216 literam
487 3153 584 3235 scribo
608 3173 674 3216 curn
692 3154 758 3233 jem
780 3153 855 3214 hora
877 3152 1000 3228 abierit,
1031 3171 1107 3235 quae
1130 3173 1189 3214 nou
1212 3154 1351 3216 flammea
1374 3159 1407 3216 et

62 3238 227 3301 rubicunda
251 3240 305 3303 sit:
328 3242 448 3321 prurigo
471 3242 573 3304 oculos
596 3242 721 3304 incessit
742 3243 943 3318 urentissima,
969 3243 1103 3322 quamvis
1123 3251 1154 3304 et
1172 3244 1308 3306 caeruleo
1327 3243 1405 3307 vitro

63 3347 110 3390 me
133 3329 308 3390 muniverim
331 3339 363 3392 et
385 3331 436 3392 vix
459 3333 544 3394 unius
567 3331 664 3394 nictus
697 3332 774 3394 oculi
807 3332 905 3412 spatio
929 3331 1074 3411 fulgorem
1098 3329 1179 3394 Solis
1202 3333 1404 3396 sustinuerim.

62 3415 181 3496 Jupiter
204 3419 277 3497 ipse,
291 3418 412 3500 benigni
435 3428 466 3482 et
492 3421 593 3484 blandi
617 3421 735 3484 luminis
753 3421 853 3497 stella,
873 3439 927 3482 nec
942 3421 1112 3502 frequenter
1125 3422 1278 3500 inspectus
1293 3423 1406 3484 distor-

65 3516 137 3584 quet
159 3509 309 3570 oculorum
323 3509 484 3584 musculos,
507 3509 686 3590 crebrasque
707 3511 845 3590 experior
858 3511 956 3571 dextri
971 3511 1049 3572 oculi
1063 3511 1287 3588 trepidationes.
1327 3512 1406 3574 Vale

65 3613 82 3654 o
106 3593 192 3673 virgo
215 3604 339 3676 tuosque
363 3600 456 3660 conde
480 3600 597 3674 vultus,
631 3620 668 3662 ne
691 3617 773 3661 meos
795 3600 914 3679 penitus
937 3601 1068 3679 configas
1091 3601 1209 3662 oculos:
1234 3607 1288 3662 ant
1309 3599 1335 3662 si
1359 3618 1405 3663 me

63 3702 158 3755 amas,
182 3693 271 3746 noctu
292 3686 356 3747 redi
379 3688 537 3750 luminibus
561 3689 719 3752 exstinctis
743 3697 937 3769 temporaque
951 3697 1033 3750 tuum
1046 3689 1124 3750 inter
1142 3689 1281 3768 Apellem
1303 3697 1335 3750 et
1357 3707 1405 3752 tue

62 3772 186 3852 partire,
209 3773 339 3836 interdiu
361 3775 455 3856 ipsius
478 3778 587 3853 oculos,
612 3787 702 3840 noctu
725 3796 819 3840 meam
843 3786 970 3840 mentem
994 3777 1180 3840 exhilaratis.

152 3863 263 3924 Altera
286 3865 414 3944 epistola
437 3867 582 3940 declarat,
606 3887 664 3929 non
687 3868 793 3930 deesse
817 3867 931 3930 auctori
954 3867 1119 3937 consilinm,
1144 3866 1193 3947 qui
1212 3873 1244 3927 et
1259 3865 1403 3946 coujunc-

63 3950 139 4034 tioui
155 3949 284 4016 Veneris
304 3955 450 4035 corporali
467 3956 583 4018 censuit
601 3956 812 4019 insidiandum:
838 3957 892 4018 sed
912 3975 969 4017 non
989 3965 1039 4017 sat
1060 3956 1144 4016 firmo
1162 3955 1277 4034 judicio
1301 3965 1403 4018 uana-

59 4042 135 4121 iuga
157 4041 281 4118 audivit,
307 4043 356 4123 qui
379 4043 533 4106 existimat
555 4054 715 4126 propterea
733 4046 877 4128 quasdam
893 4045 1114 4124 conjunctiones
1128 4043 1209 4107 Solis
1229 4052 1260 4106 et
1274 4045 1404 4108 Veneris

60 4129 196 4196 directae
219 4133 390 4212 corporales
413 4151 490 4207 esse,
516 4133 585 4213 quia
606 4136 747 4216 Maginus
771 4153 809 4196 ex
821 4134 999 4209 Reinholdo,
1023 4132 1209 4195 Reinholdns
1232 4153 1270 4196 ex
1284 4131 1402 4215 Ceper-

58 4221 128 4283 nico
152 4221 222 4283 illas
244 4229 402 4301 praestant
425 4224 604 4302 corporales.
650 4224 846 4310 Nequaquam
870 4241 949 4285 vero.
995 4223 1073 4286 Nam
1089 4223 1290 4298 Ptolemaeus,
1316 4243 1403 4304 quem

59 4308 246 4391 Cupernicus
278 4310 335 4372 sibi
369 4320 520 4373 sumserat
556 4311 747 4388 imitandum,
783 4313 872 4392 plane
904 4313 1015 4374 nnllam
1047 4312 1185 4374 concedit
1217 4313 1401 4393 corporalem

58 4400 190 4463 Veneris
213 4407 245 4460 et
267 4399 348 4462 Solis
371 4387 618 4480 conjunctioue'm.
665 4400 790 4464 Scilicet
819 4401 1080 4481 praestantissimo
1104 4401 1211 4464 artifici
1234 4403 1322 4464 unica
1344 4402 1400 4464 oh-

55 4491 150 4569 jectio
173 4489 315 4569 imposuit
338 4508 448 4566 eorum,
473 4489 532 4571 qui,
556 4499 590 4552 ut
604 4491 753 4552 Venerem
767 4491 1003 4572 Mercuriumque
1027 4495 1118 4569 sup'ra
1132 4490 1234 4554 Solem
1256 4492 1399 4570 locarent,

59 4588 208 4658 negarunt
229 4580 321 4642 ullam
344 4597 472 4661 nuquam
494 4579 591 4641 visam
614 4580 868 4642 subincursionem
891 4580 992 4643 horum
1013 4581 1200 4660 planetarum
1216 4580 1271 4642 sub
1286 4580 1398 4644 Solem.

60 4669 156 4749 Atqui
179 4685 233 4732 nec
257 4669 313 4750 ipsi
337 4669 531 4730 attenderunt
552 4689 608 4731 nec
631 4689 733 4732 omnes
756 4669 885 4732 omnium
908 4671 1073 4734 seculorum
1095 4678 1283 4744 astronomos
1311 4671 1399 4732 andi·

62 4766 179 4822 verant.
224 4757 354 4821 Exstitit
376 4760 527 4820 Averroes
552 4761 620 4831 (sen
644 4761 721 4840 quod
744 4759 882 4840 conjicio,
905 4761 1096 4834 Avenrodan,
1121 4769 1155 4822 ut
1176 4759 1400 4824 Mirandolanus

62 4855 192 4910 testatur
214 4865 302 4928 opere
325 4855 430 4918 contra
452 4849 652 4930 astrologos),
676 4849 795 4912 exstitit
816 4858 849 4911 et
870 4850 1015 4912 Adelmus
1038 4849 1217 4924 Monachus,
1242 4849 1292 4932 qui
1314 4849 1399 4914 Mer-
