3694 5528
704 274 961 328 cxxxvn-cxnr.
1443 275 1507 342 567
1551 352 1554 356 Ι

157 455 267 512 endunt
289 467 376 528 qaam
400 455 469 528 post
492 456 555 511 tres
579 450 829 524 semidiametros‚
853 453 971 514 scilieet
994 453 1024 513 in
1048 450 1080 513 S.
1128 451 1170 513 Et
1192 451 1266 512 baec
1290 452 1509 516 demonstratio

158 535 269 598 evincit
292 537 320 598 in
345 555 454 616 genere
478 541 673 618 propositum.
719 540 842 602 Interim
865 542 993 620 parvula
1016 548 1064 601 est
1093 539 1268 608 diversitas,
1302 541 1387 618 cujus
1418 560 1513 604 cansa

159 645 217 688 non
242 627 330 687 dator
353 634 497 688 accurata
520 627 747 689 demonstratio.
793 629 903 690 Potest
933 640 1033 691 nutem
1062 627 1111 707 qui
1140 629 1205 689 vult
1235 630 1278 690 uti
1309 630 1438 691 numeris
1471 631 1509 691 ad

159 713 374 795 explorandam
398 714 672 791 insensibilitatem,
696 717 738 778 uti
763 736 855 798 snpra
877 737 962 798 prop.
987 716 1142 780 XXXIV.
1167 717 1284 797 etipse
1309 717 1375 779 feci.

248 801 430 866 CXXXIII.
478 803 683 866 Problema.
730 805 773 867 Ut
796 807 905 868 vitrum
928 815 1083 884 utromque
1108 805 1148 865 sit
1172 823 1278 867 cavum
1308 813 1339 867 et
1372 806 1449 886 quod
1474 807 1511 867 ad

161 890 276 952 oculum
300 900 331 952 et
355 892 432 971 quod
456 891 494 952 ad
518 893 637 955 visibile
661 894 769 972 vergit,
795 902 952 956 ettamen
977 896 1099 956 effectos
1124 901 1276 972 sequntur.

250 981 312 1041 Aut
335 998 411 1059 pone
436 981 509 1041 loris
533 1000 638 1044 versus
662 981 778 1043 visibile
801 1002 855 1063 pro
875 1002 1008 1045 convexo
1024 981 1159 1043 solitario
1176 981 1204 1042 in
1220 989 1381 1062 conspectu
1397 1000 1512 1056 cavum,

162 1068 207 1130 cni
232 1068 311 1129 intus
343 1068 509 1130 adhaereat
541 1072 656 1132 occulte
687 1089 850 1133 convexum
883 1080 969 1133 tanto
1003 1069 1187 1148 angustioris
1220 1070 1338 1144 circuli,
1373 1078 1406 1131 nt
1428 1088 1511 1150 prop.

162 1154 373 1230 CXXXVII.;
398 1166 450 1219 aut
473 1157 513 1223 ibi
537 1158 630 1228 mixto
654 1167 755 1235 utere,
780 1168 814 1224 ut
837 1180 921 1242 prop.
947 1158 1145 1226 CXXXVII.
1179 1158 1263 1240 mrJ'ns
1294 1177 1399 1219 cavum
1432 1159 1513 1218 foras

160 1253 304 1305 vertatur.
350 1245 431 1307 Nam
453 1265 507 1326 per
530 1245 742 1310 CXXXVIII.
767 1249 889 1328 perinde
913 1257 961 1309 est
984 1243 1132 1327 utcunqne
1156 1245 1267 1308 vertas.

252 1331 346 1394 CXL.
392 1335 594 1398 Problema.
650 1335 763 1396 Tubum
797 1356 992 1418 praeparare,
1027 1337 1110 1416 cujus
1143 1336 1252 1396 vitrum
1283 1342 1439 1412 utrumque
1473 1333 1514 1393 sit

162 1441 343 1497 convexum,
369 1431 400 1484 et
423 1425 501 1504 qnod
526 1425 564 1485 ad
588 1425 705 1490 oculum
730 1435 761 1485 et
793 1427 871 1506 qnod
895 1427 934 1490 ad
958 1425 1075 1488 vitibile
1108 1424 1226 1503 vergit,
1259 1431 1294 1485 ut
1324 1420 1513 1484 nihilominus

162 1513 286 1573 edoctus
310 1519 461 1590 sequatur.

250 1597 341 1679 Apud
365 1601 481 1663 oculum
504 1619 558 1681 pro
583 1619 639 1661 nno
664 1619 738 1662 cavo
763 1620 905 1680 compone
929 1619 1093 1661 convexum
1118 1617 1183 1660 curn
1207 1618 1282 1660 cavo
1307 1596 1428 1660 minoris
1452 1599 1513 1659 cir-

162 1689 230 1761 culi,
266 1687 369 1749 etiae
399 1707 563 1751 convexum
596 1689 697 1768 magni
731 1689 832 1750 circuli
865 1685 942 1753 soris
967 1689 1045 1770 apnd
1079 1689 1195 1749 oculum
1228 1689 1378 1767 spectari,
1410 1706 1516 1748 cavum

164 1777 244 1838 intus
268 1775 363 1837 latere
387 1796 440 1857 por
456 1777 633 1840 CXXXIV.
672 1778 730 1840 Vel
756 1778 833 1858 opud
858 1777 975 1840 oculum
996 1785 1079 1840 utere
1103 1777 1206 1852 mixto,
1232 1777 1316 1856 cujus
1341 1776 1517 1838 convexitas

165 1883 274 1945 magno
298 1865 407 1928 circulo
433 1867 514 1933 foras
538 1867 716 1946 promineat,
740 1865 857 1928 cavitas
881 1887 974 1947 parvo
999 1874 1030 1928 et
1054 1873 1139 1928 tanto
1163 1865 1269 1926 minori
1293 1864 1404 1931 circulo
1427 1865 1516 1939 intro,

165 1973 218 2032 per
242 1949 422 2018 CXXXIII.

255 2039 365 2106 CXLI.
412 2043 622 2106 Problema.
669 2041 784 2104 'Inbum
807 2060 1002 2124 praeparare,
1027 2041 1112 2120 cnjus
1140 2041 1249 2102 vitrum
1274 2041 1312 2102 ad
1337 2040 1453 2102 oculum
1477 2038 1518 2100 sit

166 2151 340 2208 convexum,
366 2133 403 2192 ad
427 2131 559 2194 visibilia
581 2151 697 2192 cavum.
1172 2145 1175 2152 ’

253 2219 311 2283 Est
334 2219 509 2300 compositio
534 2239 571 2280 ex
595 2217 772 2284 CXXXIX.
792 2227 824 2280 et
843 2217 937 2282 CXL.
976 2217 1062 2292 Quae
1086 2217 1164 2280 enim
1192 2217 1232 2278 ibi
1256 2218 1370 2282 fiebant
1393 2215 1518 2282 seorsim

166 2311 194 2371 in
220 2311 315 2371 altero
338 2309 427 2383 vitro,
452 2310 500 2370 hic
524 2309 586 2370 fieri
611 2309 722 2370 debent
740 2307 868 2388 junctim
894 2308 921 2369 in
947 2317 1082 2386 unoque.
