3464 5524
656 258 687 310 dc
705 259 777 308 rebus
795 257 898 324 Optiula.
1414 247 1457 324 69

101 419 178 483 nlulun
208 441 363 491 aeneam
405 433 619 514 aequilibrcm
650 432 798 513 undique,
833 432 862 494 in
895 440 998 495 centro
1031 432 1133 494 stilum
1165 439 1286 496 acutum
1317 433 1456 516 utrinque

104 511 298 590 prandentem,
331 526 512 601 tanquam
541 541 628 582 axem
656 531 750 583 rotae.
797 520 858 584 Sed
887 521 974 583 stilus
998 521 1115 584 rotulae
1145 521 1351 602 agglutinatus
1380 531 1456 597 erat,

107 599 234 681 erigebatur
270 607 504 672 exactissime
539 610 579 671 ad
609 609 850 690 perpendicnlum
881 617 913 671 et
939 610 969 671 in
1003 610 1060 671 duo
1093 609 1230 672 acumina
1261 610 1459 673 subtilissima

110 691 236 755 desinebat.
304 695 437 776 Itaque
476 698 579 760 rotula
610 697 648 759 ad
682 699 804 778 planum
836 698 1000 760 horizontis
1037 698 1324 778 perpendiculariter
1356 707 1458 760 erecta

110 781 251 844 nmebat
243 802 277 844 ιιι
317 785 428 846 omni·
450 786 516 848 situ
549 805 603 848 nec
635 787 860 849 revolvebatur:
886 795 1091 866 argumentum
1123 786 1327 867 aequalitatis.
1379 787 1457 849 Huic

110 873 182 952 itaque
201 871 328 934 rotulae
355 875 401 935 ab
429 875 678 936 extremitatibus
703 875 835 955 ejusdem
859 875 996 938 diametri
1020 875 1069 937 iilo
1093 868 1221 936 annexui
1245 875 1302 937 duo
1322 876 1457 954 pondera
1487 881 1492 890 '

112 960 267 1041 inaequalia:
295 961 415 1024 statim
431 963 516 1043 quod
534 963 630 1024 minus
645 962 682 1024 in
675 965 790 1044 ipsum
809 963 952 1026 verticem
972 964 1118 1024 ascendit.
1156 965 1262 1042 Itaque
1285 964 1458 1062 quaerenda

112 1059 147 1111 est
162 1049 287 1112 libraudi
310 1049 401 1112 ratio
429 1053 461 1114 in
486 1051 561 1114 solis
584 1051 714 1114 brachiis
738 1059 769 1113 et
791 1052 835 1114 sic
859 1051 1025 1132 agendum,
1049 1070 1084 1112 ac
1108 1051 1134 1113 si
1162 1051 1296 1130 pondera
1319 1037 1455 1131 appensd

114 1147 195 1200 ssent
214 1139 290 1220 ipsis
313 1139 469 1202 brachiis.
513 1139 678 1202 Dicendum
702 1140 793 1220 igitur
811 1140 867 1202 hoc
890 1140 1005 1202 solnm:
1030 1158 1121 1219 quare
1143 1139 1268 1202 brachia
1290 1139 1456 1219 inaequalis

111 1227 232 1308 ponderis
254 1227 380 1290 directa
404 1229 569 1290 tamenin
592 1229 719 1290 eandem
742 1228 852 1290 lineam
875 1229 984 1308 angulo
1005 1227 1063 1290 alio
1087 1237 1177 1309 atquc
1193 1227 1253 1290 alio
1276 1247 1329 1307 pro
1354 1227 1455 1288 diver-

112 1317 188 1378 atate
215 1316 428 1396 proportionis
458 1316 624 1396 ponderum
654 1317 842 1379 inclinentur.
889 1315 984 1396 Atqui
1004 1317 1069 1396 jam
1099 1317 1237 1378 coniecta
1260 1335 1308 1378 res
1338 1315 1458 1376 videtur

110 1405 142 1466 ab
161 1405 353 1480 Archimede,
380 1405 453 1467 dum
478 1405 568 1466 docet
584 1405 717 1467 invenire
736 1413 870 1468 centrum
890 1404 1062 1484 gravitatis.
1100 1403 1221 1484 Cogita,
1241 1421 1361 1485 quaeso,
1388 1421 1457 1464 nam

108 1501 137 1554 et
156 1513 208 1572 ego
230 1513 287 1574 per
310 1494 409 1556 otium
433 1493 576 1573 cogitabo
598 1494 635 1555 de
659 1494 715 1554 hoc
738 1493 921 1573 diligentins.

185 1582 232 1643 De
254 1581 360 1644 iride
383 1599 463 1661 pene
488 1600 570 1643 eram
594 1582 715 1644 oblitus.
753 1581 836 1643 Doce
858 1600 915 1655 me,
941 1581 1019 1661 qnod
1042 1599 1134 1662 supra
1156 1579 1239 1660 petii,
1265 1597 1340 1660 quae
1364 1597 1458 1642 causa

106 1669 231 1732 calorum
260 1671 291 1730 in
330 1668 581 1742 retractionibus,
612 1676 644 1731 et
671 1671 797 1733 ostende
830 1669 1042 1731 refractionum
1080 1669 1209 1730 omnium
1245 1687 1400 1730 mensuras
1427 1666 1457 1727 in

106 1757 316 1837 experimentis
340 1758 417 1832 tuis,
447 1765 521 1820 tunc
543 1766 644 1820 cetera
666 1760 767 1820 omnia
790 1765 877 1820 amnt
899 1759 1060 1838 expedita3
1088 1757 1187 1837 posito
1211 1764 1312 1818 umen
1337 1764 1369 1817 et
1391 1755 1456 1830 hoc,

105 1847 180 1926 quod
203 1853 327 1910 constet
350 1847 454 1925 pluvia
478 1865 518 1907 ex
535 1846 629 1925 guttis
650 1848 788 1926 praecise
812 1846 956 1908 rotundis.
993 1847 1073 1908 Nam
1094 1853 1128 1907 ut
1149 1846 1178 1907 in
1202 1853 1269 1907 tota
1291 1863 1323 1907 re
1347 1843 1456 1923 optica,

105 1936 148 1996 sic
169 1935 216 1997 hic
240 1953 361 2015 quoque
385 1934 472 1996 iridis
497 1935 715 1998 demonstratio
744 1936 858 2016 pendet
880 1953 938 1996 non
962 1955 981 1996 e
1003 1942 1070 1997 tota
1092 1935 1170 1997 nube
1194 1934 1242 1995 vel
1266 1935 1330 2014 ejus
1352 1933 1456 2010 figura,

106 2023 159 2084 sed
186 2023 225 2084 ab
253 2023 414 2084 elementis
443 2023 508 2103 ejus
535 2022 678 2099 minimis,
713 2043 788 2105 quae
819 2030 891 2086 sunt
920 2023 1049 2085 rotunda
1076 2023 1261 2102 corpuscula.
1315 2022 1459 2083 Testatur

106 2111 196 2190 igitur
224 2111 429 2191 experientia,
462 2111 541 2191 qnod
563 2111 593 2172 in
621 2112 702 2173 omni
732 2121 832 2192 gutta,
863 2131 938 2192 quae
963 2111 1007 2174 sic
1029 2120 1078 2173 est
1100 2110 1213 2191 posita,
1242 2118 1277 2174 ut
1299 2109 1397 2172 lineae
1421 2125 1460 2168 ex

106 2199 201 2262 illain
216 2198 319 2262 Solem
334 2201 411 2262 etin
435 2200 554 2261 oculum
577 2200 703 2262 eductae
728 2201 841 2264 faciant
864 2200 1005 2279 angulum
1020 2197 1090 2274 45⁰,
1115 2200 1231 2261 colores
1255 2199 1457 2261 efflorescent.

105 2288 150 2350 Ut
173 2288 197 2348 si
218 2288 322 2350 oculus
347 2285 383 2363 O,
409 2295 499 2367 gutta
520 2287 559 2361 A,
585 2286 667 2350 Solis
690 2289 769 2351 radii
791 2291 850 2350 BH
1093 2288 1145 2352 Fig.
1166 2283 1210 2335 ³⁵·

108 2375 157 2436 rel
180 2375 240 2438 CF.
287 2375 365 2438 Cum
392 2375 485 2455 igitur
512 2376 570 2437 duo
598 2377 675 2439 radii
699 2378 767 2450 BH,
792 2376 895 2440 ocu

109 2473 234 2541 tangant
260 2472 379 2544 guttam
406 2465 438 2525 A
465 2464 550 2544 (qnia
581 2482 635 2543 per
668 2475 848 2541 contactum,

110 2561 249 2632 tanquam
270 2570 325 2633 per
348 2570 474 2614 causam
497 2553 561 2614 sine
585 2571 644 2633 qna
666 2573 735 2623 non,
760 2555 848 2616 efflo-

111 2650 228 2702 rescunt
269 2641 418 2714 colores),
466 2641 592 2702 interest
636 2642 729 2721 igitur
771 2642 850 2704 inter

112 2738 260 2810 utrumque
280 2737 453 2792 contactum
473 2747 560 2791 arcus
576 2726 636 2790 GH
658 2727 718 2794 135
726 2725 746 2803 ⁰,
764 2731 848 2810 cujus

113 2815 259 2880 dimidium
275 2817 322 2879 HI
344 2813 387 2880 67
397 2810 428 2896 Ἰ,
440 2813 462 2887 ⁰,
486 2817 547 2879 etI
569 2819 627 2879 erit
649 2819 733 2880 locus
756 2837 848 2881 cavus

113 2907 271 2984 superficiei
303 2904 496 2986 posterioris,
534 2906 564 2966 in
596 2924 683 2985 quem
720 2915 848 2986 tangens

113 2993 169 3054 ΒΗ
205 3003 272 3074 post
314 2993 528 3057 refractionem
573 2993 687 3056 incidit.
752 2996 849 3073 Igitur

32 3123 33 3133 ι
115 3091 237 3161 tangens
269 3083 328 3144 ΒΗ
370 3081 546 3160 refringitur
586 3083 695 3161 angulo
732 3080 773 3147 33
783 3077 815 3164 Ἰ,
825 3082 846 3159 ⁰,

116 3171 190 3248 qnod
214 3189 315 3251 parum
342 3171 415 3232 mihi
443 3171 579 3244 videtum
614 3190 683 3232 uam
710 3171 740 3233 in
769 3192 848 3252 aqua

114 3257 212 3320 videor
236 3261 313 3322 ultra
336 3257 399 3323 37ο
427 3259 675 3338 deprehendisse,
707 3259 764 3322 nisi
791 3260 847 3322 hoc

116 3344 276 3422 dixerimus,
301 3367 409 3428 aquam
434 3346 567 3427 pluviam
590 3355 621 3408 et
641 3347 737 3410 adhuc
761 3350 846 3429 quasi

115 3443 257 3513 tepentem
280 3456 346 3498 esse
370 3436 517 3499 rariorem
539 3445 645 3500 nostra
671 3443 887 3516 stagnante}

116 3520 210 3602 itaque
232 3532 263 3586 et
283 3524 413 3587 minores
437 3525 503 3604 ejus
531 3524 737 3587 retractiones.
784 3523 847 3587 Sed

29 3666 31 3679 ,
117 3609 207 3685 dicas
230 3631 318 3693 qnare
346 3621 505 3692 utrumque
531 3612 646 3674 radium
678 3619 708 3675 et
730 3613 787 3674 BH
817 3622 848 3675 et

30 3692 32 3765 ἕ
117 3695 263 3764 Gerros
285 3710 410 3782 tangere
430 3701 572 3780 guttam?
596 3700 713 3762 Dicam.
746 3702 846 3764 Primo

30 3782 32 3791 '
117 3787 224 3850 radium
251 3787 330 3852 Solis
359 3790 440 3851 facio
468 3796 657 3867 tangentem,
687 3797 845 3870 utsupra,

119 3874 257 3952 quianon
280 3878 416 3939 existunt
438 3877 556 3940 colores
574 3877 633 3939 nisi
652 3877 701 3939 ubi
724 3879 849 3941 refracti

117 3963 163 4038 qui
183 3983 217 4024 ex
238 3973 378 4028 contactu
398 3965 523 4029 veniunt
540 3965 684 4028 incidunt.
717 3965 847 4028 Radinm

30 3984 33 4143 b
117 4065 182 4110 vero
194 4053 265 4116 oculu
275 4054 353 4116 sacro
367 4059 555 4134 tangentem,
568 4072 637 4134 ana
648 4073 707 4118 nrsr
719 4063 846 4135 tangens

114 4155 170 4198 uon
188 4139 287 4206 incidit
302 4143 374 4218 inl,
400 4143 500 4204 locum
523 4141 672 4217 colorum;
692 4162 760 4204 narn
775 4152 808 4204 ut
830 4164 1059 4227 repercussuum
1074 4144 1118 4206 sic
1132 4141 1225 4205 etiam
1245 4113 1455 4200 refractiouurn

112 4229 207 4304 auguli
228 4241 295 4293 suut
318 4231 466 4312 aequales
489 4189 678 4294 incidentiae.
725 4232 819 4293 Porro
839 4236 944 4298 eadem
968 4230 1187 4295 demonstratio
1211 4227 1339 4290 refertur
1366 4219 1456 4282 etiarn

109 4313 146 4374 ad
167 4317 313 4383 haloues
337 4320 424 4382 circa
447 4317 560 4381 Solem.
606 4318 664 4380 Iris
688 4320 808 4399 quidem
831 4330 954 4386 constat
977 4341 1016 4384 ex
1038 4320 1131 4384 radiis
1159 4317 1248 4378 simul
1270 4309 1456 4390 repercussis

106 4413 135 4462 tt
156 4407 301 4472 refractis.
340 4409 426 4471 Nam
442 4407 499 4470 ΒΗ
521 4406 694 4487 refringitur
713 4409 782 4483 ini,
806 4415 873 4475 exI
895 4410 1096 4492 repercutitur
1119 4403 1203 4480 inG,
1228 4422 1268 4465 ex
1290 4398 1320 4462 G
1343 4398 1454 4460 refrin-

102 4489 179 4568 gitur
199 4497 364 4558 seeundc'
355 4517 390 4558 rn
415 4493 454 4559 C.
492 4493 571 4566 Quia
593 4513 664 4557 vero
687 4517 745 4559 non
770 4505 867 4563 totum
890 4499 969 4581 quod
994 4516 1030 4558 ex
1044 4499 1074 4560 Η
1096 4495 1161 4556 inI
1184 4488 1328 4554 confluxit
1350 4504 1455 4588 reper-

98 4581 208 4644 cutitur
229 4603 267 4648 ex
288 4585 338 4647 1·
329 4605 361 4648 ur
389 4583 437 4658 G,
470 4585 523 4646 sed
544 4602 617 4664 pars
639 4602 695 4664 per
723 4585 738 4646 1
769 4587 848 4659 exit,
882 4587 952 4668 quia
984 4592 1072 4664 gutta
1096 4589 1144 4643 est
1175 4577 1343 4659 pellucida,
1377 4574 1457 4637 siin

95 4669 175 4732 exitu
204 4691 264 4748 non
301 4673 540 4749 refringeretur,
566 4673 748 4736 incideret'
740 4693 772 4736 ru
801 4678 920 4739 oculum
950 4673 1086 4747 (C‘),a
1067 4687 1166 4750 aquo
1189 4669 1220 4729 in
1244 4665 1347 4730 Solem
1369 4671 1401 4726 et
1427 4662 1457 4724 iu

14 4822 15 4827 ,
92 4767 212 4835 gudan
238 4761 353 4846 ductae
387 4761 490 4824 lineae
520 4762 806 4840 comprehenderent
833 4767 974 4846 angulum
997 4757 1039 4824 33
1047 4755 1111 4843 Ἰ
1158 4755 1221 4820 Sed
1248 4753 1319 4836 quia
1346 4750 1457 4814 refrin

6 4832 20 5259 l
