<?xml version="1.0" encoding="UTF-8"?>
<!DOCTYPE html PUBLIC "-//W3C//DTD XHTML 1.0 Transitional//EN"
    "http://www.w3.org/TR/xhtml1/DTD/xhtml1-transitional.dtd">
<html xmlns="http://www.w3.org/1999/xhtml" xml:lang="en" lang="en">
 <head>
  <title>
</title>
<meta http-equiv="Content-Type" content="text/html;charset=utf-8" />
  <meta name='ocr-system' content='tesseract 3.04.00' />
  <meta name='ocr-capabilities' content='ocr_page ocr_carea ocr_par ocr_line ocrx_word'/>
</head>
<body>
  <div class='ocr_page' id='page_1' title='image "./joanniskepleria02unkngoog_0804.png"; bbox 0 0 3476 5532; ppageno 0'>
   <div class='ocr_carea' id='block_1_1' title="bbox 665 284 1477 370">
    <p class='ocr_par' dir='ltr' id='par_1_1' title="bbox 665 284 1477 370">
     <span class='ocr_line' id='line_1_1' title="bbox 665 284 1477 370; baseline 0.001 -33"><span class='ocrx_word' id='word_1_1' title='bbox 665 285 697 337; x_wconf 89' lang='lat' dir='ltr'>ds</span> <span class='ocrx_word' id='word_1_2' title='bbox 714 284 794 340; x_wconf 84' lang='lat' dir='ltr'>Stella</span> <span class='ocrx_word' id='word_1_3' title='bbox 810 287 837 370; x_wconf 78' lang='lat' dir='ltr'>ip</span> <span class='ocrx_word' id='word_1_4' title='bbox 856 285 950 354; x_wconf 77' lang='lat' dir='ltr'>Cygno.</span> <span class='ocrx_word' id='word_1_5' title='bbox 1413 289 1477 360; x_wconf 73' lang='grc'>763</span> 
     </span>
    </p>
   </div>
   <div class='ocr_carea' id='block_1_2' title="bbox 130 464 1482 1354">
    <p class='ocr_par' dir='ltr' id='par_1_2' title="bbox 131 464 1478 632">
     <span class='ocr_line' id='line_1_2' title="bbox 131 464 1478 546; baseline 0.004 -16"><span class='ocrx_word' id='word_1_6' title='bbox 131 484 233 530; x_wconf 89' lang='lat' dir='ltr'>ueram</span> <span class='ocrx_word' id='word_1_7' title='bbox 256 485 310 530; x_wconf 89' lang='lat' dir='ltr'>nec</span> <span class='ocrx_word' id='word_1_8' title='bbox 334 465 462 530; x_wconf 87' lang='lat' dir='ltr'>memini.</span> <span class='ocrx_word' id='word_1_9' title='bbox 508 464 560 529; x_wconf 91' lang='lat' dir='ltr'>Ita</span> <span class='ocrx_word' id='word_1_10' title='bbox 581 465 630 528; x_wconf 90' lang='lat' dir='ltr'>hic</span> <span class='ocrx_word' id='word_1_11' title='bbox 653 485 672 527; x_wconf 89' lang='lat' dir='ltr'>a</span> <span class='ocrx_word' id='word_1_12' title='bbox 694 464 817 546; x_wconf 90' lang='lat' dir='ltr'>propria</span> <span class='ocrx_word' id='word_1_13' title='bbox 839 466 990 546; x_wconf 86' lang='lat' dir='ltr'>memoria,</span> <span class='ocrx_word' id='word_1_14' title='bbox 1015 475 1049 530; x_wconf 90' lang='lat' dir='ltr'>ut</span> <span class='ocrx_word' id='word_1_15' title='bbox 1072 466 1148 544; x_wconf 82' lang='lat' dir='ltr'>diri,</span> <span class='ocrx_word' id='word_1_16' title='bbox 1175 467 1337 534; x_wconf 88' lang='lat' dir='ltr'>destituor:</span> <span class='ocrx_word' id='word_1_17' title='bbox 1362 491 1417 535; x_wconf 89' lang='lat' dir='ltr'>nec</span> <span class='ocrx_word' id='word_1_18' title='bbox 1440 491 1478 535; x_wconf 85' lang='lat' dir='ltr'>ex</span> 
     </span>
     <span class='ocr_line' id='line_1_3' title="bbox 131 555 979 632; baseline 0.001 -14"><span class='ocrx_word' id='word_1_19' title='bbox 131 575 169 618; x_wconf 84' lang='lat' dir='ltr'>ea</span> <span class='ocrx_word' id='word_1_20' title='bbox 190 555 257 618; x_wconf 92' lang='lat' dir='ltr'>sola</span> <span class='ocrx_word' id='word_1_21' title='bbox 279 556 498 632; x_wconf 84' lang='lat' dir='ltr'>affirmaverim,</span> <span class='ocrx_word' id='word_1_22' title='bbox 524 575 633 619; x_wconf 89' lang='lat' dir='ltr'>novam</span> <span class='ocrx_word' id='word_1_23' title='bbox 657 555 734 617; x_wconf 89' lang='lat' dir='ltr'>hanc</span> <span class='ocrx_word' id='word_1_24' title='bbox 758 575 824 618; x_wconf 89' lang='lat' dir='ltr'>esse</span> <span class='ocrx_word' id='word_1_25' title='bbox 848 555 979 619; x_wconf 89' lang='lat' dir='ltr'>stellam.</span> 
     </span>
    </p>

    <p class='ocr_par' dir='ltr' id='par_1_3' title="bbox 130 643 1482 1354">
     <span class='ocr_line' id='line_1_4' title="bbox 220 643 1477 726; baseline 0.003 -18"><span class='ocrx_word' id='word_1_26' title='bbox 220 643 305 717; x_wconf 84' lang='lat' dir='ltr'>Quae</span> <span class='ocrx_word' id='word_1_27' title='bbox 325 645 362 708; x_wconf 90' lang='lat' dir='ltr'>de</span> <span class='ocrx_word' id='word_1_28' title='bbox 376 663 422 708; x_wconf 88' lang='lat' dir='ltr'>me</span> <span class='ocrx_word' id='word_1_29' title='bbox 441 645 512 714; x_wconf 87' lang='lat' dir='ltr'>dixi,</span> <span class='ocrx_word' id='word_1_30' title='bbox 538 645 574 707; x_wconf 88' lang='lat' dir='ltr'>de</span> <span class='ocrx_word' id='word_1_31' title='bbox 590 645 725 707; x_wconf 91' lang='lat' dir='ltr'>omnibus</span> <span class='ocrx_word' id='word_1_32' title='bbox 749 644 811 707; x_wconf 84' lang='lat' dir='ltr'>lere</span> <span class='ocrx_word' id='word_1_33' title='bbox 832 646 1052 726; x_wconf 78' lang='lat' dir='ltr'><strong>professoribus</strong></span> <span class='ocrx_word' id='word_1_34' title='bbox 1076 645 1292 709; x_wconf 89' lang='lat' dir='ltr'>mathematum</span> <span class='ocrx_word' id='word_1_35' title='bbox 1314 649 1477 722; x_wconf 87' lang='lat' dir='ltr'>hodiernis,</span> 
     </span>
     <span class='ocr_line' id='line_1_5' title="bbox 132 732 1479 821; baseline 0.004 -25"><span class='ocrx_word' id='word_1_36' title='bbox 132 733 182 816; x_wconf 92' lang='lat' dir='ltr'>qui</span> <span class='ocrx_word' id='word_1_37' title='bbox 211 735 325 816; x_wconf 90' lang='lat' dir='ltr'>passim</span> <span class='ocrx_word' id='word_1_38' title='bbox 356 743 426 798; x_wconf 87' lang='lat' dir='ltr'>sant</span> <span class='ocrx_word' id='word_1_39' title='bbox 457 753 510 814; x_wconf 89' lang='lat' dir='ltr'>per</span> <span class='ocrx_word' id='word_1_40' title='bbox 541 734 713 797; x_wconf 78' lang='lat' dir='ltr'>academias</span> <span class='ocrx_word' id='word_1_41' title='bbox 744 732 885 816; x_wconf 82' lang='lat' dir='ltr'>Europae</span> <span class='ocrx_word' id='word_1_42' title='bbox 917 735 1090 805; x_wconf 88' lang='lat' dir='ltr'>distributi,</span> <span class='ocrx_word' id='word_1_43' title='bbox 1128 735 1226 798; x_wconf 80' lang='lat' dir='ltr'>dicere</span> <span class='ocrx_word' id='word_1_44' title='bbox 1255 757 1395 818; x_wconf 88' lang='lat' dir='ltr'>possum:</span> <span class='ocrx_word' id='word_1_45' title='bbox 1429 739 1479 821; x_wconf 94' lang='lat' dir='ltr'>qni</span> 
     </span>
     <span class='ocr_line' id='line_1_6' title="bbox 131 823 1480 904; baseline 0.006 -19"><span class='ocrx_word' id='word_1_46' title='bbox 131 825 336 904; x_wconf 88' lang='lat' dir='ltr'>quaestionem</span> <span class='ocrx_word' id='word_1_47' title='bbox 369 843 472 888; x_wconf 88' lang='lat' dir='ltr'>omnes</span> <span class='ocrx_word' id='word_1_48' title='bbox 504 830 626 886; x_wconf 87' lang='lat' dir='ltr'>movent</span> <span class='ocrx_word' id='word_1_49' title='bbox 654 824 692 884; x_wconf 91' lang='lat' dir='ltr'>ds</span> <span class='ocrx_word' id='word_1_50' title='bbox 723 841 801 884; x_wconf 85' lang='lat' dir='ltr'>novo</span> <span class='ocrx_word' id='word_1_51' title='bbox 832 824 1058 904; x_wconf 87' lang='lat' dir='ltr'>phaenomeno,</span> <span class='ocrx_word' id='word_1_52' title='bbox 1096 823 1277 888; x_wconf 86' lang='lat' dir='ltr'>sententiam</span> <span class='ocrx_word' id='word_1_53' title='bbox 1309 846 1393 890; x_wconf 88' lang='lat' dir='ltr'>suam</span> <span class='ocrx_word' id='word_1_54' title='bbox 1425 837 1480 894; x_wconf 89' lang='lat' dir='ltr'>ant</span> 
     </span>
     <span class='ocr_line' id='line_1_7' title="bbox 131 913 1480 998; baseline 0.003 -22"><span class='ocrx_word' id='word_1_55' title='bbox 131 921 270 998; x_wconf 76' lang='lat' dir='ltr'>premant</span> <span class='ocrx_word' id='word_1_56' title='bbox 289 921 353 976; x_wconf 88' lang='lat' dir='ltr'>&#39;aut</span> <span class='ocrx_word' id='word_1_57' title='bbox 382 933 415 976; x_wconf 86' lang='grc' dir='ltr'>ιι</span> <span class='ocrx_word' id='word_1_58' title='bbox 443 913 561 976; x_wconf 89' lang='lat' dir='ltr'>nescire</span> <span class='ocrx_word' id='word_1_59' title='bbox 592 913 737 975; x_wconf 84' lang='lat' dir='ltr'>latentur.</span> <span class='ocrx_word' id='word_1_60' title='bbox 783 913 965 977; x_wconf 85' lang='lat' dir='ltr'>Maestlinns</span> <span class='ocrx_word' id='word_1_61' title='bbox 995 914 1114 996; x_wconf 81' lang='lat' dir='ltr'>quidem</span> <span class='ocrx_word' id='word_1_62' title='bbox 1144 914 1299 978; x_wconf 80' lang='lat' dir='ltr'>confessus</span> <span class='ocrx_word' id='word_1_63' title='bbox 1328 915 1480 997; x_wconf 80' lang='lat' dir='ltr'>ambigere</span> 
     </span>
     <span class='ocr_line' id='line_1_8' title="bbox 131 1000 1480 1087; baseline 0.004 -23"><span class='ocrx_word' id='word_1_64' title='bbox 131 1005 174 1078; x_wconf 84' lang='grc' dir='ltr'>ιι,</span> <span class='ocrx_word' id='word_1_65' title='bbox 197 1001 323 1067; x_wconf 86' lang='lat' dir='ltr'>inclinat</span> <span class='ocrx_word' id='word_1_66' title='bbox 345 1011 446 1065; x_wconf 87' lang='lat' dir='ltr'>tamen</span> <span class='ocrx_word' id='word_1_67' title='bbox 471 1020 516 1078; x_wconf 91' lang='lat' dir='ltr'>eo,</span> <span class='ocrx_word' id='word_1_68' title='bbox 539 1010 574 1065; x_wconf 91' lang='lat' dir='ltr'>nt</span> <span class='ocrx_word' id='word_1_69' title='bbox 596 1021 655 1084; x_wconf 91' lang='lat' dir='ltr'>qun</span> <span class='ocrx_word' id='word_1_70' title='bbox 679 1000 790 1064; x_wconf 82' lang='lat' dir='ltr'>diutim</span> <span class='ocrx_word' id='word_1_71' title='bbox 813 1022 899 1066; x_wconf 86' lang='lat' dir='ltr'>snam</span> <span class='ocrx_word' id='word_1_72' title='bbox 929 1003 1082 1075; x_wconf 78' lang='lat' dir='ltr'>examinet</span> <span class='ocrx_word' id='word_1_73' title='bbox 1110 1003 1282 1068; x_wconf 83' lang='lat' dir='ltr'>memoriam</span> <span class='ocrx_word' id='word_1_74' title='bbox 1304 1005 1360 1067; x_wconf 93' lang='lat' dir='ltr'>hoc</span> <span class='ocrx_word' id='word_1_75' title='bbox 1382 1005 1480 1087; x_wconf 86' lang='lat' dir='ltr'>magis</span> 
     </span>
     <span class='ocr_line' id='line_1_9' title="bbox 130 1090 1482 1176; baseline 0.004 -22"><span class='ocrx_word' id='word_1_76' title='bbox 130 1099 227 1175; x_wconf 88' lang='lat' dir='ltr'>patet,</span> <span class='ocrx_word' id='word_1_77' title='bbox 250 1093 306 1155; x_wconf 90' lang='lat' dir='ltr'>sibi</span> <span class='ocrx_word' id='word_1_78' title='bbox 331 1093 422 1154; x_wconf 89' lang='lat' dir='ltr'>etiam</span> <span class='ocrx_word' id='word_1_79' title='bbox 443 1091 514 1154; x_wconf 90' lang='lat' dir='ltr'>olim</span> <span class='ocrx_word' id='word_1_80' title='bbox 532 1091 640 1154; x_wconf 78' lang='lat' dir='ltr'>visam.</span> <span class='ocrx_word' id='word_1_81' title='bbox 678 1090 723 1153; x_wconf 86' lang='lat' dir='ltr'>At</span> <span class='ocrx_word' id='word_1_82' title='bbox 745 1091 852 1154; x_wconf 84' lang='lat' dir='ltr'>statim</span> <span class='ocrx_word' id='word_1_83' title='bbox 875 1091 997 1173; x_wconf 90' lang='lat' dir='ltr'>subjicit</span> <span class='ocrx_word' id='word_1_84' title='bbox 1019 1103 1205 1174; x_wconf 89' lang='lat' dir='ltr'>argumenta,</span> <span class='ocrx_word' id='word_1_85' title='bbox 1231 1093 1336 1176; x_wconf 90' lang='lat' dir='ltr'>quibus</span> <span class='ocrx_word' id='word_1_86' title='bbox 1357 1105 1482 1159; x_wconf 89' lang='lat' dir='ltr'>utuntur</span> 
     </span>
     <span class='ocr_line' id='line_1_10' title="bbox 133 1179 1481 1265; baseline 0.002 -22"><span class='ocrx_word' id='word_1_87' title='bbox 133 1182 181 1265; x_wconf 92' lang='lat' dir='ltr'>qni</span> <span class='ocrx_word' id='word_1_88' title='bbox 210 1181 393 1264; x_wconf 89' lang='lat' dir='ltr'>disputando</span> <span class='ocrx_word' id='word_1_89' title='bbox 421 1181 557 1245; x_wconf 89' lang='lat' dir='ltr'>nituntur</span> <span class='ocrx_word' id='word_1_90' title='bbox 587 1179 743 1260; x_wconf 88' lang='lat' dir='ltr'>antiquam</span> <span class='ocrx_word' id='word_1_91' title='bbox 775 1183 895 1257; x_wconf 86' lang='lat' dir='ltr'>lacere;</span> <span class='ocrx_word' id='word_1_92' title='bbox 929 1181 1046 1245; x_wconf 88' lang='lat' dir='ltr'>scilicet</span> <span class='ocrx_word' id='word_1_93' title='bbox 1078 1183 1156 1263; x_wconf 92' lang='lat' dir='ltr'>qnod</span> <span class='ocrx_word' id='word_1_94' title='bbox 1188 1183 1276 1246; x_wconf 89' lang='lat' dir='ltr'>duret</span> <span class='ocrx_word' id='word_1_95' title='bbox 1304 1191 1353 1246; x_wconf 86' lang='lat' dir='ltr'>tot</span> <span class='ocrx_word' id='word_1_96' title='bbox 1385 1203 1481 1248; x_wconf 89' lang='lat' dir='ltr'>annos</span> 
     </span>
     <span class='ocr_line' id='line_1_11' title="bbox 131 1269 1481 1354; baseline 0.003 -21"><span class='ocrx_word' id='word_1_97' title='bbox 131 1271 266 1354; x_wconf 90' lang='lat' dir='ltr'>quodque</span> <span class='ocrx_word' id='word_1_98' title='bbox 290 1271 483 1334; x_wconf 87' lang='lat' dir='ltr'>Ptolemaeus</span> <span class='ocrx_word' id='word_1_99' title='bbox 513 1271 625 1334; x_wconf 88' lang='lat' dir='ltr'>multas</span> <span class='ocrx_word' id='word_1_100' title='bbox 658 1270 734 1332; x_wconf 85' lang='lat' dir='ltr'>lixas</span> <span class='ocrx_word' id='word_1_101' title='bbox 767 1269 912 1334; x_wconf 90' lang='lat' dir='ltr'>omiserit.</span> <span class='ocrx_word' id='word_1_102' title='bbox 957 1272 1016 1334; x_wconf 87' lang='lat' dir='ltr'>Hic</span> <span class='ocrx_word' id='word_1_103' title='bbox 1039 1290 1110 1352; x_wconf 91' lang='lat' dir='ltr'>ergo</span> <span class='ocrx_word' id='word_1_104' title='bbox 1143 1271 1213 1334; x_wconf 91' lang='lat' dir='ltr'>dnm</span> <span class='ocrx_word' id='word_1_105' title='bbox 1236 1273 1275 1334; x_wconf 87' lang='lat' dir='ltr'>ad</span> <span class='ocrx_word' id='word_1_106' title='bbox 1303 1283 1481 1354; x_wconf 87' lang='lat' dir='ltr'>argumenta</span> 
     </span>
    </p>
   </div>
   <div class='ocr_carea' id='block_1_3' title="bbox 131 1359 1583 1443">
    <p class='ocr_par' dir='ltr' id='par_1_4' title="bbox 131 1359 1583 1443">
     <span class='ocr_line' id='line_1_12' title="bbox 131 1359 1583 1443; baseline 0.002 -21"><span class='ocrx_word' id='word_1_107' title='bbox 131 1360 275 1440; x_wconf 83' lang='lat' dir='ltr'>confugit,</span> <span class='ocrx_word' id='word_1_108' title='bbox 299 1360 372 1423; x_wconf 95' lang='lat' dir='ltr'>nibil</span> <span class='ocrx_word' id='word_1_109' title='bbox 396 1379 430 1422; x_wconf 90' lang='grc' dir='ltr'>ιι</span> <span class='ocrx_word' id='word_1_110' title='bbox 452 1359 563 1423; x_wconf 89' lang='lat' dir='ltr'>habere</span> <span class='ocrx_word' id='word_1_111' title='bbox 588 1361 710 1434; x_wconf 85' lang='lat' dir='ltr'>fatetur,</span> <span class='ocrx_word' id='word_1_112' title='bbox 735 1361 849 1440; x_wconf 80' lang='lat' dir='ltr'>quode</span> <span class='ocrx_word' id='word_1_113' title='bbox 865 1361 1010 1424; x_wconf 87' lang='lat' dir='ltr'>memoria</span> <span class='ocrx_word' id='word_1_114' title='bbox 1031 1380 1087 1423; x_wconf 90' lang='lat' dir='ltr'>sua</span> <span class='ocrx_word' id='word_1_115' title='bbox 1110 1367 1215 1424; x_wconf 87' lang='lat' dir='ltr'>contra</span> <span class='ocrx_word' id='word_1_116' title='bbox 1237 1381 1292 1425; x_wconf 91' lang='lat' dir='ltr'>nos</span> <span class='ocrx_word' id='word_1_117' title='bbox 1312 1363 1479 1443; x_wconf 89' lang='lat' dir='ltr'>depromat.</span> <span class='ocrx_word' id='word_1_118' title='bbox 1580 1371 1583 1378; x_wconf 87' lang='lat'>&#39;</span> 
     </span>
    </p>
   </div>
   <div class='ocr_carea' id='block_1_4' title="bbox 122 1447 1555 2246">
    <p class='ocr_par' dir='ltr' id='par_1_5' title="bbox 132 1447 1555 2067">
     <span class='ocr_line' id='line_1_13' title="bbox 220 1447 1481 1553; baseline 0.002 -40"><span class='ocrx_word' id='word_1_119' title='bbox 220 1449 299 1521; x_wconf 87' lang='lat' dir='ltr'>Quid</span> <span class='ocrx_word' id='word_1_120' title='bbox 324 1449 421 1512; x_wconf 91' lang='lat' dir='ltr'>dicam</span> <span class='ocrx_word' id='word_1_121' title='bbox 445 1450 482 1513; x_wconf 90' lang='lat' dir='ltr'>de</span> <span class='ocrx_word' id='word_1_122' title='bbox 505 1447 656 1553; x_wconf 80' lang='lat' dir='ltr'>Tychpnis</span> <span class='ocrx_word' id='word_1_123' title='bbox 677 1449 789 1513; x_wconf 85' lang='lat' dir='ltr'>Brshei</span> <span class='ocrx_word' id='word_1_124' title='bbox 813 1450 1021 1526; x_wconf 90' lang='lat' dir='ltr'>contubernio,</span> <span class='ocrx_word' id='word_1_125' title='bbox 1045 1451 1076 1512; x_wconf 91' lang='lat' dir='ltr'>in</span> <span class='ocrx_word' id='word_1_126' title='bbox 1100 1469 1157 1530; x_wconf 92' lang='lat' dir='ltr'>qno</span> <span class='ocrx_word' id='word_1_127' title='bbox 1180 1469 1235 1535; x_wconf 89' lang='lat' dir='ltr'>per</span> <span class='ocrx_word' id='word_1_128' title='bbox 1255 1451 1361 1532; x_wconf 82' lang='lat' dir='ltr'>viginti</span> <span class='ocrx_word' id='word_1_129' title='bbox 1386 1471 1481 1516; x_wconf 88' lang='lat' dir='ltr'>annos</span> 
     </span>
     <span class='ocr_line' id='line_1_14' title="bbox 132 1537 1481 1644; baseline 0.003 -44"><span class='ocrx_word' id='word_1_130' title='bbox 132 1538 249 1620; x_wconf 84' lang='lat' dir='ltr'>plurimi</span> <span class='ocrx_word' id='word_1_131' title='bbox 273 1539 413 1602; x_wconf 88' lang='lat' dir='ltr'>vixerunt</span> <span class='ocrx_word' id='word_1_132' title='bbox 435 1539 637 1604; x_wconf 86' lang='lat' dir='ltr'>astronomiae</span> <span class='ocrx_word' id='word_1_133' title='bbox 665 1537 808 1614; x_wconf 80' lang='lat' dir='ltr'>studiosi,</span> <span class='ocrx_word' id='word_1_134' title='bbox 832 1541 954 1620; x_wconf 89' lang='lat' dir='ltr'>atque&#39;</span> <span class='ocrx_word' id='word_1_135' title='bbox 945 1539 967 1602; x_wconf 86' lang='lat' dir='ltr'>ri</span> <span class='ocrx_word' id='word_1_136' title='bbox 989 1539 1019 1600; x_wconf 91' lang='lat' dir='ltr'>in</span> <span class='ocrx_word' id='word_1_137' title='bbox 1044 1538 1296 1644; x_wconf 89' lang='lat' dir='ltr'>contemplatione</span> <span class='ocrx_word' id='word_1_138' title='bbox 1327 1541 1481 1604; x_wconf 82' lang='lat' dir='ltr'>stellarum</span> 
     </span>
     <span class='ocr_line' id='line_1_15' title="bbox 133 1627 1555 1733; baseline 0.001 -41"><span class='ocrx_word' id='word_1_139' title='bbox 133 1628 335 1709; x_wconf 81' lang='lat' dir='ltr'>frigidissimis</span> <span class='ocrx_word' id='word_1_140' title='bbox 359 1627 496 1692; x_wconf 90' lang='lat' dir='ltr'>noctibus</span> <span class='ocrx_word' id='word_1_141' title='bbox 525 1628 601 1690; x_wconf 89' lang='lat' dir='ltr'>adeo</span> <span class='ocrx_word' id='word_1_142' title='bbox 631 1627 770 1704; x_wconf 81' lang='lat' dir='ltr'>exerciti,</span> <span class='ocrx_word' id='word_1_143' title='bbox 803 1634 838 1690; x_wconf 89' lang='lat' dir='ltr'>ut</span> <span class='ocrx_word' id='word_1_144' title='bbox 861 1630 1005 1716; x_wconf 85' lang='lat' dir='ltr'>quosdam</span> <span class='ocrx_word' id='word_1_145' title='bbox 1028 1629 1085 1691; x_wconf 90' lang='lat' dir='ltr'>hac</span> <span class='ocrx_word' id='word_1_146' title='bbox 1115 1629 1304 1733; x_wconf 79' lang='lat' dir='ltr'>potissimum</span> <span class='ocrx_word' id='word_1_147' title='bbox 1327 1632 1364 1693; x_wconf 84' lang='lat' dir='ltr'>de</span> <span class='ocrx_word' id='word_1_148' title='bbox 1388 1649 1480 1693; x_wconf 89' lang='lat' dir='ltr'>cansa</span> <span class='ocrx_word' id='word_1_149' title='bbox 1549 1632 1555 1649; x_wconf 81' lang='grc'><em>“</em></span> 
     </span>
     <span class='ocr_line' id='line_1_16' title="bbox 133 1709 1480 1803; baseline 0.003 -23"><span class='ocrx_word' id='word_1_150' title='bbox 133 1717 221 1780; x_wconf 91' lang='lat' dir='ltr'>etiam</span> <span class='ocrx_word' id='word_1_151' title='bbox 245 1717 310 1780; x_wconf 83' lang='lat' dir='ltr'>vita</span> <span class='ocrx_word' id='word_1_152' title='bbox 332 1717 506 1780; x_wconf 89' lang='lat' dir='ltr'>desemerit.</span> <span class='ocrx_word' id='word_1_153' title='bbox 551 1717 678 1780; x_wconf 86' lang='lat' dir='ltr'>Adeone</span> <span class='ocrx_word' id='word_1_154' title='bbox 710 1715 863 1798; x_wconf 87' lang='lat' dir='ltr'>igiturex</span> <span class='ocrx_word' id='word_1_155' title='bbox 891 1709 1103 1798; x_wconf 86' lang='lat' dir='ltr'>superstitibus</span> <span class='ocrx_word' id='word_1_156' title='bbox 1135 1717 1280 1790; x_wconf 88' lang='lat' dir='ltr'>neminem</span> <span class='ocrx_word' id='word_1_157' title='bbox 1311 1737 1398 1796; x_wconf 88' lang='lat' dir='ltr'>esse,</span> <span class='ocrx_word' id='word_1_158' title='bbox 1429 1719 1480 1803; x_wconf 90' lang='lat' dir='ltr'>qni</span> 
     </span>
     <span class='ocr_line' id='line_1_17' title="bbox 133 1806 1480 1894; baseline 0.001 -25"><span class='ocrx_word' id='word_1_159' title='bbox 133 1808 241 1869; x_wconf 86' lang='lat' dir='ltr'>lamam</span> <span class='ocrx_word' id='word_1_160' title='bbox 264 1808 333 1894; x_wconf 79' lang='lat' dir='ltr'>nopi</span> <span class='ocrx_word' id='word_1_161' title='bbox 364 1806 581 1888; x_wconf 88' lang='lat' dir='ltr'>phaenomeni‚</span> <span class='ocrx_word' id='word_1_162' title='bbox 615 1807 641 1869; x_wconf 90' lang='lat' dir='ltr'>si</span> <span class='ocrx_word' id='word_1_163' title='bbox 665 1825 702 1867; x_wconf 88' lang='lat' dir='ltr'>ee</span> <span class='ocrx_word' id='word_1_164' title='bbox 725 1806 805 1868; x_wconf 85' lang='lat' dir='ltr'>falsa</span> <span class='ocrx_word' id='word_1_165' title='bbox 827 1813 894 1880; x_wconf 88' lang='lat' dir='ltr'>est,</span> <span class='ocrx_word' id='word_1_166' title='bbox 919 1827 956 1868; x_wconf 85' lang='lat' dir='ltr'>ex</span> <span class='ocrx_word' id='word_1_167' title='bbox 978 1806 1101 1888; x_wconf 91' lang='lat' dir='ltr'>propria</span> <span class='ocrx_word' id='word_1_168' title='bbox 1133 1809 1276 1871; x_wconf 89' lang='lat' dir='ltr'>memoria</span> <span class='ocrx_word' id='word_1_169' title='bbox 1307 1809 1480 1872; x_wconf 84' lang='lat' dir='ltr'>convellat?</span> 
     </span>
     <span class='ocr_line' id='line_1_18' title="bbox 132 1893 1480 1980; baseline 0.001 -22"><span class='ocrx_word' id='word_1_170' title='bbox 132 1897 239 1978; x_wconf 90' lang='lat' dir='ltr'>Itaque</span> <span class='ocrx_word' id='word_1_171' title='bbox 267 1897 454 1978; x_wconf 89' lang='lat' dir='ltr'>perpendens</span> <span class='ocrx_word' id='word_1_172' title='bbox 481 1897 544 1958; x_wconf 90' lang='lat' dir='ltr'>ista</span> <span class='ocrx_word' id='word_1_173' title='bbox 565 1897 719 1980; x_wconf 83' lang='lat' dir='ltr'>Bayerns,</span> <span class='ocrx_word' id='word_1_174' title='bbox 751 1893 929 1971; x_wconf 91' lang='lat' dir='ltr'>Omnium,</span> <span class='ocrx_word' id='word_1_175' title='bbox 955 1897 1017 1973; x_wconf 89' lang='lat' dir='ltr'>ait,</span> <span class='ocrx_word' id='word_1_176' title='bbox 1048 1895 1172 1960; x_wconf 89' lang='lat' dir='ltr'>tacito</span> <span class='ocrx_word' id='word_1_177' title='bbox 1204 1915 1386 1961; x_wconf 87' lang='lat' dir='ltr'>consensa</span> <span class='ocrx_word' id='word_1_178' title='bbox 1416 1917 1480 1980; x_wconf 90' lang='lat' dir='ltr'>pro</span> 
     </span>
     <span class='ocr_line' id='line_1_19' title="bbox 133 1986 449 2067; baseline -0.003 -18"><span class='ocrx_word' id='word_1_179' title='bbox 133 1986 234 2049; x_wconf 85' lang='lat' dir='ltr'>Nova</span> <span class='ocrx_word' id='word_1_180' title='bbox 256 1993 449 2067; x_wconf 88' lang='lat' dir='ltr'>receptam.</span> 
     </span>
    </p>

    <p class='ocr_par' dir='ltr' id='par_1_6' title="bbox 122 2072 1480 2246">
     <span class='ocr_line' id='line_1_20' title="bbox 220 2072 1480 2157; baseline 0.001 -19"><span class='ocrx_word' id='word_1_181' title='bbox 220 2075 408 2156; x_wconf 81' lang='lat' dir='ltr'>Argumenta</span> <span class='ocrx_word' id='word_1_182' title='bbox 429 2094 514 2151; x_wconf 88' lang='lat' dir='ltr'>vern,</span> <span class='ocrx_word' id='word_1_183' title='bbox 535 2074 640 2157; x_wconf 89' lang='lat' dir='ltr'>quibus</span> <span class='ocrx_word' id='word_1_184' title='bbox 664 2073 701 2149; x_wconf 86' lang='lat' dir='ltr'>ei,</span> <span class='ocrx_word' id='word_1_185' title='bbox 726 2072 959 2156; x_wconf 81' lang='lat' dir='ltr'>quamproprie</span> <span class='ocrx_word' id='word_1_186' title='bbox 982 2072 1096 2138; x_wconf 86' lang='lat' dir='ltr'>deserit</span> <span class='ocrx_word' id='word_1_187' title='bbox 1117 2073 1270 2150; x_wconf 88' lang='lat' dir='ltr'>memoria,</span> <span class='ocrx_word' id='word_1_188' title='bbox 1295 2075 1369 2138; x_wconf 89' lang='lat' dir='ltr'>fides</span> <span class='ocrx_word' id='word_1_189' title='bbox 1391 2076 1480 2139; x_wconf 87' lang='lat' dir='ltr'>novi-</span> 
     </span>
     <span class='ocr_line' id='line_1_21' title="bbox 122 2161 1479 2246; baseline 0.001 -19"><span class='ocrx_word' id='word_1_190' title='bbox 122 2163 207 2227; x_wconf 88' lang='lat' dir='ltr'>-tatis</span> <span class='ocrx_word' id='word_1_191' title='bbox 230 2163 293 2227; x_wconf 89' lang='lat' dir='ltr'>fieri</span> <span class='ocrx_word' id='word_1_192' title='bbox 314 2173 426 2246; x_wconf 89' lang='lat' dir='ltr'>potest,</span> <span class='ocrx_word' id='word_1_193' title='bbox 449 2165 523 2227; x_wconf 90' lang='lat' dir='ltr'>haec</span> <span class='ocrx_word' id='word_1_194' title='bbox 547 2171 636 2226; x_wconf 91' lang='lat' dir='ltr'>sunt:</span> <span class='ocrx_word' id='word_1_195' title='bbox 660 2162 794 2226; x_wconf 89' lang='lat' dir='ltr'>Primum</span> <span class='ocrx_word' id='word_1_196' title='bbox 818 2163 930 2226; x_wconf 86' lang='lat' dir='ltr'>omissa</span> <span class='ocrx_word' id='word_1_197' title='bbox 953 2170 1001 2225; x_wconf 88' lang='lat' dir='ltr'>est</span> <span class='ocrx_word' id='word_1_198' title='bbox 1022 2161 1098 2226; x_wconf 88' lang='lat' dir='ltr'>baec</span> <span class='ocrx_word' id='word_1_199' title='bbox 1121 2163 1212 2226; x_wconf 91' lang='lat' dir='ltr'>stella</span> <span class='ocrx_word' id='word_1_200' title='bbox 1235 2164 1272 2226; x_wconf 91' lang='lat' dir='ltr'>ab</span> <span class='ocrx_word' id='word_1_201' title='bbox 1296 2165 1479 2246; x_wconf 86' lang='lat' dir='ltr'>Hipparcho,</span> 
     </span>
    </p>
   </div>
   <div class='ocr_carea' id='block_1_5' title="bbox 54 2255 1481 2420">
    <p class='ocr_par' dir='ltr' id='par_1_7' title="bbox 54 2255 1481 2420">
     <span class='ocr_line' id='line_1_22' title="bbox 133 2255 1481 2337; baseline 0.004 -20"><span class='ocrx_word' id='word_1_202' title='bbox 133 2255 182 2337; x_wconf 85' lang='lat' dir='ltr'>qui</span> <span class='ocrx_word' id='word_1_203' title='bbox 202 2283 286 2322; x_wconf 89' lang='lat' dir='ltr'>ansus</span> <span class='ocrx_word' id='word_1_204' title='bbox 316 2283 374 2322; x_wconf 90' lang='lat' dir='ltr'>rsm</span> <span class='ocrx_word' id='word_1_205' title='bbox 404 2265 488 2322; x_wconf 90' lang='lat' dir='ltr'>etiam</span> <span class='ocrx_word' id='word_1_206' title='bbox 508 2266 569 2320; x_wconf 90' lang='lat' dir='ltr'>Deo</span> <span class='ocrx_word' id='word_1_207' title='bbox 599 2263 763 2336; x_wconf 91' lang='lat' dir='ltr'>improbam,</span> <span class='ocrx_word' id='word_1_208' title='bbox 794 2279 975 2320; x_wconf 85' lang='lat' dir='ltr'>annumerare</span> <span class='ocrx_word' id='word_1_209' title='bbox 1004 2263 1123 2334; x_wconf 90' lang='lat' dir='ltr'>posteris</span> <span class='ocrx_word' id='word_1_210' title='bbox 1153 2263 1251 2320; x_wconf 87' lang='lat' dir='ltr'>stellas</span> <span class='ocrx_word' id='word_1_211' title='bbox 1276 2279 1310 2320; x_wconf 84' lang='lat' dir='ltr'>ac</span> <span class='ocrx_word' id='word_1_212' title='bbox 1334 2265 1424 2321; x_wconf 85' lang='lat' dir='ltr'>sidera</span> <span class='ocrx_word' id='word_1_213' title='bbox 1444 2267 1481 2322; x_wconf 86' lang='lat' dir='ltr'>ad</span> 
     </span>
     <span class='ocr_line' id='line_1_23' title="bbox 54 2344 1480 2420; baseline 0 -18"><span class='ocrx_word' id='word_1_214' title='bbox 54 2393 59 2402; x_wconf 96' lang='lat'>.</span> <span class='ocrx_word' id='word_1_215' title='bbox 131 2363 253 2404; x_wconf 83' lang='lat' dir='ltr'>normam</span> <span class='ocrx_word' id='word_1_216' title='bbox 273 2349 445 2420; x_wconf 86' lang='lat' dir='ltr'>expandere,</span> <span class='ocrx_word' id='word_1_217' title='bbox 473 2345 586 2419; x_wconf 82' lang='lat' dir='ltr'>organis</span> <span class='ocrx_word' id='word_1_218' title='bbox 607 2346 790 2418; x_wconf 81' lang='lat' dir='ltr'>excogitatis,</span> <span class='ocrx_word' id='word_1_219' title='bbox 811 2360 863 2416; x_wconf 88' lang='lat' dir='ltr'>per</span> <span class='ocrx_word' id='word_1_220' title='bbox 884 2360 955 2416; x_wconf 87' lang='lat' dir='ltr'>quae</span> <span class='ocrx_word' id='word_1_221' title='bbox 981 2344 1153 2416; x_wconf 79' lang='lat' dir='ltr'>singularum</span> <span class='ocrx_word' id='word_1_222' title='bbox 1172 2345 1235 2400; x_wconf 87' lang='lat' dir='ltr'>loca</span> <span class='ocrx_word' id='word_1_223' title='bbox 1260 2351 1345 2418; x_wconf 88' lang='lat' dir='ltr'>atque</span> <span class='ocrx_word' id='word_1_224' title='bbox 1372 2346 1480 2420; x_wconf 83' lang='lat' dir='ltr'>magni·</span> 
     </span>
    </p>
   </div>
   <div class='ocr_carea' id='block_1_6' title="bbox 134 2428 1482 2512">
    <p class='ocr_par' dir='ltr' id='par_1_8' title="bbox 134 2428 1482 2512">
     <span class='ocr_line' id='line_1_24' title="bbox 134 2428 1482 2512; baseline -0.004 -19"><span class='ocrx_word' id='word_1_225' title='bbox 134 2437 241 2493; x_wconf 88' lang='lat' dir='ltr'>tndines</span> <span class='ocrx_word' id='word_1_226' title='bbox 263 2437 397 2512; x_wconf 84' lang='lat' dir='ltr'>signaret,</span> <span class='ocrx_word' id='word_1_227' title='bbox 418 2444 452 2492; x_wconf 90' lang='lat' dir='ltr'>ut</span> <span class='ocrx_word' id='word_1_228' title='bbox 465 2436 548 2491; x_wconf 80' lang='lat' dir='ltr'>facile</span> <span class='ocrx_word' id='word_1_229' title='bbox 568 2437 683 2492; x_wconf 87' lang='lat' dir='ltr'>discerni</span> <span class='ocrx_word' id='word_1_230' title='bbox 697 2441 794 2508; x_wconf 85' lang='lat' dir='ltr'>posset</span> <span class='ocrx_word' id='word_1_231' title='bbox 806 2453 844 2489; x_wconf 81' lang='lat' dir='ltr'>ex</span> <span class='ocrx_word' id='word_1_232' title='bbox 858 2452 901 2499; x_wconf 93' lang='lat' dir='ltr'>eo,</span> <span class='ocrx_word' id='word_1_233' title='bbox 921 2451 977 2488; x_wconf 91' lang='lat' dir='ltr'>non</span> <span class='ocrx_word' id='word_1_234' title='bbox 989 2435 1068 2488; x_wconf 88' lang='lat' dir='ltr'>modo</span> <span class='ocrx_word' id='word_1_235' title='bbox 1083 2451 1120 2490; x_wconf 88' lang='lat' dir='ltr'>an</span> <span class='ocrx_word' id='word_1_236' title='bbox 1134 2434 1243 2489; x_wconf 90' lang='lat' dir='ltr'>obirent</span> <span class='ocrx_word' id='word_1_237' title='bbox 1258 2428 1346 2499; x_wconf 86' lang='lat' dir='ltr'>(nota</span> <span class='ocrx_word' id='word_1_238' title='bbox 1367 2443 1482 2508; x_wconf 78' lang='lat' dir='ltr'>quaeso</span> 
     </span>
    </p>
   </div>
   <div class='ocr_carea' id='block_1_7' title="bbox 134 2515 1479 2678">
    <p class='ocr_par' dir='ltr' id='par_1_9' title="bbox 134 2515 1478 2678">
     <span class='ocr_line' id='line_1_25' title="bbox 134 2515 1478 2598; baseline 0.001 -18"><span class='ocrx_word' id='word_1_239' title='bbox 134 2515 288 2581; x_wconf 79' lang='lat' dir='ltr'>consilium</span> <span class='ocrx_word' id='word_1_240' title='bbox 310 2515 491 2598; x_wconf 80' lang='lat' dir='ltr'>Hipparchi)</span> <span class='ocrx_word' id='word_1_241' title='bbox 508 2531 730 2591; x_wconf 81' lang='lat' dir='ltr'>nascerenturvs,</span> <span class='ocrx_word' id='word_1_242' title='bbox 752 2527 800 2580; x_wconf 88' lang='lat' dir='ltr'>sed</span> <span class='ocrx_word' id='word_1_243' title='bbox 814 2541 851 2579; x_wconf 92' lang='lat' dir='ltr'>an</span> <span class='ocrx_word' id='word_1_244' title='bbox 864 2523 972 2578; x_wconf 86' lang='lat' dir='ltr'>omnino</span> <span class='ocrx_word' id='word_1_245' title='bbox 987 2523 1081 2594; x_wconf 87' lang='lat' dir='ltr'>aliqua</span> <span class='ocrx_word' id='word_1_246' title='bbox 1094 2524 1246 2580; x_wconf 77' lang='lat' dir='ltr'>transirent</span> <span class='ocrx_word' id='word_1_247' title='bbox 1257 2532 1478 2583; x_wconf 83' lang='lat' dir='ltr'>morarenturve:</span> 
     </span>
     <span class='ocr_line' id='line_1_26' title="bbox 135 2598 1479 2678; baseline 0.001 -17"><span class='ocrx_word' id='word_1_248' title='bbox 135 2607 200 2662; x_wconf 87' lang='lat' dir='ltr'>item</span> <span class='ocrx_word' id='word_1_249' title='bbox 221 2598 258 2663; x_wconf 82' lang='lat' dir='ltr'>an</span> <span class='ocrx_word' id='word_1_250' title='bbox 278 2611 434 2662; x_wconf 83' lang='lat' dir='ltr'>crescerent</span> <span class='ocrx_word' id='word_1_251' title='bbox 457 2606 706 2676; x_wconf 88' lang='lat' dir='ltr'>minuerenturqne,</span> <span class='ocrx_word' id='word_1_252' title='bbox 729 2605 835 2660; x_wconf 87' lang='lat' dir='ltr'>coelo&#39;</span> <span class='ocrx_word' id='word_1_253' title='bbox 827 2622 856 2659; x_wconf 92' lang='grc' dir='ltr'>ιιι</span> <span class='ocrx_word' id='word_1_254' title='bbox 876 2603 1078 2660; x_wconf 84' lang='lat' dir='ltr'>haereditatem</span> <span class='ocrx_word' id='word_1_255' title='bbox 1099 2605 1204 2660; x_wconf 86' lang='lat' dir='ltr'>cunctis</span> <span class='ocrx_word' id='word_1_256' title='bbox 1228 2605 1341 2672; x_wconf 86' lang='lat' dir='ltr'>relicto,</span> <span class='ocrx_word' id='word_1_257' title='bbox 1362 2607 1387 2662; x_wconf 89' lang='lat' dir='ltr'>si</span> <span class='ocrx_word' id='word_1_258' title='bbox 1407 2607 1479 2678; x_wconf 85' lang='lat' dir='ltr'>qais·</span> 
     </span>
    </p>
   </div>
   <div class='ocr_carea' id='block_1_8' title="bbox 131 2686 1481 3481">
    <p class='ocr_par' dir='ltr' id='par_1_10' title="bbox 131 2686 1481 3481">
     <span class='ocr_line' id='line_1_27' title="bbox 136 2686 1479 2786; baseline -0.003 -34"><span class='ocrx_word' id='word_1_259' title='bbox 136 2714 226 2769; x_wconf 88' lang='lat' dir='ltr'>quam,</span> <span class='ocrx_word' id='word_1_260' title='bbox 248 2696 294 2768; x_wconf 90' lang='lat' dir='ltr'>qni</span> <span class='ocrx_word' id='word_1_261' title='bbox 314 2711 375 2750; x_wconf 88' lang='lat' dir='ltr'>eam</span> <span class='ocrx_word' id='word_1_262' title='bbox 394 2693 529 2750; x_wconf 89' lang='lat' dir='ltr'>rationem</span> <span class='ocrx_word' id='word_1_263' title='bbox 550 2701 671 2765; x_wconf 87' lang='lat' dir='ltr'>caperet,</span> <span class='ocrx_word' id='word_1_264' title='bbox 692 2695 820 2750; x_wconf 83' lang='lat' dir='ltr'>inventus</span> <span class='ocrx_word' id='word_1_265' title='bbox 842 2699 926 2750; x_wconf 88' lang='lat' dir='ltr'>esset.</span> <span class='ocrx_word' id='word_1_266' title='bbox 959 2687 1077 2786; x_wconf 81' lang='lat' dir='ltr'>(Plinips</span> <span class='ocrx_word' id='word_1_267' title='bbox 1097 2694 1147 2750; x_wconf 90' lang='lat' dir='ltr'>lib</span> <span class='ocrx_word' id='word_1_268' title='bbox 1164 2694 1190 2759; x_wconf 86' lang='lat'>2,</span> <span class='ocrx_word' id='word_1_269' title='bbox 1212 2711 1273 2764; x_wconf 88' lang='lat' dir='ltr'>cap.</span> <span class='ocrx_word' id='word_1_270' title='bbox 1289 2690 1354 2766; x_wconf 89' lang='grc'>26.)</span> <span class='ocrx_word' id='word_1_271' title='bbox 1400 2686 1479 2767; x_wconf 86' lang='lat' dir='ltr'>Hip·-</span> 
     </span>
     <span class='ocr_line' id='line_1_28' title="bbox 134 2763 1481 2878; baseline 0 -39"><span class='ocrx_word' id='word_1_272' title='bbox 134 2776 263 2857; x_wconf 85' lang='lat' dir='ltr'>parchus</span> <span class='ocrx_word' id='word_1_273' title='bbox 283 2773 668 2868; x_wconf 79' lang='lat' dir='ltr'>igitur,qu1hocconsilio</span> <span class='ocrx_word' id='word_1_274' title='bbox 686 2774 762 2836; x_wconf 81' lang='lat' dir='ltr'>lixas</span> <span class='ocrx_word' id='word_1_275' title='bbox 785 2773 955 2853; x_wconf 87' lang='lat' dir='ltr'>descripsit.</span> <span class='ocrx_word' id='word_1_276' title='bbox 978 2778 1013 2834; x_wconf 90' lang='lat' dir='ltr'>ut</span> <span class='ocrx_word' id='word_1_277' title='bbox 1031 2763 1160 2836; x_wconf 90' lang='lat' dir='ltr'>discerni</span> <span class='ocrx_word' id='word_1_278' title='bbox 1177 2782 1292 2878; x_wconf 87' lang='lat' dir='ltr'>posset,</span> <span class='ocrx_word' id='word_1_279' title='bbox 1307 2793 1346 2838; x_wconf 87' lang='lat' dir='ltr'>an</span> <span class='ocrx_word' id='word_1_280' title='bbox 1361 2775 1481 2856; x_wconf 86' lang='lat' dir='ltr'>aliquae</span> 
     </span>
     <span class='ocr_line' id='line_1_29' title="bbox 133 2859 1481 2945; baseline 0 -17"><span class='ocrx_word' id='word_1_281' title='bbox 133 2871 348 2939; x_wconf 89' lang='lat' dir='ltr'>nascerentur,</span> <span class='ocrx_word' id='word_1_282' title='bbox 379 2864 457 2925; x_wconf 90' lang='lat' dir='ltr'>hanc</span> <span class='ocrx_word' id='word_1_283' title='bbox 489 2881 560 2924; x_wconf 88' lang='lat' dir='ltr'>vero</span> <span class='ocrx_word' id='word_1_284' title='bbox 589 2860 679 2943; x_wconf 78' lang='lat' dir='ltr'>juxta</span> <span class='ocrx_word' id='word_1_285' title='bbox 709 2870 816 2944; x_wconf 89' lang='lat' dir='ltr'>pectus</span> <span class='ocrx_word' id='word_1_286' title='bbox 840 2861 938 2945; x_wconf 83' lang='lat' dir='ltr'>Cygni</span> <span class='ocrx_word' id='word_1_287' title='bbox 967 2859 1069 2924; x_wconf 89' lang='lat' dir='ltr'>omisit</span> <span class='ocrx_word' id='word_1_288' title='bbox 1095 2881 1162 2925; x_wconf 89' lang='lat' dir='ltr'>cnm</span> <span class='ocrx_word' id='word_1_289' title='bbox 1185 2863 1214 2924; x_wconf 93' lang='lat' dir='ltr'>in</span> <span class='ocrx_word' id='word_1_290' title='bbox 1244 2864 1385 2945; x_wconf 87' lang='lat' dir='ltr'>catalogo</span> <span class='ocrx_word' id='word_1_291' title='bbox 1416 2873 1481 2928; x_wconf 89' lang='grc' dir='ltr'><strong>ιιιιιι</strong></span> 
     </span>
     <span class='ocr_line' id='line_1_30' title="bbox 132 2951 1480 3039; baseline 0 -21"><span class='ocrx_word' id='word_1_292' title='bbox 132 2954 208 3018; x_wconf 91' lang='lat' dir='ltr'>libro</span> <span class='ocrx_word' id='word_1_293' title='bbox 227 2954 301 3016; x_wconf 81' lang='lat' dir='ltr'>II.&#39;</span> <span class='ocrx_word' id='word_1_294' title='bbox 292 2973 322 3016; x_wconf 89' lang='lat' dir='ltr'>m</span> <span class='ocrx_word' id='word_1_295' title='bbox 345 2952 516 3027; x_wconf 87' lang='lat' dir='ltr'>Aratum,</span> <span class='ocrx_word' id='word_1_296' title='bbox 507 2971 537 3014; x_wconf 93' lang='lat' dir='ltr'>m</span> <span class='ocrx_word' id='word_1_297' title='bbox 557 2955 768 3025; x_wconf 77' lang='grc' dir='ltr'><strong>συιαιιιολαις</strong></span> <span class='ocrx_word' id='word_1_298' title='bbox 782 2975 829 3016; x_wconf 79' lang='grc' dir='ltr'>ιιι</span> <span class='ocrx_word' id='word_1_299' title='bbox 843 2955 1092 3032; x_wconf 62' lang='lat' dir='ltr'>emanationem:</span> <span class='ocrx_word' id='word_1_300' title='bbox 1116 2951 1186 3033; x_wconf 90' lang='lat' dir='ltr'>qnid</span> <span class='ocrx_word' id='word_1_301' title='bbox 1200 2952 1281 3015; x_wconf 88' lang='lat' dir='ltr'>eliud</span> <span class='ocrx_word' id='word_1_302' title='bbox 1297 2953 1370 3034; x_wconf 89' lang='lat' dir='ltr'>agit,</span> <span class='ocrx_word' id='word_1_303' title='bbox 1391 2973 1480 3039; x_wconf 88' lang='lat' dir='ltr'>quam</span> 
     </span>
     <span class='ocr_line' id='line_1_31' title="bbox 132 3040 1477 3124; baseline -0.001 -17"><span class='ocrx_word' id='word_1_304' title='bbox 132 3052 167 3107; x_wconf 90' lang='lat' dir='ltr'>ut</span> <span class='ocrx_word' id='word_1_305' title='bbox 187 3043 259 3106; x_wconf 81' lang='lat' dir='ltr'>vira</span> <span class='ocrx_word' id='word_1_306' title='bbox 279 3061 353 3106; x_wconf 81' lang='lat' dir='ltr'>vnce</span> <span class='ocrx_word' id='word_1_307' title='bbox 377 3061 441 3115; x_wconf 88' lang='lat' dir='ltr'>nos,</span> <span class='ocrx_word' id='word_1_308' title='bbox 464 3040 569 3124; x_wconf 91' lang='lat' dir='ltr'>quibus</span> <span class='ocrx_word' id='word_1_309' title='bbox 594 3043 710 3105; x_wconf 85' lang='lat' dir='ltr'>coelam</span> <span class='ocrx_word' id='word_1_310' title='bbox 732 3043 762 3106; x_wconf 93' lang='lat' dir='ltr'>in</span> <span class='ocrx_word' id='word_1_311' title='bbox 785 3041 1004 3104; x_wconf 89' lang='lat' dir='ltr'>haereditatem</span> <span class='ocrx_word' id='word_1_312' title='bbox 1027 3041 1162 3122; x_wconf 90' lang='lat' dir='ltr'>reliquit,</span> <span class='ocrx_word' id='word_1_313' title='bbox 1187 3043 1347 3122; x_wconf 89' lang='lat' dir='ltr'>compellat</span> <span class='ocrx_word' id='word_1_314' title='bbox 1370 3045 1477 3106; x_wconf 89' lang='lat' dir='ltr'>admo·</span> 
     </span>
     <span class='ocr_line' id='line_1_32' title="bbox 131 3130 1479 3216; baseline -0.001 -19"><span class='ocrx_word' id='word_1_315' title='bbox 131 3152 227 3197; x_wconf 91' lang='lat' dir='ltr'>nens:</span> <span class='ocrx_word' id='word_1_316' title='bbox 247 3133 312 3216; x_wconf 89' lang='lat' dir='ltr'>jam</span> <span class='ocrx_word' id='word_1_317' title='bbox 335 3133 458 3196; x_wconf 87' lang='lat' dir='ltr'>tandem</span> <span class='ocrx_word' id='word_1_318' title='bbox 479 3139 550 3212; x_wconf 88' lang='lat' dir='ltr'>pest</span> <span class='ocrx_word' id='word_1_319' title='bbox 572 3138 620 3194; x_wconf 90' lang='lat' dir='ltr'>tot</span> <span class='ocrx_word' id='word_1_320' title='bbox 642 3133 745 3196; x_wconf 84' lang='lat' dir='ltr'>secula</span> <span class='ocrx_word' id='word_1_321' title='bbox 767 3149 922 3213; x_wconf 90' lang='lat' dir='ltr'>apparere,</span> <span class='ocrx_word' id='word_1_322' title='bbox 947 3130 1025 3211; x_wconf 89' lang='lat' dir='ltr'>qno&#39;d</span> <span class='ocrx_word' id='word_1_323' title='bbox 1047 3130 1112 3210; x_wconf 87' lang='lat' dir='ltr'>ipse</span> <span class='ocrx_word' id='word_1_324' title='bbox 1136 3149 1193 3192; x_wconf 88' lang='lat' dir='ltr'>sna</span> <span class='ocrx_word' id='word_1_325' title='bbox 1215 3139 1317 3194; x_wconf 86' lang='lat' dir='ltr'>aetate</span> <span class='ocrx_word' id='word_1_326' title='bbox 1341 3133 1479 3197; x_wconf 85' lang='lat' dir='ltr'>dubitare</span> 
     </span>
     <span class='ocr_line' id='line_1_33' title="bbox 132 3219 1479 3307; baseline -0.003 -19"><span class='ocrx_word' id='word_1_327' title='bbox 132 3231 289 3307; x_wconf 89' lang='lat' dir='ltr'>coeperat,</span> <span class='ocrx_word' id='word_1_328' title='bbox 313 3220 430 3286; x_wconf 88' lang='lat' dir='ltr'>scilicet</span> <span class='ocrx_word' id='word_1_329' title='bbox 453 3220 531 3304; x_wconf 94' lang='lat' dir='ltr'>qnod</span> <span class='ocrx_word' id='word_1_330' title='bbox 554 3220 646 3284; x_wconf 87' lang='lat' dir='ltr'>etiam</span> <span class='ocrx_word' id='word_1_331' title='bbox 669 3221 699 3284; x_wconf 94' lang='lat' dir='ltr'>in</span> <span class='ocrx_word' id='word_1_332' title='bbox 723 3239 838 3284; x_wconf 90' lang='lat' dir='ltr'>summo</span> <span class='ocrx_word' id='word_1_333' title='bbox 867 3219 989 3284; x_wconf 87' lang='lat' dir='ltr'>aethere</span> <span class='ocrx_word' id='word_1_334' title='bbox 1011 3237 1108 3282; x_wconf 89' lang='lat' dir='ltr'>novae</span> <span class='ocrx_word' id='word_1_335' title='bbox 1131 3227 1163 3282; x_wconf 89' lang='grc' dir='ltr'>ιι</span> <span class='ocrx_word' id='word_1_336' title='bbox 1185 3220 1351 3287; x_wconf 87' lang='lat' dir='ltr'>diuturnae</span> <span class='ocrx_word' id='word_1_337' title='bbox 1370 3222 1479 3286; x_wconf 83' lang='lat' dir='ltr'>stellae</span> 
     </span>
     <span class='ocr_line' id='line_1_34' title="bbox 132 3307 1480 3394; baseline -0.001 -18"><span class='ocrx_word' id='word_1_338' title='bbox 132 3314 216 3376; x_wconf 90' lang='lat' dir='ltr'>nasci</span> <span class='ocrx_word' id='word_1_339' title='bbox 237 3313 366 3394; x_wconf 82' lang='lat' dir='ltr'>possint.</span> <span class='ocrx_word' id='word_1_340' title='bbox 411 3311 459 3375; x_wconf 92' lang='lat' dir='ltr'>Ne</span> <span class='ocrx_word' id='word_1_341' title='bbox 481 3329 553 3373; x_wconf 86' lang='lat' dir='ltr'>vero</span> <span class='ocrx_word' id='word_1_342' title='bbox 581 3309 750 3386; x_wconf 86' lang='lat' dir='ltr'>existimes,</span> <span class='ocrx_word' id='word_1_343' title='bbox 776 3309 917 3372; x_wconf 88' lang='lat' dir='ltr'>Gallinas</span> <span class='ocrx_word' id='word_1_344' title='bbox 945 3309 1029 3372; x_wconf 90' lang='lat' dir='ltr'>sidus</span> <span class='ocrx_word' id='word_1_345' title='bbox 1052 3307 1091 3370; x_wconf 90' lang='lat' dir='ltr'>ab</span> <span class='ocrx_word' id='word_1_346' title='bbox 1114 3308 1286 3390; x_wconf 90' lang='lat' dir='ltr'>Hipparcho</span> <span class='ocrx_word' id='word_1_347' title='bbox 1309 3311 1480 3382; x_wconf 79' lang='lat' dir='ltr'>¹oscitanter</span> 
     </span>
     <span class='ocr_line' id='line_1_35' title="bbox 132 3397 1477 3481; baseline -0.002 -16"><span class='ocrx_word' id='word_1_348' title='bbox 132 3405 292 3466; x_wconf 89' lang='lat' dir='ltr'>lustratum</span> <span class='ocrx_word' id='word_1_349' title='bbox 325 3410 357 3465; x_wconf 88' lang='lat' dir='ltr'>et</span> <span class='ocrx_word' id='word_1_350' title='bbox 389 3399 589 3481; x_wconf 88' lang='lat' dir='ltr'>descriptum:</span> <span class='ocrx_word' id='word_1_351' title='bbox 622 3419 659 3462; x_wconf 88' lang='lat' dir='ltr'>en</span> <span class='ocrx_word' id='word_1_352' title='bbox 692 3400 748 3463; x_wconf 92' lang='lat' dir='ltr'>tibi</span> <span class='ocrx_word' id='word_1_353' title='bbox 778 3400 872 3462; x_wconf 86' lang='lat' dir='ltr'>verba</span> <span class='ocrx_word' id='word_1_354' title='bbox 899 3417 938 3461; x_wconf 85' lang='lat' dir='ltr'>ex</span> <span class='ocrx_word' id='word_1_355' title='bbox 968 3397 1045 3460; x_wconf 92' lang='lat' dir='ltr'>libro</span> <span class='ocrx_word' id='word_1_356' title='bbox 1067 3399 1092 3460; x_wconf 89' lang='lat' dir='ltr'>l.</span> <span class='ocrx_word' id='word_1_357' title='bbox 1117 3397 1148 3462; x_wconf 92' lang='lat' dir='ltr'>in</span> <span class='ocrx_word' id='word_1_358' title='bbox 1171 3399 1317 3462; x_wconf 85' lang='lat' dir='ltr'>Aratum:</span> <span class='ocrx_word' id='word_1_359' title='bbox 1351 3413 1477 3479; x_wconf 67' lang='lat' dir='ltr'>numm,</span> 
     </span>
    </p>
   </div>
   <div class='ocr_carea' id='block_1_9' title="bbox 132 3490 1351 3576">
    <p class='ocr_par' dir='ltr' id='par_1_11' title="bbox 132 3490 1351 3576">
     <span class='ocr_line' id='line_1_36' title="bbox 132 3490 1351 3576; baseline 0.002 -22"><span class='ocrx_word' id='word_1_360' title='bbox 132 3490 238 3574; x_wconf 85' lang='lat' dir='ltr'>inquit,</span> <span class='ocrx_word' id='word_1_361' title='bbox 259 3503 392 3559; x_wconf 83' lang='lat' dir='ltr'>Aratus</span> <span class='ocrx_word' id='word_1_362' title='bbox 383 3502 610 3574; x_wconf 77' lang='lat' dir='ltr'>insequentibus</span> <span class='ocrx_word' id='word_1_363' title='bbox 631 3499 807 3576; x_wconf 86' lang='lat' dir='ltr'>ignoratione</span> <span class='ocrx_word' id='word_1_364' title='bbox 828 3501 948 3564; x_wconf 85' lang='lat' dir='ltr'>laborat,</span> <span class='ocrx_word' id='word_1_365' title='bbox 969 3514 1029 3553; x_wconf 88' lang='grc' dir='ltr'><strong>ιιιιι</strong></span> <span class='ocrx_word' id='word_1_366' title='bbox 1049 3499 1083 3552; x_wconf 86' lang='lat' dir='ltr'>de</span> <span class='ocrx_word' id='word_1_367' title='bbox 1104 3499 1220 3554; x_wconf 80' lang='lat' dir='ltr'>Gallina</span> <span class='ocrx_word' id='word_1_368' title='bbox 1239 3499 1351 3556; x_wconf 85' lang='lat' dir='ltr'>scribit:</span> 
     </span>
    </p>
   </div>
   <div class='ocr_carea' id='block_1_10' title="bbox 220 3597 1480 3859">
    <p class='ocr_par' dir='ltr' id='par_1_12' title="bbox 220 3597 1478 3859">
     <span class='ocr_line' id='line_1_37' title="bbox 392 3597 1099 3690; baseline -0.004 -34"><span class='ocrx_word' id='word_1_369' title='bbox 392 3597 495 3656; x_wconf 62' lang='lat' dir='ltr'>{sttM</span> <span class='ocrx_word' id='word_1_370' title='bbox 480 3623 496 3656; x_wconf 91' lang='grc' dir='ltr'><strong>ο</strong></span> <span class='ocrx_word' id='word_1_371' title='bbox 514 3619 568 3676; x_wconf 81' lang='grc' dir='ltr'>μιν</span> <span class='ocrx_word' id='word_1_372' title='bbox 577 3599 714 3690; x_wconf 74' lang='grc' dir='ltr'><strong>ἠεροειςι</strong></span> <span class='ocrx_word' id='word_1_373' title='bbox 727 3619 761 3656; x_wconf 81' lang='grc' dir='ltr'>ιι</span> <span class='ocrx_word' id='word_1_374' title='bbox 779 3600 812 3655; x_wconf 84' lang='lat' dir='ltr'>ds</span> <span class='ocrx_word' id='word_1_375' title='bbox 830 3599 861 3654; x_wconf 79' lang='lat' dir='ltr'>ol</span> <span class='ocrx_word' id='word_1_376' title='bbox 876 3599 1099 3688; x_wconf 61' lang='grc' dir='ltr'><strong>ἔπιτετρηχυντιι</strong></span> 
     </span>
     <span class='ocr_line' id='line_1_38' title="bbox 326 3667 1214 3748; baseline -0.007 -18"><span class='ocrx_word' id='word_1_377' title='bbox 326 3683 342 3706; x_wconf 69' lang='grc'>’·</span> <span class='ocrx_word' id='word_1_378' title='bbox 392 3671 554 3748; x_wconf 55' lang='lat' dir='ltr'>{impactas</span> <span class='ocrx_word' id='word_1_379' title='bbox 568 3669 612 3731; x_wconf 71' lang='lat' dir='ltr'>rire</span> <span class='ocrx_word' id='word_1_380' title='bbox 630 3677 691 3742; x_wconf 75' lang='lat' dir='ltr'>tare</span> <span class='ocrx_word' id='word_1_381' title='bbox 708 3675 851 3748; x_wconf 67' lang='grc' dir='ltr'><strong>μεγαλοις,</strong></span> <span class='ocrx_word' id='word_1_382' title='bbox 870 3668 939 3744; x_wconf 57' lang='lat' dir='ltr'>&amp;ap</span> <span class='ocrx_word' id='word_1_383' title='bbox 957 3669 975 3728; x_wconf 75' lang='lat' dir='ltr'>ei</span> <span class='ocrx_word' id='word_1_384' title='bbox 992 3689 1047 3744; x_wconf 80' lang='grc' dir='ltr'>μιν</span> <span class='ocrx_word' id='word_1_385' title='bbox 1065 3667 1214 3743; x_wconf 80' lang='grc' dir='ltr'><strong>ἆφαυριις.</strong></span> 
     </span>
     <span class='ocr_line' id='line_1_39' title="bbox 220 3783 1480 3859; baseline -0.002 -16"><span class='ocrx_word' id='word_1_386' title='bbox 220 3789 317 3844; x_wconf 87' lang='lat' dir='ltr'>Habet</span> <span class='ocrx_word' id='word_1_387' title='bbox 336 3787 407 3844; x_wconf 86' lang='lat' dir='ltr'>enim</span> <span class='ocrx_word' id='word_1_388' title='bbox 420 3789 487 3844; x_wconf 79' lang='lat' dir='ltr'>Avis</span> <span class='ocrx_word' id='word_1_389' title='bbox 508 3791 607 3844; x_wconf 84' lang='lat' dir='ltr'>stellas</span> <span class='ocrx_word' id='word_1_390' title='bbox 627 3789 729 3844; x_wconf 86' lang='lat' dir='ltr'>multas</span> <span class='ocrx_word' id='word_1_391' title='bbox 744 3794 774 3842; x_wconf 86' lang='lat' dir='ltr'>et</span> <span class='ocrx_word' id='word_1_392' title='bbox 787 3787 960 3859; x_wconf 88' lang='lat' dir='ltr'>splendidas.</span> <span class='ocrx_word' id='word_1_393' title='bbox 981 3801 1044 3839; x_wconf 88' lang='lat' dir='ltr'>eam</span> <span class='ocrx_word' id='word_1_394' title='bbox 1064 3801 1130 3840; x_wconf 79' lang='lat' dir='ltr'>vero</span> <span class='ocrx_word' id='word_1_395' title='bbox 1151 3799 1222 3856; x_wconf 90' lang='lat' dir='ltr'>qnae</span> <span class='ocrx_word' id='word_1_396' title='bbox 1236 3783 1265 3839; x_wconf 91' lang='lat' dir='ltr'>in</span> <span class='ocrx_word' id='word_1_397' title='bbox 1278 3787 1375 3852; x_wconf 86' lang='lat' dir='ltr'>nanda,</span> <span class='ocrx_word' id='word_1_398' title='bbox 1396 3787 1480 3840; x_wconf 82' lang='lat' dir='ltr'>valde</span> 
     </span>
    </p>
   </div>
   <div class='ocr_carea' id='block_1_11' title="bbox 134 3858 1480 4038">
    <p class='ocr_par' dir='ltr' id='par_1_13' title="bbox 134 3858 1480 4038">
     <span class='ocr_line' id='line_1_40' title="bbox 134 3858 1480 3951; baseline -0.004 -18"><span class='ocrx_word' id='word_1_399' title='bbox 134 3877 219 3934; x_wconf 84' lang='lat' dir='ltr'>etiam</span> <span class='ocrx_word' id='word_1_400' title='bbox 239 3877 421 3950; x_wconf 85' lang='lat' dir='ltr'>splendidam,</span> <span class='ocrx_word' id='word_1_401' title='bbox 443 3880 588 3951; x_wconf 84' lang='lat' dir='ltr'>aequalem</span> <span class='ocrx_word' id='word_1_402' title='bbox 607 3879 733 3951; x_wconf 86' lang='lat' dir='ltr'>proxime</span> <span class='ocrx_word' id='word_1_403' title='bbox 759 3875 947 3948; x_wconf 85' lang='lat' dir='ltr'>splendidae&#39;</span> <span class='ocrx_word' id='word_1_404' title='bbox 939 3893 967 3929; x_wconf 92' lang='lat' dir='ltr'>m</span> <span class='ocrx_word' id='word_1_405' title='bbox 986 3875 1071 3946; x_wconf 78' lang='lat' dir='ltr'>Lyra.</span> <span class='ocrx_word' id='word_1_406' title='bbox 1120 3864 1205 3926; x_wconf 82' lang='lat' dir='ltr'>Haec</span> <span class='ocrx_word' id='word_1_407' title='bbox 1235 3863 1287 3926; x_wconf 85' lang='lat' dir='ltr'>ibi</span> <span class='ocrx_word' id='word_1_408' title='bbox 1303 3858 1347 3940; x_wconf 66' lang='grc' dir='ltr'>ι’)</span> <span class='ocrx_word' id='word_1_409' title='bbox 1403 3863 1480 3928; x_wconf 80' lang='lat' dir='ltr'>Cum</span> 
     </span>
     <span class='ocr_line' id='line_1_41' title="bbox 135 3953 1479 4038; baseline 0.001 -22"><span class='ocrx_word' id='word_1_410' title='bbox 135 3977 205 4020; x_wconf 86' lang='lat' dir='ltr'>vero</span> <span class='ocrx_word' id='word_1_411' title='bbox 229 3957 459 4038; x_wconf 88' lang='lat' dir='ltr'>descriptionem</span> <span class='ocrx_word' id='word_1_412' title='bbox 490 3957 728 4021; x_wconf 85' lang='lat' dir='ltr'>constellationis</span> <span class='ocrx_word' id='word_1_413' title='bbox 760 3957 876 4019; x_wconf 87' lang='lat' dir='ltr'>orditas</span> <span class='ocrx_word' id='word_1_414' title='bbox 904 3955 942 4016; x_wconf 92' lang='lat' dir='ltr'>ab</span> <span class='ocrx_word' id='word_1_415' title='bbox 971 3973 1008 4014; x_wconf 90' lang='lat' dir='ltr'>ea</span> <span class='ocrx_word' id='word_1_416' title='bbox 1034 3953 1129 4028; x_wconf 86' lang='lat' dir='ltr'>linea,</span> <span class='ocrx_word' id='word_1_417' title='bbox 1163 3971 1237 4035; x_wconf 88' lang='lat' dir='ltr'>qnae</span> <span class='ocrx_word' id='word_1_418' title='bbox 1261 3974 1280 4015; x_wconf 90' lang='lat' dir='ltr'>a</span> <span class='ocrx_word' id='word_1_419' title='bbox 1304 3961 1401 4017; x_wconf 90' lang='lat' dir='ltr'>rostro</span> <span class='ocrx_word' id='word_1_420' title='bbox 1423 3973 1479 4035; x_wconf 90' lang='lat' dir='ltr'>per</span> 
     </span>
    </p>
   </div>
   <div class='ocr_carea' id='block_1_12' title="bbox 9 4041 1479 4128">
    <p class='ocr_par' dir='ltr' id='par_1_14' title="bbox 9 4041 1479 4128">
     <span class='ocr_line' id='line_1_42' title="bbox 9 4041 1479 4128; baseline -0.003 -17"><span class='ocrx_word' id='word_1_421' title='bbox 9 4109 17 4128; x_wconf 73' lang='grc'><strong>,</strong></span> <span class='ocrx_word' id='word_1_422' title='bbox 133 4047 241 4111; x_wconf 90' lang='lat' dir='ltr'>collum</span> <span class='ocrx_word' id='word_1_423' title='bbox 270 4054 302 4110; x_wconf 93' lang='lat' dir='ltr'>et</span> <span class='ocrx_word' id='word_1_424' title='bbox 334 4065 440 4128; x_wconf 88' lang='lat' dir='ltr'>cerpus</span> <span class='ocrx_word' id='word_1_425' title='bbox 469 4046 570 4109; x_wconf 93' lang='lat' dir='ltr'>Oloris</span> <span class='ocrx_word' id='word_1_426' title='bbox 601 4045 795 4128; x_wconf 87' lang='lat' dir='ltr'>porrigitur&#39;</span> <span class='ocrx_word' id='word_1_427' title='bbox 786 4065 817 4107; x_wconf 93' lang='grc' dir='ltr'>ιιι</span> <span class='ocrx_word' id='word_1_428' title='bbox 845 4043 991 4118; x_wconf 89' lang='lat' dir='ltr'>caudam,</span> <span class='ocrx_word' id='word_1_429' title='bbox 1026 4051 1058 4105; x_wconf 91' lang='lat' dir='ltr'>et</span> <span class='ocrx_word' id='word_1_430' title='bbox 1089 4041 1261 4122; x_wconf 90' lang='lat' dir='ltr'>singulas</span> <span class='ocrx_word' id='word_1_431' title='bbox 1252 4063 1282 4104; x_wconf 88' lang='grc' dir='ltr'>ιι</span> <span class='ocrx_word' id='word_1_432' title='bbox 1311 4043 1369 4106; x_wconf 91' lang='lat' dir='ltr'>bac</span> <span class='ocrx_word' id='word_1_433' title='bbox 1401 4043 1479 4106; x_wconf 90' lang='lat' dir='ltr'>serie</span> 
     </span>
    </p>
   </div>
   <div class='ocr_carea' id='block_1_13' title="bbox 131 4131 1478 4933">
    <p class='ocr_par' dir='ltr' id='par_1_15' title="bbox 131 4131 1478 4576">
     <span class='ocr_line' id='line_1_43' title="bbox 132 4131 1478 4218; baseline -0.003 -18"><span class='ocrx_word' id='word_1_434' title='bbox 132 4143 271 4200; x_wconf 87' lang='lat' dir='ltr'>recenset</span> <span class='ocrx_word' id='word_1_435' title='bbox 303 4136 420 4208; x_wconf 90' lang='lat' dir='ltr'>ordine,</span> <span class='ocrx_word' id='word_1_436' title='bbox 450 4144 558 4218; x_wconf 88' lang='lat' dir='ltr'>postea</span> <span class='ocrx_word' id='word_1_437' title='bbox 582 4137 620 4198; x_wconf 91' lang='lat' dir='ltr'>ad</span> <span class='ocrx_word' id='word_1_438' title='bbox 644 4135 710 4197; x_wconf 88' lang='lat' dir='ltr'>alas</span> <span class='ocrx_word' id='word_1_439' title='bbox 733 4141 765 4196; x_wconf 88' lang='lat' dir='ltr'>et</span> <span class='ocrx_word' id='word_1_440' title='bbox 787 4133 914 4214; x_wconf 89' lang='lat' dir='ltr'>denique</span> <span class='ocrx_word' id='word_1_441' title='bbox 938 4133 976 4195; x_wconf 92' lang='lat' dir='ltr'>ad</span> <span class='ocrx_word' id='word_1_442' title='bbox 1004 4131 1097 4212; x_wconf 89' lang='lat' dir='ltr'>pedes</span> <span class='ocrx_word' id='word_1_443' title='bbox 1126 4149 1305 4204; x_wconf 88' lang='lat' dir='ltr'>conversus,</span> <span class='ocrx_word' id='word_1_444' title='bbox 1335 4141 1478 4215; x_wconf 89' lang='lat' dir='ltr'>tanquam</span> 
     </span>
     <span class='ocr_line' id='line_1_44' title="bbox 134 4221 1477 4307; baseline -0.005 -16"><span class='ocrx_word' id='word_1_445' title='bbox 134 4227 172 4292; x_wconf 91' lang='lat' dir='ltr'>ab</span> <span class='ocrx_word' id='word_1_446' title='bbox 195 4225 283 4306; x_wconf 88' lang='lat' dir='ltr'>hujus</span> <span class='ocrx_word' id='word_1_447' title='bbox 306 4225 480 4307; x_wconf 87' lang='lat' dir='ltr'>principalis</span> <span class='ocrx_word' id='word_1_448' title='bbox 503 4225 601 4288; x_wconf 88' lang='lat' dir='ltr'>lineae</span> <span class='ocrx_word' id='word_1_449' title='bbox 626 4223 772 4287; x_wconf 87' lang='lat' dir='ltr'>lateribus</span> <span class='ocrx_word' id='word_1_450' title='bbox 795 4241 908 4284; x_wconf 80' lang='lat' dir='ltr'>nexos:</span> <span class='ocrx_word' id='word_1_451' title='bbox 933 4221 1078 4304; x_wconf 91' lang='lat' dir='ltr'>quomodo</span> <span class='ocrx_word' id='word_1_452' title='bbox 1097 4228 1232 4283; x_wconf 89' lang='lat' dir='ltr'>nostram</span> <span class='ocrx_word' id='word_1_453' title='bbox 1248 4222 1324 4284; x_wconf 77' lang='lat' dir='ltr'>lianc</span> <span class='ocrx_word' id='word_1_454' title='bbox 1347 4223 1477 4293; x_wconf 86' lang='lat' dir='ltr'>stellam,</span> 
     </span>
     <span class='ocr_line' id='line_1_45' title="bbox 131 4311 1478 4397; baseline -0.004 -17"><span class='ocrx_word' id='word_1_455' title='bbox 131 4317 162 4380; x_wconf 91' lang='lat' dir='ltr'>in</span> <span class='ocrx_word' id='word_1_456' title='bbox 186 4317 292 4380; x_wconf 88' lang='lat' dir='ltr'>eadem</span> <span class='ocrx_word' id='word_1_457' title='bbox 319 4316 381 4379; x_wconf 86' lang='lat' dir='ltr'>lere</span> <span class='ocrx_word' id='word_1_458' title='bbox 411 4315 490 4377; x_wconf 90' lang='lat' dir='ltr'>linea</span> <span class='ocrx_word' id='word_1_459' title='bbox 522 4315 684 4397; x_wconf 87' lang='lat' dir='ltr'>eodemque</span> <span class='ocrx_word' id='word_1_460' title='bbox 717 4319 816 4374; x_wconf 87' lang='lat' dir='ltr'>tractu</span> <span class='ocrx_word' id='word_1_461' title='bbox 849 4318 1069 4386; x_wconf 88' lang='lat' dir='ltr'>occurrentem,</span> <span class='ocrx_word' id='word_1_462' title='bbox 1101 4311 1272 4392; x_wconf 89' lang='lat' dir='ltr'>prinsquam</span> <span class='ocrx_word' id='word_1_463' title='bbox 1296 4332 1315 4373; x_wconf 88' lang='lat' dir='ltr'>a</span> <span class='ocrx_word' id='word_1_464' title='bbox 1338 4313 1414 4374; x_wconf 92' lang='lat' dir='ltr'>collo</span> <span class='ocrx_word' id='word_1_465' title='bbox 1438 4312 1478 4373; x_wconf 89' lang='lat' dir='ltr'>ad</span> 
     </span>
     <span class='ocr_line' id='line_1_46' title="bbox 132 4399 1477 4488; baseline -0.004 -18"><span class='ocrx_word' id='word_1_466' title='bbox 132 4413 238 4488; x_wconf 88' lang='lat' dir='ltr'>pectus</span> <span class='ocrx_word' id='word_1_467' title='bbox 261 4403 453 4486; x_wconf 88' lang='lat' dir='ltr'>pervenitur,</span> <span class='ocrx_word' id='word_1_468' title='bbox 477 4404 571 4479; x_wconf 88' lang='lat' dir='ltr'>hanc,</span> <span class='ocrx_word' id='word_1_469' title='bbox 595 4404 736 4484; x_wconf 89' lang='lat' dir='ltr'>inquam,</span> <span class='ocrx_word' id='word_1_470' title='bbox 766 4401 912 4484; x_wconf 90' lang='lat' dir='ltr'>quomodo</span> <span class='ocrx_word' id='word_1_471' title='bbox 934 4401 1098 4483; x_wconf 88' lang='lat' dir='ltr'>praeterire</span> <span class='ocrx_word' id='word_1_472' title='bbox 1126 4401 1240 4480; x_wconf 88' lang='lat' dir='ltr'>potnit,</span> <span class='ocrx_word' id='word_1_473' title='bbox 1265 4399 1291 4463; x_wconf 92' lang='lat' dir='ltr'>si</span> <span class='ocrx_word' id='word_1_474' title='bbox 1314 4421 1352 4464; x_wconf 88' lang='lat' dir='ltr'>ea</span> <span class='ocrx_word' id='word_1_475' title='bbox 1375 4408 1477 4465; x_wconf 89' lang='lat' dir='ltr'>aetate</span> 
     </span>
     <span class='ocr_line' id='line_1_47' title="bbox 133 4489 1245 4576; baseline -0.008 -16"><span class='ocrx_word' id='word_1_476' title='bbox 133 4495 212 4560; x_wconf 84' lang='lat' dir='ltr'>init?</span> <span class='ocrx_word' id='word_1_477' title='bbox 233 4495 317 4558; x_wconf 89' lang='lat' dir='ltr'>Nihil</span> <span class='ocrx_word' id='word_1_478' title='bbox 339 4494 430 4576; x_wconf 88' lang='lat' dir='ltr'>plane</span> <span class='ocrx_word' id='word_1_479' title='bbox 454 4501 511 4571; x_wconf 89' lang='lat' dir='ltr'>est,</span> <span class='ocrx_word' id='word_1_480' title='bbox 535 4493 614 4576; x_wconf 91' lang='lat' dir='ltr'>quod</span> <span class='ocrx_word' id='word_1_481' title='bbox 638 4493 747 4556; x_wconf 89' lang='lat' dir='ltr'>saltem</span> <span class='ocrx_word' id='word_1_482' title='bbox 769 4490 971 4554; x_wconf 88' lang='lat' dir='ltr'>verisimiliter</span> <span class='ocrx_word' id='word_1_483' title='bbox 994 4489 1116 4552; x_wconf 91' lang='lat' dir='ltr'>obtendi</span> <span class='ocrx_word' id='word_1_484' title='bbox 1138 4489 1245 4570; x_wconf 90' lang='lat' dir='ltr'>possit.</span> 
     </span>
    </p>

    <p class='ocr_par' dir='ltr' id='par_1_16' title="bbox 134 4578 1478 4933">
     <span class='ocr_line' id='line_1_48' title="bbox 221 4578 1478 4668; baseline -0.002 -20"><span class='ocrx_word' id='word_1_485' title='bbox 221 4584 365 4668; x_wconf 85' lang='lat' dir='ltr'>Sequitur</span> <span class='ocrx_word' id='word_1_486' title='bbox 387 4583 499 4646; x_wconf 87' lang='lat' dir='ltr'>abacus</span> <span class='ocrx_word' id='word_1_487' title='bbox 513 4582 688 4659; x_wconf 90' lang='lat' dir='ltr'>Ptolemaei,</span> <span class='ocrx_word' id='word_1_488' title='bbox 713 4600 799 4664; x_wconf 92' lang='lat' dir='ltr'>quem</span> <span class='ocrx_word' id='word_1_489' title='bbox 818 4581 856 4643; x_wconf 92' lang='lat' dir='ltr'>ab</span> <span class='ocrx_word' id='word_1_490' title='bbox 876 4579 1049 4662; x_wconf 88' lang='lat' dir='ltr'>Hipparcho</span> <span class='ocrx_word' id='word_1_491' title='bbox 1072 4585 1228 4660; x_wconf 85' lang='lat' dir='ltr'>acceptum</span> <span class='ocrx_word' id='word_1_492' title='bbox 1251 4578 1316 4660; x_wconf 91' lang='lat' dir='ltr'>ipse</span> <span class='ocrx_word' id='word_1_493' title='bbox 1335 4578 1478 4659; x_wconf 88' lang='lat' dir='ltr'>repetivit</span> 
     </span>
     <span class='ocr_line' id='line_1_49' title="bbox 134 4668 1477 4749; baseline -0.004 -12"><span class='ocrx_word' id='word_1_494' title='bbox 134 4681 166 4738; x_wconf 88' lang='lat' dir='ltr'>et</span> <span class='ocrx_word' id='word_1_495' title='bbox 187 4674 337 4738; x_wconf 89' lang='lat' dir='ltr'>nonnullis</span> <span class='ocrx_word' id='word_1_496' title='bbox 359 4672 389 4734; x_wconf 92' lang='lat' dir='ltr'>in</span> <span class='ocrx_word' id='word_1_497' title='bbox 411 4673 487 4737; x_wconf 91' lang='lat' dir='ltr'>locis</span> <span class='ocrx_word' id='word_1_498' title='bbox 509 4672 654 4743; x_wconf 88' lang='lat' dir='ltr'>correxit,</span> <span class='ocrx_word' id='word_1_499' title='bbox 686 4670 794 4736; x_wconf 90' lang='lat' dir='ltr'>stellas</span> <span class='ocrx_word' id='word_1_500' title='bbox 821 4668 1110 4733; x_wconf 88' lang='lat' dir='ltr'>convenientioribus</span> <span class='ocrx_word' id='word_1_501' title='bbox 1143 4668 1286 4732; x_wconf 90' lang='lat' dir='ltr'>membris</span> <span class='ocrx_word' id='word_1_502' title='bbox 1315 4668 1477 4749; x_wconf 86' lang='lat' dir='ltr'>imaginum</span> 
     </span>
     <span class='ocr_line' id='line_1_50' title="bbox 135 4757 1477 4842; baseline -0.003 -16"><span class='ocrx_word' id='word_1_503' title='bbox 135 4763 326 4827; x_wconf 87' lang='lat' dir='ltr'>eveteribns</span> <span class='ocrx_word' id='word_1_504' title='bbox 348 4762 534 4825; x_wconf 86' lang='lat' dir='ltr'>inventamm</span> <span class='ocrx_word' id='word_1_505' title='bbox 557 4781 714 4842; x_wconf 87' lang='lat' dir='ltr'>reponens.</span> <span class='ocrx_word' id='word_1_506' title='bbox 753 4757 868 4831; x_wconf 85' lang='lat' dir='ltr'>Quodsi</span> <span class='ocrx_word' id='word_1_507' title='bbox 883 4758 1073 4842; x_wconf 89' lang='lat' dir='ltr'>Hipparchus</span> <span class='ocrx_word' id='word_1_508' title='bbox 1095 4758 1231 4820; x_wconf 86' lang='lat' dir='ltr'>oscitans</span> <span class='ocrx_word' id='word_1_509' title='bbox 1253 4757 1283 4820; x_wconf 92' lang='lat' dir='ltr'>in</span> <span class='ocrx_word' id='word_1_510' title='bbox 1307 4757 1364 4820; x_wconf 89' lang='lat' dir='ltr'>hac</span> <span class='ocrx_word' id='word_1_511' title='bbox 1386 4759 1477 4822; x_wconf 90' lang='lat' dir='ltr'>stella</span> 
     </span>
     <span class='ocr_line' id='line_1_51' title="bbox 135 4847 1476 4933; baseline -0.003 -17"><span class='ocrx_word' id='word_1_512' title='bbox 135 4851 198 4933; x_wconf 86' lang='lat' dir='ltr'>luit,</span> <span class='ocrx_word' id='word_1_513' title='bbox 223 4871 275 4916; x_wconf 89' lang='lat' dir='ltr'>our</span> <span class='ocrx_word' id='word_1_514' title='bbox 298 4871 364 4915; x_wconf 84' lang='lat' dir='ltr'>enm</span> <span class='ocrx_word' id='word_1_515' title='bbox 388 4851 580 4916; x_wconf 86' lang='lat' dir='ltr'>Ptolemaeus</span> <span class='ocrx_word' id='word_1_516' title='bbox 602 4849 711 4930; x_wconf 90' lang='lat' dir='ltr'>omisit,</span> <span class='ocrx_word' id='word_1_517' title='bbox 735 4869 789 4913; x_wconf 89' lang='lat' dir='ltr'>our</span> <span class='ocrx_word' id='word_1_518' title='bbox 810 4849 922 4912; x_wconf 91' lang='lat' dir='ltr'>nnllam</span> <span class='ocrx_word' id='word_1_519' title='bbox 941 4850 1004 4931; x_wconf 89' lang='lat' dir='ltr'>ejas</span> <span class='ocrx_word' id='word_1_520' title='bbox 1018 4848 1199 4912; x_wconf 89' lang='lat' dir='ltr'>mentionem</span> <span class='ocrx_word' id='word_1_521' title='bbox 1222 4865 1277 4912; x_wconf 88' lang='lat' dir='ltr'>nec</span> <span class='ocrx_word' id='word_1_522' title='bbox 1296 4847 1360 4930; x_wconf 89' lang='lat' dir='ltr'>ipsa</span> <span class='ocrx_word' id='word_1_523' title='bbox 1383 4848 1476 4912; x_wconf 83' lang='lat' dir='ltr'>lacit?</span> 
     </span>
    </p>
   </div>
   <div class='ocr_carea' id='block_1_14' title="bbox 0 0 1742 5532">
    <p class='ocr_par' dir='ltr' id='par_1_17' title="bbox 0 0 1742 5532">
     <span class='ocr_line' id='line_1_52' title="bbox 0 0 1742 5532; baseline 0 0"><span class='ocrx_word' id='word_1_524' title='bbox 0 0 1742 5532; x_wconf 95' lang='lat' dir='ltr'> </span> 
     </span>
    </p>
   </div>
  </div>
 </body>
</html>
