3566 5536
303 289 369 358 688
782 295 823 346 De
841 295 921 346 Stella
937 293 1012 347 Nova
1029 295 1179 362 serpentarii

303 471 331 534 si
355 479 478 554 propter
501 473 602 534 circuli
626 472 848 534 convexitatem
864 473 957 536 steila
978 473 1125 536 descensu
1148 484 1271 554 peracto
1285 473 1385 553 coepit
1406 491 1525 536 mrsnm
1549 489 1668 532 ucen-

304 562 384 637 dere,
411 571 549 624 maneute
574 562 679 622 eodem
703 563 805 624 circuti
834 572 934 624 motu:
969 582 1039 640 ergo
1063 581 1128 624 cum
1152 571 1235 625 esset
1261 563 1440 636 humillima,
1473 561 1582 622 debuit
1607 559 1669 620 sub

303 651 369 714 fixis
402 650 559 712 transferri
589 651 625 710 de
656 651 722 712 loco
746 652 774 711 in
801 652 915 724 locum,
948 652 1032 712 verbi
1065 652 1163 730 gratia
1187 673 1205 712 a
1228 653 1341 715 dextris
1371 651 1474 713 circuli
1507 650 1665 729 partibus,

303 739 408 819 quibus
433 739 658 813 demittebatur,
684 740 723 800 ad
748 739 902 814 sinistras,
930 740 1035 821 quibus
1058 761 1173 802 rursum
1197 741 1379 802 elevabatur.
1413 745 1459 818 (ln
1474 750 1621 803 schemate
1646 742 1665 790 ⁴

303 839 338 892 ab
360 839 400 892 IX
421 841 455 893 ad
479 838 538 901 QP,
561 845 591 891 eo
612 840 648 892 ab
668 839 694 892 Y
714 840 774 893 loco
796 840 944 910 apparenti
969 842 1020 893 sub
1041 840 1103 895 fixis
1126 844 1160 896 ad
1181 838 1229 906 K)
1274 831 1396 892 Dictum
1420 847 1492 889 vero
1516 837 1576 900 est,
1603 836 1667 884 nnn

302 916 359 976 duo
383 915 517 987 minuta,
551 919 627 995 quod
652 918 803 978 minimum
835 919 946 999 aliquid
972 927 1036 992 est,
1070 919 1164 980 fuisse
1188 921 1253 982 loco
1276 928 1408 990 motam;
1439 935 1496 978 nec
1522 914 1667 996 potuisse

300 1004 397 1064 visum
422 1006 531 1066 testari
555 1006 592 1064 de
617 1006 721 1066 minori
746 1007 845 1086 aliquo
870 1006 1010 1086 spatiolo.
1060 1006 1122 1070 Sed
1145 1008 1239 1088 ajunt,
1262 1009 1402 1069 circutum
1425 1006 1520 1078 illurn,
1545 1004 1576 1065 in
1603 1019 1668 1080 quo

304 1093 495 1154 descenderit
518 1095 625 1168 stella,
660 1095 735 1156 adeo
760 1095 896 1160 fuissem
919 1095 1006 1158 uobis
1029 1105 1190 1170 remotum,
1223 1105 1255 1158 ut
1278 1097 1344 1175 ejus
1367 1097 1515 1156 diameter
1546 1092 1667 1154 nullam

303 1181 430 1243 haberet
463 1183 685 1262 proportionem
710 1185 748 1243 ad
771 1184 855 1245 visus
879 1185 1034 1247 humanos.
1082 1184 1195 1247 Orem
1224 1187 1364 1259 stultam,
1396 1185 1490 1245 stella
1512 1183 1584 1262 ipsa
1608 1199 1670 1240 sua

301 1269 449 1333 diametro
474 1272 634 1351 occupavit
668 1273 783 1352 aliquot
813 1273 944 1346 minuta,
979 1273 1070 1352 igitur
1097 1275 1243 1350 circulus,
1278 1293 1335 1353 qno
1359 1273 1542 1334 vectabatur
1565 1269 1667 1340 sidus,

298 1359 393 1420 rniuor
417 1359 507 1422 fuerit
531 1360 596 1439 ipso
621 1361 739 1421 sidera:
765 1363 912 1442 quomodo
936 1362 1026 1440 igitur
1045 1363 1122 1424 hanc
1142 1363 1184 1424 illi
1209 1363 1416 1442 apparentiam
1440 1356 1664 1437 magnitudinis

298 1468 335 1508 ex
360 1448 626 1528 appropinquando
650 1458 807 1529 praestare
832 1450 952 1528 potuit?
976 1451 1064 1512 Adde
1089 1452 1165 1531 quod
1190 1471 1263 1526 non,
1288 1460 1321 1512 ut
1344 1450 1491 1530 paulatim
1515 1447 1585 1508 visa
1611 1453 1669 1506 est

304 1535 405 1611 minui,
431 1538 475 1598 sic
498 1538 643 1616 paulatim
668 1549 699 1600 et
722 1540 906 1600 incrementa
931 1541 1049 1612 sumsit,
1073 1540 1125 1600 sed
1149 1541 1249 1602 subito
1273 1540 1384 1601 effulsit
1407 1538 1551 1600 maxima.

386 1627 518 1688 Fuerunt
542 1626 657 1705 itaque,
692 1628 739 1706 qui
774 1636 845 1688 ante
868 1627 923 1688 hos
947 1627 1073 1707 triginta
1096 1647 1189 1690 anuos
1223 1629 1282 1690 ista
1314 1629 1412 1689 sobrie
1437 1627 1536 1705 magis
1562 1640 1666 1702 expo-

297 1721 420 1776 nerent:
451 1715 571 1776 steliam
595 1717 664 1776 anui
692 1715 775 1778 1572
806 1715 835 1776 in
867 1722 952 1776 recta
974 1737 993 1776 a
1016 1725 1118 1778 centro
1148 1737 1261 1778 sursum
1285 1717 1314 1779 in
1339 1717 1495 1778 aetherem
1519 1719 1670 1794 porrecta

297 1811 410 1864 motum
434 1822 519 1864 suum
543 1805 710 1884 peregisse.
758 1805 781 1865 li
806 1823 877 1865 vero
901 1813 933 1866 et
956 1823 1078 1867 causam
1102 1805 1219 1880 dicant,
1253 1826 1305 1866 cur
1328 1806 1429 1868 subito
1453 1823 1509 1884 per
1531 1802 1669 1863 immane

301 1892 373 1952 illud
397 1892 527 1971 spatium
552 1894 683 1953 demissa
707 1893 791 1972 (quia
814 1893 913 1954 subito
937 1893 1079 1969 effulsit),
1111 1893 1180 1955 inde
1213 1913 1269 1956 non
1303 1894 1404 1958 subito
1434 1893 1489 1954 sed
1514 1889 1670 1970 paulatim

298 1981 490 2055 revolaverit,
515 1990 645 2062 atquae
670 2001 762 2043 causa
786 1980 922 2044 conversi
947 1981 1074 2043 cursus?
1119 1981 1308 2046 Naturalium
1341 1985 1419 2044 enim
1452 1999 1554 2042 rerum
1588 1979 1670 2039 haec

296 2068 466 2150 proprietas
490 2088 548 2130 non
573 2079 629 2131 est.
676 2069 709 2131 Si
733 2089 806 2132 vero
830 2071 1088 2152 supernaturalem
1112 2070 1214 2131 dicunt
1236 2090 1357 2134 causam
1382 2071 1493 2144 fnisse,
1529 2087 1569 2129 au
1609 2086 1671 2128 non

298 2176 393 2236 aeque
420 2159 508 2219 facile
533 2176 589 2237 ego
613 2157 764 2220 affirmare
786 2177 919 2238 possum,
945 2159 1042 2221 aDeo
1066 2167 1199 2220 creatam
1223 2179 1260 2220 ex
1284 2159 1386 2234 nihilo,
1412 2179 1450 2220 ac
1470 2157 1529 2238 ipsi
1550 2156 1670 2226 dicunt,

300 2247 338 2306 ab
363 2247 467 2307 eodem
492 2247 654 2308 demissam
679 2266 717 2307 ex
743 2247 822 2322 alto,
856 2267 923 2310 cum
953 2259 1108 2326 utrumqne
1131 2248 1264 2326 ejusdem
1297 2248 1456 2327 potentiae
1490 2245 1533 2308 sit
1568 2243 1671 2323 opus?

296 2335 410 2394 Verum
434 2342 466 2394 et
489 2335 566 2396 alias
591 2354 681 2416 saepe
707 2343 739 2398 ct
762 2355 839 2399 nuuc
870 2336 976 2398 itemrn
1005 2338 1149 2414 abrumpo
1181 2336 1434 2416 disputationem,
1469 2333 1594 2413 quoties
1629 2332 1670 2392 ad

298 2421 467 2484 absolutam
491 2424 548 2485 Dei
573 2423 738 2504 potentiam
762 2433 937 2504 provocant.
984 2423 1106 2486 Certum
1131 2423 1218 2498 eninr,
1243 2426 1314 2486 nihil
1339 2443 1394 2484 nos
1420 2423 1461 2484 ad
1480 2441 1547 2484 rem
1563 2422 1671 2483 dicere

298 2531 400 2592 posse,
426 2513 503 2591 qnod
528 2513 685 2592 quicquam
709 2514 739 2574 in
764 2514 854 2574 ullam
878 2523 994 2592 partem
1019 2514 1130 2574 habeat
1152 2514 1304 2586 momenti,
1327 2513 1352 2574 si
1373 2521 1504 2573 naturae
1520 2511 1673 2572 terminos

299 2600 527 2662 excesserimus.
573 2601 639 2662 Hoc
663 2602 764 2681 potius
788 2602 849 2663 illis
873 2601 1024 2676 dicamus,
1048 2603 1101 2663 iila
1123 2601 1245 2664 fixarum
1269 2603 1420 2664 infinitate
1445 2620 1479 2662 se
1504 2601 1592 2682 ipsos
1617 2619 1675 2660 ceu

298 2687 479 2771 labyrinthis
502 2690 762 2770 inexplicabilibus
781 2690 912 2751 iuduere.

388 2778 535 2858 Adeoque
559 2779 720 2858 eripiamus
744 2779 820 2852 iliis,
846 2780 872 2839 si
895 2785 998 2856 potest
1022 2777 1092 2850 freni,
1114 2778 1191 2838 hanc
1214 2777 1468 2840 immensitatem:
1494 2784 1571 2838 tuuc
1591 2777 1674 2838 enim

298 2885 444 2928 ascensus
468 2867 517 2928 ille
542 2886 595 2946 per
618 2887 651 2927 se
675 2868 774 2928 cadet.
821 2865 987 2928 Reducitur
1019 2865 1072 2926 illa
1101 2885 1138 2926 ex
1171 2865 1301 2945 antiquis
1334 2866 1498 2947 gentilium
1529 2865 1675 2945 pbiloso-

296 2955 424 3033 phorum
452 2955 565 3016 scholis
590 2957 645 3016 hoc
669 2957 829 3034 praecipue
854 2961 1038 3032 argumento,
1062 2955 1139 3033 quod
1160 2955 1346 3016 Aristoteles
1371 2975 1410 3016 ex
1440 2963 1528 3016 motu
1554 2955 1675 3024 finitum

296 3043 437 3104 mnndum
462 3044 731 3115 demonstraverit,
765 3041 949 3120 Cupernicus
983 3060 1052 3102 vero
1084 3043 1208 3104 fixarum
1235 3043 1397 3121 sphaeram
1432 3044 1562 3104 ademto
1587 3051 1674 3104 motu

295 3131 443 3192 inlinitum
469 3151 536 3192 esse
560 3134 704 3214 patiatur.
751 3133 857 3210 Itaque
883 3130 1018 3192 defendit
1041 3131 1122 3191 illam
1146 3131 1251 3192 infelix
1275 3131 1325 3193 ilie
1349 3131 1509 3193 Jordanus
1531 3131 1675 3194 Brunus:

295 3237 350 3279 nec
374 3219 502 3280 obscure
526 3221 656 3281 asseruit
681 3221 780 3298 specie
801 3218 966 3280 dubitantis
986 3217 1212 3306 ethuilielmus
1227 3218 1385 3280 Giibertus
1411 3220 1491 3282 libro
1518 3221 1557 3280 de
1579 3220 1675 3296 Mag-

295 3315 381 3380 nete,
417 3314 519 3367 cetera
553 3307 810 3386 praeclarissimo,
848 3307 1020 3386 religiosum
1052 3314 1152 3368 tamen
1186 3308 1326 3369 affectum
1358 3326 1401 3374 eo¹
1430 3307 1675 3380 demonstravit,

295 3395 373 3474 quod
406 3393 612 3470 existimaret,
646 3415 704 3456 uon
739 3396 799 3456 alia
831 3415 863 3456 re
897 3389 1008 3456 rectius
1041 3395 1168 3473 intelligi
1204 3395 1351 3458 infinitam
1385 3395 1446 3458 Dei
1485 3397 1676 3475 potentiam,

295 3501 384 3564 qnam
408 3483 433 3542 si
457 3482 602 3544 infinitum
627 3485 704 3544 nrole
728 3484 871 3545 conderet
893 3485 1045 3545 mnndum.
1091 3482 1153 3545 Sed
1177 3483 1295 3545 Bruuns
1328 3484 1374 3545 ita
1404 3483 1563 3546 infinitum
1599 3485 1679 3546 facit

294 3572 445 3646 mundum,
474 3579 509 3632 ut
531 3579 604 3651 qnot
626 3580 697 3632 sunt
720 3573 827 3632 stellae
851 3573 938 3645 fixae,
964 3580 1010 3632 tot
1031 3571 1167 3645 mundos,
1192 3581 1224 3632 et
1245 3571 1323 3633 hauc
1347 3581 1493 3636 nostram
1515 3573 1678 3652 regionem

293 3659 446 3722 mobilium
470 3677 559 3721 unum
583 3677 620 3720 ex
643 3659 909 3722 innumerabilibus
933 3661 1050 3722 mundis
1073 3659 1182 3733 faciat,
1213 3660 1294 3721 nulla
1318 3661 1383 3722 fere
1408 3669 1489 3724 nota
1513 3682 1533 3724 a
1558 3663 1677 3726 ceteris
1779 3665 1780 3724 ι

293 3747 515 3827 circumpositis
539 3747 729 3810 distinctam:
759 3748 892 3826 adeoque
922 3747 948 3809 si
972 3749 1037 3828 quis
1060 3747 1090 3808 iu
1114 3749 1206 3808 stella
1229 3746 1322 3810 Oanis
1346 3758 1437 3810 esset
1472 3749 1566 3829 (puto
1597 3769 1677 3811 unns

293 3855 330 3897 ex
355 3834 578 3917 Cynocepbaiis
600 3835 757 3911 Luciani),
790 3836 816 3896 ei
846 3835 952 3898 faciem
978 3836 1103 3898 eandem
1127 3836 1227 3898 muudi
1250 3837 1319 3898 iude
1344 3857 1416 3898 esse
1443 3839 1675 3918 apparituram,

292 3943 369 4004 quae
403 3925 489 3986 nobis
522 3925 590 3987 hinc
622 3931 752 4006 apparet
784 3942 822 3986 ex
853 3933 958 3987 nostro
992 3924 1100 3986 mundo
1131 3925 1206 3986 furas
1239 3926 1506 4005 suspectantibus.
1562 3927 1677 4006 Itaque

292 4012 456 4074 secuudum
481 4013 548 4074 illos
573 4013 629 4074 hoc
653 4031 763 4074 novum
785 4012 869 4074 sidus
893 4032 988 4076 novus
1019 4011 1127 4094 aliquis
1159 4013 1286 4075 mundus
1319 4014 1426 4075 fuerit.
1477 4013 1572 4086 Quae
1606 4017 1679 4077 sola
1778 4051 1779 4061 .

294 4099 441 4178 cogitatio
465 4101 567 4161 nescio
591 4101 661 4179 quid
685 4101 817 4162 horroris
840 4101 950 4162 occulti
978 4120 1050 4180 prae
1083 4121 1115 4161 se
1140 4101 1212 4174 fert;
1246 4101 1315 4164 dum
1348 4120 1457 4165 errare
1492 4122 1566 4166 sese
1603 4104 1675 4184 quis

291 4187 490 4266 deprehendit
513 4188 541 4248 in
566 4188 622 4249 hoc
645 4189 805 4261 immenso,
830 4189 914 4268 cujus
938 4187 1071 4259 termini,
1102 4189 1187 4268 cujus
1209 4189 1339 4252 modium
1363 4189 1499 4273 ideoque
1525 4199 1559 4254 et
1584 4201 1675 4254 certa

292 4276 360 4336 loca
374 4283 532 4352 negantur.
578 4276 621 4336 Et
639 4276 827 4355 praestiterit
841 4277 983 4350 fortasse,
1008 4277 1104 4336 Mosis
1119 4277 1331 4339 auctoritatem
1352 4279 1541 4355 obtendere,
1567 4281 1677 4343 finitas

291 4362 377 4422 nobis
403 4381 497 4441 aquas
522 4363 693 4424 exhibentis
718 4365 811 4443 iisque
831 4371 1042 4443 supervectum
1056 4363 1203 4443 Spiritum
1216 4363 1353 4428 Domini:
1378 4375 1448 4430 tum
1464 4369 1517 4430 die
1533 4370 1677 4431 secundo

293 4449 457 4510 distinctas
481 4469 576 4529 aquas
601 4450 638 4511 ab
663 4452 757 4530 aquis.
805 4451 866 4512 Sed
890 4449 960 4531 quia
983 4462 1069 4513 secta
1091 4453 1166 4514 haec
1186 4453 1319 4514 abutitur
1334 4456 1531 4519 auctoritate
1549 4456 1677 4536 Ceper-

291 4535 418 4596 nicanae
443 4537 577 4616 adeoque
610 4538 768 4599 universae
801 4540 1018 4613 astronomiae,
1052 4543 1130 4620 quod
1155 4538 1337 4621 Coperuicus
1372 4543 1456 4606 fixas
1481 4545 1676 4620 immobiles,

291 4621 386 4681 omnis
410 4642 481 4684 vero
501 4625 687 4687 astronomia
709 4645 744 4686 ac
764 4626 922 4706 praecipue
938 4623 1145 4705 Copernicana
1164 4628 1379 4691 incredibiliter
1402 4631 1492 4694 altas
1507 4641 1676 4713 praestet:

293 4717 514 4803 agapetamns
547 4712 638 4773 etiam
670 4711 707 4774 ab
741 4714 809 4792 ipso
839 4713 1022 4774 astronomis
1052 4717 1231 4778 remedium:
1264 4727 1311 4791 ut,
1345 4719 1438 4798 cujus
1474 4721 1679 4802 indulgentia

292 4800 441 4864 pvontata
475 4796 593 4862 isthaec
620 4800 896 4880 philosophantium
925 4802 1052 4872 insania,
1077 4804 1173 4882 ruptis
1197 4803 1271 4866 locis
1294 4813 1325 4866 et
1350 4810 1519 4887 repagulis
1544 4829 1620 4872 sesa
1645 4812 1676 4873 iu
