3648 5530
325 255 392 324 ¹190
927 259 1076 314 Dissertatio

420 435 510 506 Quod
542 435 635 514 igitur
667 434 742 496 haec
775 435 973 514 perpendenti
1006 437 1178 510 incidebat,
1215 435 1360 498 curriculo
1393 437 1433 498 ad
1464 434 1680 500 Wackberium

327 524 430 600 detuli,
455 524 606 586 nimirum:
631 523 675 585 uti
694 523 789 584 Terra
804 543 879 586 nnus
898 545 936 586 ex
959 525 1090 605 planetis
1114 523 1311 605 (Ceperuico)
1327 527 1444 588 Lunam
1459 545 1543 588 suam
1566 523 1682 588 babeat

327 621 414 676 extra
437 613 570 674 ordinem
594 631 662 673 sese
687 612 1015 690 circumcursitautem,
1050 615 1093 675 sic
1125 615 1188 676 lieri
1211 634 1284 676 seue
1312 633 1414 695 posse,
1439 621 1471 676 ut
1495 607 1681 677 Galilaeol

328 701 407 764 aliae
422 701 527 762 Lunae
550 700 769 762 minutissimae
785 703 1007 781 augustissimis
1030 703 1220 765 meatibus'
1196 723 1275 766 crrca
1290 701 1425 777 Saturni,
1448 703 1545 778 Jovis,
1569 699 1681 764 Martis

288 833 291 850 ,
326 790 500 852 etVeueris
524 790 702 883 corpuscula
725 790 916 853 circumvolvi
940 792 1118 854 videantur:
1142 791 1323 854 Mercurium
1341 811 1412 852 vero
1427 789 1682 854 circumsolarium

326 878 461 940 ultimum
486 886 547 939 tam
571 897 639 939 esse
663 879 836 941 immersum
858 878 887 940 in
913 879 994 942 Solis
1013 881 1132 955 radios,
1166 890 1200 942 nt
1223 881 1253 942 in
1286 899 1321 941 eo
1355 880 1429 943 nihil
1461 880 1569 943 adbuc
1581 877 1680 940 simile

324 967 458 1046 potuerit
480 987 499 1026 a
523 965 664 1029 Galilaeo
688 967 881 1045 deprehendi.

416 1055 598 1121 Wackherio
622 1063 728 1118 contra
751 1056 861 1131 visum,
895 1058 976 1118 haud
1001 1057 1088 1118 dubie
1121 1057 1202 1118 circa
1232 1057 1356 1118 lixarum
1380 1055 1498 1137 aliquas
1522 1055 1679 1118 circumire

327 1161 421 1205 novos
444 1145 499 1206 hos
523 1145 663 1224 planetas
687 1145 884 1225 (quale-quid
913 1148 978 1225 jam
1011 1168 1029 1206 a
1061 1147 1154 1206 multo
1188 1153 1321 1225 tempore
1346 1145 1417 1207 mihi
1442 1165 1480 1207 ex
1504 1142 1679 1208 Cardinalis

326 1231 439 1294 Cosani
463 1240 495 1295 et
509 1233 636 1295 Jordani
650 1234 744 1296 Bruni
768 1235 1022 1313 speculationibus
1047 1235 1225 1312 objecerat),
1251 1253 1287 1295 ac
1311 1234 1337 1296 si
1361 1244 1489 1316 quatuor
1511 1234 1554 1296 ibi
1578 1235 1679 1296 latue-

325 1321 386 1384 rint
408 1322 554 1382 hactenus
577 1323 736 1401 planetae,
767 1321 838 1402 quid
861 1323 952 1404 igitur
975 1322 1118 1403 impedire
1143 1324 1212 1402 quin
1235 1323 1408 1396 credamus,
1445 1322 1679 1386 innumerabiles

323 1427 414 1490 porro
439 1411 515 1472 alios
539 1412 647 1473 ibidem
672 1413 728 1473 hoc
752 1411 836 1472 initio
861 1413 942 1474 facto
966 1413 1119 1474 detectum
1142 1411 1198 1474 iri:
1224 1413 1357 1490 adeoque
1373 1413 1420 1474 vel
1435 1413 1577 1474 mundum
1600 1413 1679 1473 huuc

324 1499 423 1578 ipsum
446 1499 605 1573 inlinitum,
635 1509 669 1560 ut
691 1501 817 1561 Melisso
841 1509 872 1562 et
894 1501 1103 1581 philosophiae
1133 1501 1321 1580 magneticae
1354 1501 1470 1562 auctori
1496 1498 1581 1564 Gnil.
1608 1499 1679 1563 Gil-

326 1589 414 1650 berto
437 1589 538 1668 Anglo
561 1585 585 1662 ¹)
609 1589 742 1669 placuit:
780 1590 827 1651 vel
851 1599 884 1650 ut
908 1590 1081 1651 Democrito
1105 1598 1137 1651 et
1160 1589 1312 1669 Leucippo
1340 1597 1372 1651 et
1400 1609 1438 1651 ex
1461 1588 1680 1652 recentioribus

324 1678 426 1740 Bruuo
446 1671 471 1751 ²)
496 1685 527 1740 et
549 1677 656 1739 Brutio
678 1674 719 1752 ³),
744 1686 805 1751 tuo,
831 1675 981 1751 Galilaee,
1015 1686 1046 1739 et
1078 1697 1144 1740 meo
1169 1678 1265 1740 amico
1297 1678 1409 1753 visum,
1443 1677 1576 1742 infinitos
1605 1677 1692 1763 alios*

328 1766 454 1828 mundos
479 1766 544 1840 (vel
566 1774 601 1827 ut
622 1766 741 1827 Bruuus
765 1767 891 1839 Terras)
915 1767 1001 1848 hujus
1024 1768 1119 1829 nostri
1144 1767 1256 1830 similes
1281 1786 1359 1830 esse.

418 1853 469 1918 Sic
484 1853 556 1916 mihi
580 1854 624 1916 sic
647 1854 692 1916 illi
715 1855 821 1929 visum,
844 1854 965 1918 interim
988 1856 1057 1929 dum
1072 1856 1177 1918 libmm
1195 1855 1336 1931 Galilaei,
1361 1863 1395 1918 ut
1414 1864 1481 1918 erat
1495 1873 1567 1935 spes
1587 1855 1679 1929 lacta,

265 1949 277 1956 '
327 1943 464 2023 cupidine
489 1943 565 2005 mira
588 1943 706 2022 legendi
729 1952 934 2023 expectamus

391 2096 393 2105 J
414 2031 549 2095 Primum
571 2033 739 2112 exemplum
762 2050 907 2094 concessu
927 2031 1069 2096 Caesaris
1092 2031 1163 2094 mihi
1186 2031 1314 2109 contigit
1336 2032 1485 2112 inspicere
1510 2031 1680 2112 cursimque

326 2121 519 2200 pervolitare.
567 2121 665 2183 Video
702 2139 832 2201 magna
864 2121 1049 2203 longeque
1082 2119 1417 2182 admirabilissima
1450 2122 1683 2200 spectacula

327 2209 529 2288 proposita
551 2207 790 2288 philosophis
814 2219 851 2271 et
884 2210 1136 2283 astronomis,
1171 2209 1204 2270 ni
1237 2209 1353 2272 fallor
1383 2217 1421 2272 et
1453 2209 1560 2284 rnihi;
1590 2209 1682 2270 video

329 2298 372 2357 ad
396 2315 609 2376 magnarum
632 2299 995 2378 contemplationum
1023 2299 1177 2361 exordia
1204 2315 1330 2360 omnes
1359 2318 1476 2360 verae
1508 2299 1681 2378 pbiloso-

327 2385 434 2465 phiae
458 2386 613 2465 cupidos
637 2388 849 2450 convocari.
896 2387 966 2449 Jam
989 2396 1053 2450 turn
1076 2385 1228 2466 gestiebat
1257 2385 1329 2447 mibi
1360 2387 1476 2450 animus
1511 2406 1559 2448 me
1594 2387 1681 2448 rebus

327 2474 447 2549 inferre,
473 2475 580 2554 quippe
604 2485 818 2554 provocatum,
849 2483 881 2538 et
904 2477 954 2556 qui
977 2478 1083 2538 eadem
1107 2476 1144 2536 de
1168 2474 1295 2536 materia
1319 2484 1389 2536 ante
1415 2495 1511 2537 annos
1537 2471 1557 2536 6
1582 2475 1681 2554 scrip·

328 2561 444 2638 sissem,
475 2569 583 2638 tecum,
611 2562 750 2647 Galilaea
780 2565 994 2640 solertissime,
1033 2566 1071 2624 de
1095 2573 1158 2626 tam
1181 2563 1369 2625 inexhaustis
1393 2565 1490 2626 Jovae
1516 2563 1682 2626 conditoris

327 2651 498 2726 thesauris,
517 2713 520 2723 ,
538 2670 660 2735 quorum
685 2654 761 2716 alios
784 2662 855 2734 post
877 2654 954 2715 alios
986 2653 1074 2714 nobis
1108 2652 1224 2732 aperit,
1253 2651 1472 2730 jucundissimo
1508 2651 1684 2732 scriptionis

326 2759 436 2820 genere
460 2742 604 2803 conferre.
653 2741 749 2812 Quem
773 2743 850 2804 enim
873 2750 975 2804 tacere
999 2741 1101 2804 sinunt
1123 2749 1275 2802 tantamm
1298 2759 1397 2803 rerum
1421 2741 1543 2804 nuncii?
1587 2739 1685 2814 Quem

326 2847 384 2891 non
409 2830 514 2909 implet
537 2830 628 2891 divini
653 2831 762 2892 amoris
787 2830 972 2893 abundantia
993 2849 1048 2910 per
1072 2830 1204 2909 linguam
1234 2836 1266 2890 et
1288 2829 1438 2892 calamum
1461 2849 1531 2892 sese
1556 2830 1685 2910 proluu-

238 2975 240 2978 .
326 2919 401 2979 dens
425 2920 513 2980 ubert
515 2918 640 2980 issime?

417 3007 582 3069 Addebant
596 3008 725 3070 animum
739 3005 958 3086 Angustissimi
977 3005 1154 3068 Caesaris
1172 3004 1371 3084 Rudophi
1362 3005 1499 3090 imperia,
1521 3005 1572 3086 qui
1588 3021 1688 3066 meum

326 3096 363 3155 de
382 3095 438 3155 hac
459 3097 585 3157 materie
603 3097 748 3198 J'udicium
773 3096 944 3178 expetebat.
978 3094 1024 3156 De
1044 3092 1268 3156 Wackherio
1293 3094 1456 3196 veroquid
1481 3094 1603 3156 dicam?
1637 3092 1688 3153 Ad

329 3201 416 3262 quem
440 3191 474 3246 ut
496 3175 564 3245 ve'ni
588 3185 653 3246 sine
686 3185 775 3257 libro,
807 3184 966 3247 lectionem
996 3191 1097 3244 tamen
1131 3183 1196 3263 ejus
1228 3183 1403 3283 professus,
1437 3183 1570 3246 invisum
1604 3181 1690 3254 mihi,

327 3272 522 3333 rixatumt
491 3273 582 3334 etiam
607 3274 680 3347 luit,
711 3273 837 3353 denique
861 3274 949 3352 plane
973 3272 1155 3346 conclusum,
1180 3278 1214 3332 ut
1236 3270 1266 3331 in
1285 3270 1488 3334 haemateria
1507 3290 1568 3332 non
1584 3271 1690 3332 differ-

328 3377 392 3420 rem
415 3359 478 3422 lieri
503 3379 590 3440 quarn
619 3361 845 3422 disertissimus.
891 3362 970 3422 Dum
1002 3360 1113 3439 aliquid
1146 3360 1292 3430 meditor,
1326 3359 1548 3439 superveniunt
1582 3359 1690 3421 literae

328 3457 401 3509 tuae
426 3449 464 3508 ad
489 3449 537 3510 Ill.
562 3448 667 3526 Magni
689 3449 849 3511 Hetruriae
873 3449 965 3511 Ducis
989 3449 1140 3528 legatum,
1164 3449 1271 3528 plenae
1296 3447 1338 3508 tui
1362 3447 1391 3509 in
1416 3467 1465 3510 me
1491 3447 1623 3530 amoris,
1657 3453 1692 3508 ut

236 3545 239 3552 ’
328 3536 377 3617 qui
401 3536 457 3596 hoc
485 3536 557 3596 mihi
580 3537 699 3597 honoris
723 3538 893 3616 impertitus
917 3538 978 3612 sis,
1002 3545 1045 3606 ,ut
1067 3556 1121 3617 per
1154 3545 1269 3598 tautum
1303 3535 1618 3615 virumpotissimum
1642 3554 1691 3596 rne

328 3633 360 3686 et
384 3623 561 3686 transmisso
591 3625 754 3704 exemplari
777 3634 808 3686 et
831 3625 936 3686 addita
965 3625 1249 3687 commonefactione
1281 3625 1508 3704 provocandum
1538 3627 1579 3687 ad
1610 3624 1692 3686 scri-

326 3714 454 3775 bendum
478 3713 646 3774 censueris:
672 3712 751 3794 quod
781 3721 812 3774 et
835 3713 992 3792 praestitit
1014 3713 1043 3774 in
1067 3712 1110 3774 tui
1133 3713 1263 3792 gratiam
1290 3731 1435 3794 perquam
1459 3713 1637 3778 humaniter
1661 3721 1695 3774 et

326 3821 373 3863 me
397 3802 426 3862 in
453 3802 623 3863 clientelam
647 3815 732 3862 suam
756 3801 890 3880 suscepit
912 3801 1207 3864 benevolentissime.

417 3887 506 3960 Quod
530 3889 622 3968 igitur
644 3889 717 3951 mihi
740 3890 860 3969 propria
883 3890 974 3952 animi
996 3889 1204 3969 propensione,
1230 3887 1306 3968 qnod
1331 3889 1437 3972 amicis
1462 3890 1584 3968 placet,
1608 3889 1694 3971 quod

327 3976 490 4057 diligenter
511 3977 577 4056 ipse
600 3997 708 4058 rogas,
735 3978 766 4038 id
791 3978 900 4039 faciam
923 3997 981 4039 non
1005 3979 1089 4039 nulla
1120 3997 1173 4057 spe
1205 3977 1360 4051 inductus,
1395 3997 1443 4039 me
1470 3978 1529 4040 hac
1556 3978 1694 4058 epistola

325 4066 356 4128 id
379 4067 436 4128 tibi
455 4067 652 4146 profuturum,
678 4069 703 4126 si
727 4085 795 4126 eam
819 4066 971 4128 censueris
995 4065 1221 4140 ostendendam,
1246 4073 1408 4126 utcontra
1432 4085 1576 4130 morosos
1601 4066 1693 4128 novi-

326 4161 423 4216 tatum
449 4173 599 4230 censores,
624 4155 730 4234 quibus
753 4153 926 4215 incredibile
951 4154 1092 4234 quidquid
1115 4153 1308 4232 incognitum,
1332 4155 1496 4232 profanum
1522 4163 1556 4216 et
1580 4155 1693 4217 nefan-

326 4243 405 4316 dum,
431 4243 573 4322 quidquid
597 4243 677 4304 ultra
701 4249 861 4304 consuetas
885 4241 1101 4303 Aristotelicas
1126 4243 1283 4321 augustiae
1307 4249 1416 4316 metes,
1442 4261 1504 4306 uno
1526 4243 1693 4324 proaspite

326 4330 368 4391 sis
391 4343 585 4409 processurus
608 4330 792 4391 instructior.

416 4417 605 4480 Temerarius
629 4419 706 4479 forte
730 4416 824 4478 videri
855 4416 988 4494 possim,
1027 4416 1075 4496 qui
1107 4417 1167 4479 tuis
1200 4415 1419 4478 assertionibus
1456 4420 1546 4480 nulla
1568 4419 1695 4500 propris

327 4504 514 4583 experientia
538 4507 676 4568 suffultus
700 4512 764 4566 tam
788 4503 877 4566 facile
901 4504 1031 4565 credam.
1078 4505 1123 4565 At
1155 4504 1203 4584 qui
1234 4523 1293 4564 non
1317 4503 1442 4566 credam
1466 4505 1693 4570 mathematico

326 4591 512 4666 doctissimo,
537 4593 619 4671 cujus
635 4594 682 4654 vel
706 4593 795 4654 stilus
814 4590 923 4670 judicii
946 4591 1152 4652 rectitudinem
1177 4593 1290 4670 arguit,
1314 4592 1365 4670 qui
1389 4598 1516 4657 tantum
1541 4595 1633 4658 abest
1658 4604 1693 4656 ut

327 4695 396 4736 sese
420 4679 549 4740 vanitati
573 4681 665 4741 dedat
688 4699 815 4760 seseque
839 4678 952 4740 vidisse
976 4678 1112 4752 dictitet,
1142 4697 1217 4759 quae
1248 4698 1306 4740 non
1335 4678 1469 4758 viderit,
1509 4685 1694 4764 popularem

327 4780 432 4824 auram
455 4773 593 4844 captans,
617 4775 651 4828 ut
674 4766 722 4828 vel
746 4762 962 4846 receptissimis
981 4726 1168 4844 opinionibus
1187 4763 1327 4828 veritatis
1351 4785 1457 4831 amore
1474 4789 1546 4834 non
1571 4769 1694 4834 dubitet
