3464 5524
623 288 866 354 amaea,
994 248 1003 268 '
1379 287 1422 358 ιι

112 463 206 537 atleta,
227 462 256 526 id
275 470 380 528 tamon
405 483 460 546 per
484 465 623 528 roddens
646 466 689 540 lit,
713 465 798 528 nulla
820 466 849 526 vi
877 465 1002 528 catheti.
1049 463 1105 528 Jus
1137 474 1241 530 antem
1263 467 1321 530 hoc
1344 469 1422 531 ima·
1504 467 1506 473 ’

111 551 315 634 girhlooaudae
350 553 490 616 obtinent
518 554 615 616 linoae
647 554 719 626 DB,
752 555 812 628 III,
846 575 883 616 ex
907 554 986 618 binis
1017 555 1112 616 oculis
1135 555 1178 627 B,
1209 556 1237 630 Ι,
1271 557 1320 618 rel
1343 557 1422 620 binis

108 641 195 722 poche
211 642 306 712 (oculo
330 642 497 716 translato)
520 644 600 706 ultra
622 643 665 714 D,
688 644 718 704 H
741 644 935 706 continuatae
965 644 1005 704 ad
1029 661 1205 706 concursum
1229 645 1266 708 Ε.
1314 647 1421 725 Imago

107 731 162 792 rein
179 731 287 808 atejus
320 731 433 794 locatio
457 739 505 792 est
537 730 662 794 fallacia
694 751 835 794 sensuum
867 741 900 792 et
922 732 951 794 in
975 732 1031 794 hoo
1054 733 1120 810 ipso
1156 751 1263 795 sensus
1296 734 1420 810 fallitur,

106 818 163 900 qaod
180 818 281 880 realem
305 819 422 884 radium
453 819 582 882 lucidum
609 839 817 900 repercussum
840 823 883 882 llI
908 829 939 882 et
961 820 1016 882 DB
1048 820 1204 884 continuat
1228 823 1420 904 imaginando

104 906 194 980 aaut
212 907 275 968 DE.
321 909 370 970 Ex
393 909 440 972 h'as
458 910 523 988 jam
545 909 611 990 lpse
634 911 688 972 illa
709 919 762 972 tua
785 909 879 972 rerba
901 909 1046 972 aestima:
1071 909 1188 983 „videri
1211 910 1267 972 tibi
1290 903 1421 974 officium

103 995 356 1076 amandianliDK,
382 1007 416 1060 ut
438 998 599 1078 imaginem
613 998 725 1077 dirigat
748 1007 780 1060 et
802 999 955 1060 ordinet.“
984 997 1065 1060 Ohel
1092 996 1242 1060 cathetus
1258 1008 1306 1060 est
1329 1019 1421 1080 repu-
1482 990 1488 1004 '

103 1085 173 1158 tiata,
193 1103 262 1163 quae
284 1085 384 1166 ipsam
401 1087 559 1166 imaginem
579 1089 700 1162 transit,
725 1095 757 1149 et
775 1089 838 1167 jam
859 1095 890 1148 tu
905 1085 1148 1166 perpendiculum
1163 1105 1315 1167 surrogas,
1340 1090 1420 1168 qnod

102 1172 241 1252 beglulum
264 1175 363 1240 abest.
411 1174 473 1238 Cur
496 1181 597 1238 autem
621 1176 700 1238 licea
723 1177 825 1257 aliqua
847 1175 1040 1255 imaginaria,
1076 1176 1256 1255 imaginaria
1288 1175 1419 1256 inquam,

102 1279 145 1324 mn
162 1279 241 1324 sensu
263 1265 474 1344 oculorumque
498 1263 678 1340 directione,
708 1272 742 1326 ut
768 1283 853 1328 meae
886 1265 1078 1339 metatrioes,
1110 1266 1165 1326 sed
1188 1264 1420 1326 ratiocinatione

100 1369 140 1429 per
156 1359 240 1412 mem
262 1354 394 1430 optIcum
418 1353 538 1425 saltem,
569 1362 603 1414 et
625 1371 673 1416 rea
696 1355 786 1416 bruta
808 1353 921 1416 alliciat
944 1353 984 1428 id,
1018 1353 1097 1433 quod
1121 1360 1169 1414 est
1201 1371 1309 1416 seusus
1333 1371 1418 1432 opus,

101 1439 229 1520 minem
249 1441 390 1506 scilieet?
435 1442 475 1504 Ilt
499 1441 569 1520 qnid
592 1451 645 1517 tuo
668 1442 807 1518 ,‚videri“
831 1461 905 1522 opus
929 1449 990 1516 est,
1021 1461 1089 1504 cum
1111 1442 1242 1504 noudum
1265 1458 1436 1522 conquas--

101 1529 189 1593 sarsris
210 1547 305 1594 meatu
329 1529 468 1604 „videri“
491 1531 748 1594 demonstratum?
793 1531 889 1594 Miror
903 1538 1014 1606 autem,
1039 1537 1070 1594 te
1086 1531 1303 1609 experientiam
1326 1529 1419 1592 etiam

101 1617 212 1694 almae
236 1638 312 1698 quae
336 1620 417 1682 locet
440 1620 599 1698 imaginem
622 1639 681 1682 non
704 1620 735 1682 in
758 1621 890 1695 catheto,
915 1619 969 1681 sed
992 1619 1023 1692 in
1045 1619 1194 1700 parallelo
1213 1618 1419 1698 apparentiae.

101 1705 170 1777 uae.
203 1714 233 1768 te
267 1707 366 1786 ipsum
403 1707 625 1770 diversissimae
659 1709 861 1789 experientiae
899 1709 1162 1770 commonefaciam
1196 1708 1340 1770 oblitnmr
1379 1707 1423 1768 sit

26 1811 27 1814 ¹
101 1795 147 1872 (lg.
160 1791 210 1868 20)
231 1796 362 1875 sphaera
386 1794 454 1870 GL,
477 1805 509 1858 et
531 1797 559 1859 D
582 1805 726 1876 punctum
748 1817 952 1878 repercussus,
976 1798 1003 1859 Β
1028 1797 1140 1871 oculus,
1165 1797 1196 1858 A
1214 1798 1316 1859 stella.
1364 1796 1420 1870 Tu,

25 1907 26 1962 3
101 1883 225 1961 quesitus
242 1884 292 1948 uhi
315 1892 464 1964 appareat
485 1905 539 1964 por
561 1905 778 1966 repercussum,
803 1886 886 1948 dices
909 1887 939 1948 in
964 1884 1001 1960 0,
1028 1885 1200 1965 longissime
1224 1886 1305 1948 ultra
1325 1891 1421 1946 totum

100 1972 210 2049 globum:
232 1992 299 2036 curn
322 1983 437 2036 certum
460 1981 562 2036 tamen
586 1976 635 2050 sit,
661 1976 691 2037 in
716 1977 770 2038 tali
784 1975 949 2038 incidentia
972 1991 1076 2036 omnes
1091 1973 1240 2053 imagines
1253 1972 1422 2036 consistere

101 2061 160 2122 iutra
177 2063 360 2140 complexum
384 2063 540 2142 sphaerae.
589 2062 652 2126 Sed
674 2071 707 2126 tu
731 2073 762 2126 te
785 2064 883 2144 Ipsum
907 2063 998 2138 tallia,
1023 2063 1082 2144 qni,
1106 2081 1174 2124 eum
1197 2061 1364 2142 incepissee
1387 2063 1424 2124 de
1500 2137 1505 2144 .

101 2151 256 2228 experientia
278 2169 480 2216 connexorum
504 2161 535 2214 et
558 2171 765 2229 concavorum,
791 2153 903 2215 desinis
926 2152 1190 2231 inexperientiam
1215 2152 1325 2213 saltem
1348 2169 1424 2212 coa-

101 2255 225 2306 raverunt,
255 2239 307 2304 ubi
333 2240 462 2319 primum
485 2260 589 2304 vocem
612 2242 685 2304 loci
717 2241 864 2304 mutuaris
895 2260 934 2302 ex
955 2240 1068 2303 conicit
1093 2240 1290 2302 sectionibus:
1324 2239 1422 2302 stibi

102 2325 189 2391 dixiiu
209 2327 317 2390 arculo
341 2328 441 2391 focum
464 2331 493 2392 in
515 2339 619 2392 canuc
641 2349 711 2393 esse
735 2332 808 2404 (IV,
833 2328 880 2404 t).
927 2329 1050 2392 Fefellit
1073 2337 1173 2392 autern
1195 2336 1226 2390 te
1245 2327 1423 2408 Maginus

102 2433 151 2476 mm
169 2435 217 2480 suo
239 2418 372 2496 speculo,
386 2412 412 2490 ⁵)
435 2419 485 2498 qui
509 2437 546 2480 aa
567 2419 686 2482 Ioanne
701 2419 844 2499 Baptista
863 2421 956 2480 Porta
978 2418 1073 2480 verba
1094 2418 1237 2480 nonnulla
1257 2424 1422 2491 mutuatus,

101 2521 157 2582 quae
176 2513 256 2568 aaut
278 2506 317 2568 de
341 2524 482 2582 oouoaro,
508 2527 566 2570 non
590 2509 747 2587 sphaerico
772 2510 826 2570 aed
849 2507 1031 2587 parabolice,
1064 2505 1162 2576 dicta,
1194 2523 1353 2586 perperam
1386 2506 1425 2566 ad

99 2611 163 2654 arun
179 2594 365 2674 sphaericum
388 2598 606 2667 accommodat,
630 2599 709 2677 qnod
730 2598 873 2660 incendat
890 2597 919 2658 iu
936 2604 1044 2678 quarta
1058 2596 1207 2658 diametri.
1254 2593 1340 2658 Scito
1359 2593 1423 2656 ita-

99 2699 147 2760 ιιι,
166 2683 193 2744 in
213 2683 264 2748 illo
288 2683 407 2764 Magini
430 2687 551 2764 speculo
567 2687 724 2766 sphaerico
748 2705 880 2748 concavo
904 2686 1005 2765 spargi
1020 2684 1123 2747 radios
1137 2683 1220 2748 Solis
1241 2701 1296 2763 per
1312 2684 1423 2748 lineam

98 2769 271 2834 meeutrum
303 2773 451 2852 sphaerae
482 2775 654 2838 tendentem
685 2783 716 2836 et
747 2777 907 2837 incendere
940 2775 1102 2836 secundum
1124 2772 1222 2853 magis
1255 2780 1288 2833 et
1316 2771 1424 2834 minus.

97 2857 260 2939 Colhguntnr
289 2879 349 2924 non
383 2862 412 2924 in
445 2882 534 2926 unum
565 2871 707 2944 punctum
737 2873 771 2925 ut
798 2864 827 2924 in
855 2863 1015 2944 parabola,
1049 2863 1103 2924 sed
1131 2861 1161 2922 in
1189 2879 1279 2922 unam
1303 2860 1423 2946 lineam.

96 2947 169 3010 Porro
190 2959 221 3012 ut
242 2949 360 3025 videns,
384 2952 454 3031 quid
469 2951 565 3014 Porta
586 2952 696 3014 dixerit
714 2961 851 3033 quartam
877 2951 1025 3024 diametri,
1048 2950 1166 3030 respice
1178 2947 1218 3012 ad
1234 2949 1357 3012 schema
1371 2946 1425 3012 58.

96 3033 220 3102 SitblSN
232 3038 334 3120 portio
349 3041 513 3118 parabolici
529 3040 740 3113 determinata,
763 3042 827 3104 MN
842 3040 923 3106 linea
936 3059 990 3120 per
1004 3043 1034 3102 A
1049 3041 1148 3102 focum
1162 3039 1200 3101 ad
1220 3055 1308 3103 axem
1322 3045 1423 3101 rocta:

25 3131 26 3138 ’
98 3133 151 3186 tanc
171 3127 230 3190 ΜΝ
262 3136 313 3190 est
336 3129 483 3192 diameter
505 3130 627 3209 speculi
649 3130 830 3210 parabolici,
863 3130 943 3210 quod
966 3130 1029 3192 lere
1052 3127 1183 3208 speciem
1207 3126 1331 3190 exhibet
1353 3145 1427 3188 sex-

95 3214 169 3276 tantis
188 3216 354 3295 sphaerici,
383 3218 464 3297 quod
487 3219 650 3299 Meginum'
671 3218 789 3282 fefellit.
836 3217 891 3280 AS
914 3236 986 3280 vero
1014 3217 1204 3298 profunditas
1232 3216 1347 3297 speculi
1376 3223 1427 3278 est

96 3311 184 3380 turta
203 3305 344 3368 diametri
367 3307 430 3369 Illi
455 3308 547 3388 (qnod
576 3307 667 3370 miror
694 3327 747 3370 cur
768 3309 877 3386 neges)
902 3315 934 3370 et
956 3326 1026 3368 rere
1059 3307 1160 3382 focus,
1195 3324 1230 3367 eo
1253 3306 1332 3386 qnod
1356 3305 1427 3368 illoc

95 3392 224 3456 andnam
253 3413 359 3456 omues
381 3397 546 3482 parallelae
570 3397 620 3458 axi
644 3417 681 3460 ox
710 3403 776 3459 tota
797 3397 931 3458 cavitate
961 3395 1074 3476 speculi
1081 3413 1090 3470 ;
1123 3405 1214 3476 atque
1237 3394 1284 3456 hic
1308 3395 1426 3456 demum

95 3488 131 3539 est
149 3481 364 3546 violentissima
386 3485 528 3546 incensio.

162 3567 248 3640 Quod
270 3573 489 3652 experientiam
516 3575 613 3654 ipsam
637 3581 669 3635 et
691 3573 742 3637 lib.
767 3574 860 3646 VIII,
888 3571 937 3634 ll.
963 3571 1138 3634 Vitellionis
1167 3571 1292 3645 attinet,
1326 3569 1426 3632 beasti

95 3675 136 3730 ne,
155 3677 185 3720 re
206 3660 246 3722 oh
269 3661 373 3724 oculos
395 3662 498 3741 posita
520 3670 553 3724 et
575 3663 761 3742 experientia
782 3663 925 3726 refutata.
971 3661 1051 3724 Nam
1073 3661 1100 3723 ei
1123 3661 1291 3734 scivissem,
1317 3657 1424 3721 fortis-

95 3743 178 3810 t'tnrrn
197 3749 273 3836 inde
290 3755 499 3830 argumentum
521 3751 721 3815 extruxiasem
744 3769 797 3832 pro
821 3751 896 3813 meis
919 3749 1179 3812 metatricibus
1207 3755 1314 3810 contra
1335 3754 1424 3808 vete-

95 3837 311 3900 rencathetum.
355 3839 436 3904 Nam
455 3840 505 3902 ubi
519 3839 716 3902 Vitellionem
734 3839 835 3902 deficit
847 3857 1010 3902 concursus
1024 3856 1091 3901 cum
1105 3838 1239 3910 catheto,
1263 3835 1424 3915 imaginem

94 3921 279 4005 insuperioia
302 3927 398 4000 locat,
431 3947 507 4008 qnae
530 3947 601 3990 vere
630 3937 679 3990 est
701 3929 812 3990 intra.
858 3928 909 3988 hle
935 3945 1085 4006 nunquam
1107 3926 1210 3989 delicit
1236 3923 1428 4004 portiuncula

95 4015 247 4091 uperfioiei,
271 4016 420 4078 exbibens
443 4017 558 4079 dnobus
582 4017 677 4080 oeulis
700 4018 759 4078 duo
784 4023 895 4097 puncta
917 4015 1090 4078 reflexioois
1114 4016 1153 4078 ab
1168 4013 1331 4076 eadsmre.
1378 4011 1426 4073 De

96 4098 204 4181 uagina
225 4123 299 4166 vero
321 4117 395 4185 post
417 4106 533 4168 oculum
556 4123 660 4170 verum
682 4114 746 4180 est,
772 4113 805 4168 ut
827 4105 917 4181 dieis,
942 4104 1154 4167 stultissimam
1177 4119 1246 4164 esse
1271 4100 1343 4164 boni
1365 4097 1426 4162 Vi-

96 4189 204 4254 tellioois
236 4193 462 4274 deceptionem,
496 4203 527 4256 et
549 4195 740 4258 verissimum
772 4202 833 4266 est,
866 4193 914 4256 hic
937 4192 1097 4272 imaginem
1126 4193 1216 4272 plana
1242 4191 1383 4252 aberrare
1408 4209 1428 4250 a

97 4278 205 4342 cebete.
250 4281 333 4344 Itale
357 4299 405 4343 me
424 4283 524 4358 habet,
549 4284 721 4363 neglectum
739 4283 795 4346 hoo
810 4299 878 4344 esse
896 4283 926 4343 in
941 4299 1007 4343 meo
1023 4280 1122 4360 eapite
1137 4279 1192 4343 Ill.
1239 4277 1302 4340 Sed
1321 4285 1424 4340 tamen

97 4369 177 4430 ascio
198 4389 233 4430 an
257 4379 384 4450 utroque
409 4371 493 4433 oculo
516 4373 604 4434 unica
626 4372 727 4452 imago
750 4371 846 4434 videri
865 4371 963 4451 possit
986 4365 1081 4448 ipsius
1096 4366 1126 4440 Q
1140 4367 1206 4447 (fig.
1219 4363 1293 4442 21);
1318 4365 1427 4430 dautur

98 4455 158 4518 euim
177 4475 275 4534 emus,
299 4457 352 4522 ubi
375 4477 450 4533 non,
479 4467 510 4522 et
533 4467 603 4524 tunc
626 4469 734 4524 nacha
756 4461 855 4539 imago
878 4459 971 4522 habet
993 4468 1107 4520 certum
1130 4457 1242 4530 locum,
1277 4453 1426 4535 potiorem

98 4549 177 4616 buren
203 4545 284 4610 illum
316 4547 348 4608 in
377 4548 541 4626 superficie.
588 4550 669 4611 Nam
698 4558 747 4611 est
774 4546 883 4628 aliquis
910 4548 988 4610 situs
1017 4545 1170 4606 oculorum
1188 4551 1221 4604 et
1243 4543 1373 4606 visibilis
1397 4543 1427 4604 in

97 4634 213 4708 amenio,
244 4635 294 4697 nbi
318 4653 378 4696 non
410 4635 509 4714 potest
533 4637 562 4698 ln
586 4645 742 4717 utrumque
766 4637 884 4698 oculum
913 4653 951 4696 ex
974 4633 1079 4694 eodem
1106 4639 1217 4711 puncto
1240 4631 1353 4694 visibili
1377 4633 1425 4694 in·

99 4717 170 4783 luere
190 4722 287 4786 radius
315 4723 377 4784 nisi
402 4723 479 4785 oculi
502 4723 720 4801 divarioeutnr3
754 4733 785 4786 et
815 4732 885 4786 tuno
909 4724 1006 4786 lineae
1036 4738 1124 4800 porro
1149 4720 1342 4785 continuatae
1367 4739 1426 4784 non

99 4813 195 4875 munt
236 4811 352 4881 Differo
377 4829 470 4891 usque
493 4814 532 4876 ad
553 4814 720 4894 periculum
740 4813 919 4893 laciendum.
