<?xml version="1.0" encoding="UTF-8"?>
<!DOCTYPE html PUBLIC "-//W3C//DTD XHTML 1.0 Transitional//EN"
    "http://www.w3.org/TR/xhtml1/DTD/xhtml1-transitional.dtd">
<html xmlns="http://www.w3.org/1999/xhtml" xml:lang="en" lang="en">
 <head>
  <title>
</title>
<meta http-equiv="Content-Type" content="text/html;charset=utf-8" />
  <meta name='ocr-system' content='tesseract 3.04.00' />
  <meta name='ocr-capabilities' content='ocr_page ocr_carea ocr_par ocr_line ocrx_word'/>
</head>
<body>
  <div class='ocr_page' id='page_1' title='image "./joanniskepleria02unkngoog/joanniskepleria02unkngoog_0758.png"; bbox 0 0 3566 5536; ppageno 0'>
   <div class='ocr_carea' id='block_1_1' title="bbox 658 305 1437 412">
    <p class='ocr_par' dir='ltr' id='par_1_1' title="bbox 658 305 1437 412">
     <span class='ocr_line' id='line_1_1' title="bbox 658 305 1437 412; baseline -0.003 0"><span class='ocrx_word' id='word_1_1' title='bbox 658 337 739 404; x_wconf 71' lang='lat' dir='ltr'><strong>caps</strong></span> <span class='ocrx_word' id='word_1_2' title='bbox 756 337 869 390; x_wconf 65' lang='grc' dir='ltr'><strong>ΚΜ·</strong></span> <span class='ocrx_word' id='word_1_3' title='bbox 1296 305 1300 312; x_wconf 44' lang='grc'>’</span> <span class='ocrx_word' id='word_1_4' title='bbox 1371 343 1437 412; x_wconf 81' lang='grc'><strong>719</strong></span> 
     </span>
    </p>
   </div>
   <div class='ocr_carea' id='block_1_2' title="bbox 40 515 1467 3182">
    <p class='ocr_par' dir='ltr' id='par_1_2' title="bbox 89 515 1467 1395">
     <span class='ocr_line' id='line_1_2' title="bbox 92 515 1440 600; baseline 0.004 -20"><span class='ocrx_word' id='word_1_5' title='bbox 92 539 160 580; x_wconf 84' lang='grc' dir='ltr'>ιιιιιιι</span> <span class='ocrx_word' id='word_1_6' title='bbox 186 518 350 582; x_wconf 90' lang='lat' dir='ltr'><strong>futurorum</strong></span> <span class='ocrx_word' id='word_1_7' title='bbox 374 516 567 597; x_wconf 79' lang='lat' dir='ltr'><strong>singularium</strong></span> <span class='ocrx_word' id='word_1_8' title='bbox 591 515 749 580; x_wconf 80' lang='lat' dir='ltr'><strong>scientiam</strong></span> <span class='ocrx_word' id='word_1_9' title='bbox 773 517 903 597; x_wconf 80' lang='lat' dir='ltr'>expetit,</span> <span class='ocrx_word' id='word_1_10' title='bbox 935 535 1022 598; x_wconf 91' lang='lat' dir='ltr'><strong>quarn</strong></span> <span class='ocrx_word' id='word_1_11' title='bbox 1051 518 1278 600; x_wconf 81' lang='lat' dir='ltr'><strong>philosophiam.</strong></span> <span class='ocrx_word' id='word_1_12' title='bbox 1325 523 1440 586; x_wconf 91' lang='lat' dir='ltr'><strong>Verum</strong></span> 
     </span>
     <span class='ocr_line' id='line_1_3' title="bbox 92 597 1438 692; baseline 0.003 -22"><span class='ocrx_word' id='word_1_13' title='bbox 92 597 258 684; x_wconf 80' lang='lat' dir='ltr'><strong>enimvero,</strong></span> <span class='ocrx_word' id='word_1_14' title='bbox 287 607 356 689; x_wconf 93' lang='lat' dir='ltr'><strong>quia</strong></span> <span class='ocrx_word' id='word_1_15' title='bbox 388 607 561 688; x_wconf 87' lang='lat' dir='ltr'><strong>imperfecta</strong></span> <span class='ocrx_word' id='word_1_16' title='bbox 592 625 659 668; x_wconf 91' lang='lat' dir='ltr'><strong>esse</strong></span> <span class='ocrx_word' id='word_1_17' title='bbox 689 615 812 687; x_wconf 88' lang='lat' dir='ltr'><strong>putatur</strong></span> <span class='ocrx_word' id='word_1_18' title='bbox 835 607 929 668; x_wconf 88' lang='lat' dir='ltr'><strong>omnis</strong></span> <span class='ocrx_word' id='word_1_19' title='bbox 953 605 1121 686; x_wconf 89' lang='lat' dir='ltr'><strong>hujusmodi</strong></span> <span class='ocrx_word' id='word_1_20' title='bbox 1150 611 1328 692; x_wconf 76' lang='lat' dir='ltr'><strong>descriptio,</strong></span> <span class='ocrx_word' id='word_1_21' title='bbox 1362 599 1438 692; x_wconf 82' lang='lat' dir='ltr'><strong>quae</strong></span> 
     </span>
     <span class='ocr_line' id='line_1_4' title="bbox 89 694 1441 780; baseline 0.001 -20"><span class='ocrx_word' id='word_1_22' title='bbox 89 717 149 760; x_wconf 91' lang='lat' dir='ltr'><strong>non</strong></span> <span class='ocrx_word' id='word_1_23' title='bbox 173 695 201 759; x_wconf 89' lang='lat' dir='ltr'><strong>in</strong></span> <span class='ocrx_word' id='word_1_24' title='bbox 226 695 492 778; x_wconf 88' lang='lat' dir='ltr'><strong>significationibus</strong></span> <span class='ocrx_word' id='word_1_25' title='bbox 516 697 608 758; x_wconf 86' lang='lat' dir='ltr'><strong>etiam</strong></span> <span class='ocrx_word' id='word_1_26' title='bbox 631 702 810 776; x_wconf 90' lang='lat' dir='ltr'><strong>occupatur,</strong></span> <span class='ocrx_word' id='word_1_27' title='bbox 844 695 922 758; x_wconf 89' lang='lat' dir='ltr'><strong>ratio</strong></span> <span class='ocrx_word' id='word_1_28' title='bbox 945 694 1021 758; x_wconf 89' lang='lat' dir='ltr'><strong>haec</strong></span> <span class='ocrx_word' id='word_1_29' title='bbox 1044 695 1111 759; x_wconf 92' lang='lat' dir='ltr'><strong>iniri</strong></span> <span class='ocrx_word' id='word_1_30' title='bbox 1133 707 1252 779; x_wconf 87' lang='lat' dir='ltr'><strong>potest,</strong></span> <span class='ocrx_word' id='word_1_31' title='bbox 1282 708 1316 761; x_wconf 91' lang='lat' dir='ltr'><strong>ut</strong></span> <span class='ocrx_word' id='word_1_32' title='bbox 1346 701 1441 780; x_wconf 90' lang='lat' dir='ltr'><strong>primo</strong></span> 
     </span>
     <span class='ocr_line' id='line_1_5' title="bbox 90 779 1443 870; baseline 0.003 -21"><span class='ocrx_word' id='word_1_33' title='bbox 90 787 145 849; x_wconf 94' lang='lat' dir='ltr'><strong>illa</strong></span> <span class='ocrx_word' id='word_1_34' title='bbox 168 779 327 870; x_wconf 79' lang='lat' dir='ltr'><strong>explicem,</strong></span> <span class='ocrx_word' id='word_1_35' title='bbox 362 805 438 866; x_wconf 90' lang='lat' dir='ltr'><strong>quae</strong></span> <span class='ocrx_word' id='word_1_36' title='bbox 466 785 597 848; x_wconf 86' lang='lat' dir='ltr'><strong>naturali</strong></span> <span class='ocrx_word' id='word_1_37' title='bbox 630 785 748 848; x_wconf 90' lang='lat' dir='ltr'><strong>vinculo</strong></span> <span class='ocrx_word' id='word_1_38' title='bbox 773 804 838 847; x_wconf 92' lang='lat' dir='ltr'><strong>cum</strong></span> <span class='ocrx_word' id='word_1_39' title='bbox 861 784 954 847; x_wconf 88' lang='lat' dir='ltr'><strong>stella</strong></span> <span class='ocrx_word' id='word_1_40' title='bbox 975 803 1052 847; x_wconf 85' lang='lat' dir='ltr'><strong>nova</strong></span> <span class='ocrx_word' id='word_1_41' title='bbox 1076 795 1307 865; x_wconf 88' lang='lat' dir='ltr'><strong>connectuntur,</strong></span> <span class='ocrx_word' id='word_1_42' title='bbox 1343 789 1386 851; x_wconf 89' lang='lat' dir='ltr'><strong>sic</strong></span> <span class='ocrx_word' id='word_1_43' title='bbox 1409 798 1443 853; x_wconf 93' lang='grc' dir='ltr'><strong>ιιι</strong></span> 
     </span>
     <span class='ocr_line' id='line_1_6' title="bbox 89 873 1467 957; baseline 0.002 -19"><span class='ocrx_word' id='word_1_44' title='bbox 89 875 128 938; x_wconf 91' lang='lat' dir='ltr'><strong>iis</strong></span> <span class='ocrx_word' id='word_1_45' title='bbox 151 877 243 938; x_wconf 88' lang='lat' dir='ltr'><strong>stella</strong></span> <span class='ocrx_word' id='word_1_46' title='bbox 265 876 313 937; x_wconf 88' lang='lat' dir='ltr'><strong>vel</strong></span> <span class='ocrx_word' id='word_1_47' title='bbox 337 893 429 936; x_wconf 89' lang='lat' dir='ltr'><strong>causa</strong></span> <span class='ocrx_word' id='word_1_48' title='bbox 452 875 500 938; x_wconf 89' lang='lat' dir='ltr'><strong>vel</strong></span> <span class='ocrx_word' id='word_1_49' title='bbox 523 874 640 954; x_wconf 88' lang='lat' dir='ltr'><strong>signum</strong></span> <span class='ocrx_word' id='word_1_50' title='bbox 665 874 769 937; x_wconf 87' lang='lat' dir='ltr'><strong>fuerit:</strong></span> <span class='ocrx_word' id='word_1_51' title='bbox 798 874 929 936; x_wconf 89' lang='lat' dir='ltr'><strong>secundo</strong></span> <span class='ocrx_word' id='word_1_52' title='bbox 957 873 1026 947; x_wconf 87' lang='lat' dir='ltr'><strong>illa,</strong></span> <span class='ocrx_word' id='word_1_53' title='bbox 1050 895 1126 956; x_wconf 91' lang='lat' dir='ltr'><strong>quae</strong></span> <span class='ocrx_word' id='word_1_54' title='bbox 1157 885 1222 940; x_wconf 90' lang='lat' dir='ltr'><strong>arte</strong></span> <span class='ocrx_word' id='word_1_55' title='bbox 1252 875 1443 957; x_wconf 89' lang='lat' dir='ltr'><strong>conjectandi</strong></span> <span class='ocrx_word' id='word_1_56' title='bbox 1464 941 1467 950; x_wconf 83' lang='grc'><em>,</em></span> 
     </span>
     <span class='ocr_line' id='line_1_7' title="bbox 90 963 1444 1046; baseline 0.001 -18"><span class='ocrx_word' id='word_1_57' title='bbox 90 986 146 1046; x_wconf 90' lang='lat' dir='ltr'><strong>per</strong></span> <span class='ocrx_word' id='word_1_58' title='bbox 170 965 308 1044; x_wconf 88' lang='lat' dir='ltr'><strong>exempla</strong></span> <span class='ocrx_word' id='word_1_59' title='bbox 340 964 400 1025; x_wconf 88' lang='lat' dir='ltr'><strong>alia</strong></span> <span class='ocrx_word' id='word_1_60' title='bbox 432 963 627 1044; x_wconf 86' lang='lat' dir='ltr'><strong>comprobata</strong></span> <span class='ocrx_word' id='word_1_61' title='bbox 656 963 733 1026; x_wconf 91' lang='lat' dir='ltr'><strong>citra</strong></span> <span class='ocrx_word' id='word_1_62' title='bbox 764 963 959 1025; x_wconf 85' lang='lat' dir='ltr'><strong>connexionis</strong></span> <span class='ocrx_word' id='word_1_63' title='bbox 992 965 1138 1028; x_wconf 88' lang='lat' dir='ltr'><strong>naturalis</strong></span> <span class='ocrx_word' id='word_1_64' title='bbox 1172 965 1381 1046; x_wconf 78' lang='lat' dir='ltr'><strong>apparentiam</strong></span> <span class='ocrx_word' id='word_1_65' title='bbox 1412 975 1444 1030; x_wconf 93' lang='lat' dir='ltr'><strong>et</strong></span> 
     </span>
     <span class='ocr_line' id='line_1_8' title="bbox 90 1050 1442 1135; baseline 0.001 -19"><span class='ocrx_word' id='word_1_66' title='bbox 90 1054 250 1135; x_wconf 87' lang='lat' dir='ltr'><strong>supposita</strong></span> <span class='ocrx_word' id='word_1_67' title='bbox 273 1052 469 1131; x_wconf 86' lang='lat' dir='ltr'><strong>intelligentis</strong></span> <span class='ocrx_word' id='word_1_68' title='bbox 492 1061 616 1114; x_wconf 88' lang='lat' dir='ltr'><strong>naturae</strong></span> <span class='ocrx_word' id='word_1_69' title='bbox 639 1052 830 1134; x_wconf 90' lang='lat' dir='ltr'><strong>providentia</strong></span> <span class='ocrx_word' id='word_1_70' title='bbox 847 1050 1044 1134; x_wconf 78' lang='lat' dir='ltr'><strong>probabiliter</strong></span> <span class='ocrx_word' id='word_1_71' title='bbox 1064 1054 1123 1117; x_wconf 91' lang='lat' dir='ltr'><strong>dici</strong></span> <span class='ocrx_word' id='word_1_72' title='bbox 1142 1063 1280 1134; x_wconf 85' lang='lat' dir='ltr'><strong>possunt,</strong></span> <span class='ocrx_word' id='word_1_73' title='bbox 1304 1054 1442 1118; x_wconf 88' lang='lat' dir='ltr'><strong>interim·</strong></span> 
     </span>
     <span class='ocr_line' id='line_1_9' title="bbox 90 1141 1442 1226; baseline 0.001 -20"><span class='ocrx_word' id='word_1_74' title='bbox 90 1163 148 1226; x_wconf 93' lang='lat' dir='ltr'><strong>que</strong></span> <span class='ocrx_word' id='word_1_75' title='bbox 173 1151 205 1204; x_wconf 91' lang='lat' dir='ltr'><strong>et</strong></span> <span class='ocrx_word' id='word_1_76' title='bbox 227 1142 373 1224; x_wconf 90' lang='lat' dir='ltr'><strong>quaedam</strong></span> <span class='ocrx_word' id='word_1_77' title='bbox 396 1141 500 1217; x_wconf 91' lang='lat' dir='ltr'><strong>obvia,</strong></span> <span class='ocrx_word' id='word_1_78' title='bbox 535 1161 611 1222; x_wconf 87' lang='lat' dir='ltr'><strong>qnae</strong></span> <span class='ocrx_word' id='word_1_79' title='bbox 644 1142 692 1204; x_wconf 89' lang='lat' dir='ltr'><strong>vel</strong></span> <span class='ocrx_word' id='word_1_80' title='bbox 722 1141 867 1221; x_wconf 78' lang='lat' dir='ltr'><strong>astrologi</strong></span> <span class='ocrx_word' id='word_1_81' title='bbox 890 1141 1105 1222; x_wconf 85' lang='lat' dir='ltr'><strong>praedixerunt</strong></span> <span class='ocrx_word' id='word_1_82' title='bbox 1127 1145 1227 1206; x_wconf 89' lang='lat' dir='ltr'><strong>futura</strong></span> <span class='ocrx_word' id='word_1_83' title='bbox 1252 1143 1299 1206; x_wconf 87' lang='lat' dir='ltr'><strong>vel</strong></span> <span class='ocrx_word' id='word_1_84' title='bbox 1323 1151 1442 1224; x_wconf 86' lang='lat' dir='ltr'><strong>tempus</strong></span> 
     </span>
     <span class='ocr_line' id='line_1_10' title="bbox 90 1231 1444 1314; baseline 0.001 -19"><span class='ocrx_word' id='word_1_85' title='bbox 90 1231 221 1314; x_wconf 89' lang='lat' dir='ltr'><strong>protulit</strong></span> <span class='ocrx_word' id='word_1_86' title='bbox 243 1231 354 1312; x_wconf 88' lang='lat' dir='ltr'><strong>ipsum,</strong></span> <span class='ocrx_word' id='word_1_87' title='bbox 388 1231 426 1292; x_wconf 91' lang='lat' dir='ltr'><strong>ad</strong></span> <span class='ocrx_word' id='word_1_88' title='bbox 459 1231 598 1293; x_wconf 91' lang='lat' dir='ltr'><strong>veritatis</strong></span> <span class='ocrx_word' id='word_1_89' title='bbox 630 1250 764 1294; x_wconf 86' lang='lat' dir='ltr'><strong>normam</strong></span> <span class='ocrx_word' id='word_1_90' title='bbox 798 1251 835 1292; x_wconf 92' lang='lat' dir='ltr'><strong>an</strong></span> <span class='ocrx_word' id='word_1_91' title='bbox 865 1231 997 1312; x_wconf 87' lang='lat' dir='ltr'><strong>legitime</strong></span> <span class='ocrx_word' id='word_1_92' title='bbox 1024 1232 1181 1312; x_wconf 88' lang='lat' dir='ltr'><strong>praedicta</strong></span> <span class='ocrx_word' id='word_1_93' title='bbox 1204 1233 1266 1296; x_wconf 90' lang='lat' dir='ltr'><strong>sint</strong></span> <span class='ocrx_word' id='word_1_94' title='bbox 1289 1240 1321 1295; x_wconf 93' lang='lat' dir='ltr'><strong>et</strong></span> <span class='ocrx_word' id='word_1_95' title='bbox 1344 1254 1383 1296; x_wconf 86' lang='lat' dir='ltr'><strong>an</strong></span> <span class='ocrx_word' id='word_1_96' title='bbox 1406 1234 1444 1296; x_wconf 92' lang='lat' dir='ltr'><strong>ob</strong></span> 
     </span>
     <span class='ocr_line' id='line_1_11' title="bbox 92 1319 717 1395; baseline -0.003 -11"><span class='ocrx_word' id='word_1_97' title='bbox 92 1321 203 1384; x_wconf 88' lang='lat' dir='ltr'><strong>stellae</strong></span> <span class='ocrx_word' id='word_1_98' title='bbox 228 1330 325 1383; x_wconf 88' lang='lat' dir='ltr'><strong>ortum</strong></span> <span class='ocrx_word' id='word_1_99' title='bbox 348 1319 516 1395; x_wconf 85' lang='lat' dir='ltr'><strong>evenerint,</strong></span> <span class='ocrx_word' id='word_1_100' title='bbox 541 1321 717 1382; x_wconf 78' lang='lat' dir='ltr'><strong>examinem.</strong></span> 
     </span>
    </p>

    <p class='ocr_par' dir='ltr' id='par_1_3' title="bbox 40 1407 1444 3182">
     <span class='ocr_line' id='line_1_12' title="bbox 182 1407 1442 1490; baseline -0.001 -17"><span class='ocrx_word' id='word_1_101' title='bbox 182 1409 339 1473; x_wconf 89' lang='lat' dir='ltr'><strong>Naturalis</strong></span> <span class='ocrx_word' id='word_1_102' title='bbox 363 1409 465 1490; x_wconf 91' lang='lat' dir='ltr'><strong>itaque</strong></span> <span class='ocrx_word' id='word_1_103' title='bbox 489 1407 668 1489; x_wconf 88' lang='lat' dir='ltr'><strong>significatio</strong></span> <span class='ocrx_word' id='word_1_104' title='bbox 692 1409 799 1472; x_wconf 91' lang='lat' dir='ltr'><strong>sideris</strong></span> <span class='ocrx_word' id='word_1_105' title='bbox 822 1407 911 1488; x_wconf 89' lang='lat' dir='ltr'><strong>hujus</strong></span> <span class='ocrx_word' id='word_1_106' title='bbox 934 1407 960 1470; x_wconf 90' lang='lat' dir='ltr'><strong>si</strong></span> <span class='ocrx_word' id='word_1_107' title='bbox 983 1408 1045 1470; x_wconf 93' lang='lat' dir='ltr'><strong>ulla</strong></span> <span class='ocrx_word' id='word_1_108' title='bbox 1068 1415 1123 1483; x_wconf 89' lang='lat' dir='ltr'><strong>est,</strong></span> <span class='ocrx_word' id='word_1_109' title='bbox 1148 1407 1201 1473; x_wconf 92' lang='lat' dir='ltr'><strong>illa</strong></span> <span class='ocrx_word' id='word_1_110' title='bbox 1224 1409 1263 1471; x_wconf 88' lang='lat' dir='ltr'><strong>ad</strong></span> <span class='ocrx_word' id='word_1_111' title='bbox 1285 1429 1352 1472; x_wconf 88' lang='lat' dir='ltr'><strong>eum</strong></span> <span class='ocrx_word' id='word_1_112' title='bbox 1374 1430 1442 1473; x_wconf 91' lang='lat' dir='ltr'><strong>mo·</strong></span> 
     </span>
     <span class='ocr_line' id='line_1_13' title="bbox 96 1497 1444 1579; baseline -0.001 -17"><span class='ocrx_word' id='word_1_113' title='bbox 96 1501 168 1562; x_wconf 91' lang='lat' dir='ltr'><strong>dum</strong></span> <span class='ocrx_word' id='word_1_114' title='bbox 193 1499 252 1560; x_wconf 87' lang='lat' dir='ltr'><strong>erit</strong></span> <span class='ocrx_word' id='word_1_115' title='bbox 274 1497 467 1578; x_wconf 82' lang='lat' dir='ltr'><strong>explicanda,</strong></span> <span class='ocrx_word' id='word_1_116' title='bbox 500 1513 557 1578; x_wconf 91' lang='lat' dir='ltr'><strong>quo</strong></span> <span class='ocrx_word' id='word_1_117' title='bbox 589 1518 680 1579; x_wconf 92' lang='lat' dir='ltr'><strong>supra</strong></span> <span class='ocrx_word' id='word_1_118' title='bbox 711 1516 777 1579; x_wconf 87' lang='lat' dir='ltr'><strong>cap.</strong></span> <span class='ocrx_word' id='word_1_119' title='bbox 802 1497 891 1559; x_wconf 88' lang='lat' dir='ltr'><strong>VHl.</strong></span> <span class='ocrx_word' id='word_1_120' title='bbox 917 1506 948 1559; x_wconf 88' lang='lat' dir='ltr'><strong>et</strong></span> <span class='ocrx_word' id='word_1_121' title='bbox 975 1497 1032 1560; x_wconf 90' lang='lat' dir='ltr'><strong>IX.</strong></span> <span class='ocrx_word' id='word_1_122' title='bbox 1066 1515 1137 1558; x_wconf 90' lang='lat' dir='ltr'><strong>usus</strong></span> <span class='ocrx_word' id='word_1_123' title='bbox 1168 1517 1233 1560; x_wconf 90' lang='lat' dir='ltr'><strong>sum</strong></span> <span class='ocrx_word' id='word_1_124' title='bbox 1259 1497 1289 1560; x_wconf 90' lang='lat' dir='ltr'><strong>in</strong></span> <span class='ocrx_word' id='word_1_125' title='bbox 1319 1500 1444 1574; x_wconf 48' lang='lat' dir='ltr'><strong>demon,-</strong></span> 
     </span>
     <span class='ocr_line' id='line_1_14' title="bbox 40 1585 1440 1668; baseline 0.001 -18"><span class='ocrx_word' id='word_1_126' title='bbox 40 1623 43 1630; x_wconf 95' lang='lat'>·</span> <span class='ocrx_word' id='word_1_127' title='bbox 95 1589 223 1666; x_wconf 76' lang='lat' dir='ltr'><strong>stranda</strong></span> <span class='ocrx_word' id='word_1_128' title='bbox 246 1595 422 1668; x_wconf 78' lang='lat' dir='ltr'><strong>aspectuum</strong></span> <span class='ocrx_word' id='word_1_129' title='bbox 447 1587 590 1650; x_wconf 88' lang='lat' dir='ltr'><strong>efficacia.</strong></span> <span class='ocrx_word' id='word_1_130' title='bbox 637 1587 763 1650; x_wconf 88' lang='lat' dir='ltr'><strong>Statuta</strong></span> <span class='ocrx_word' id='word_1_131' title='bbox 795 1595 843 1648; x_wconf 90' lang='lat' dir='ltr'><strong>est</strong></span> <span class='ocrx_word' id='word_1_132' title='bbox 876 1585 954 1648; x_wconf 89' lang='lat' dir='ltr'><strong>enim</strong></span> <span class='ocrx_word' id='word_1_133' title='bbox 984 1587 1079 1648; x_wconf 92' lang='lat' dir='ltr'><strong>omnis</strong></span> <span class='ocrx_word' id='word_1_134' title='bbox 1102 1586 1274 1650; x_wconf 87' lang='lat' dir='ltr'><strong>influentiae</strong></span> <span class='ocrx_word' id='word_1_135' title='bbox 1298 1588 1440 1652; x_wconf 87' lang='lat' dir='ltr'><strong>coelestis</strong></span> 
     </span>
     <span class='ocr_line' id='line_1_15' title="bbox 95 1675 1441 1756; baseline 0.003 -17"><span class='ocrx_word' id='word_1_136' title='bbox 95 1678 193 1740; x_wconf 87' lang='lat' dir='ltr'><strong>forma</strong></span> <span class='ocrx_word' id='word_1_137' title='bbox 216 1697 272 1738; x_wconf 91' lang='lat' dir='ltr'><strong>non</strong></span> <span class='ocrx_word' id='word_1_138' title='bbox 297 1676 327 1740; x_wconf 92' lang='lat' dir='ltr'><strong>in</strong></span> <span class='ocrx_word' id='word_1_139' title='bbox 351 1677 468 1739; x_wconf 91' lang='lat' dir='ltr'><strong>actione</strong></span> <span class='ocrx_word' id='word_1_140' title='bbox 493 1676 568 1738; x_wconf 88' lang='lat' dir='ltr'><strong>coeli</strong></span> <span class='ocrx_word' id='word_1_141' title='bbox 593 1678 729 1756; x_wconf 88' lang='lat' dir='ltr'><strong>(praeter</strong></span> <span class='ocrx_word' id='word_1_142' title='bbox 753 1695 832 1751; x_wconf 88' lang='lat' dir='ltr'><strong>eam,</strong></span> <span class='ocrx_word' id='word_1_143' title='bbox 866 1695 942 1756; x_wconf 87' lang='lat' dir='ltr'><strong>quae</strong></span> <span class='ocrx_word' id='word_1_144' title='bbox 975 1684 1023 1738; x_wconf 91' lang='lat' dir='ltr'><strong>est</strong></span> <span class='ocrx_word' id='word_1_145' title='bbox 1045 1675 1120 1738; x_wconf 92' lang='lat' dir='ltr'><strong>lucis</strong></span> <span class='ocrx_word' id='word_1_146' title='bbox 1143 1677 1182 1738; x_wconf 90' lang='lat' dir='ltr'><strong>ad</strong></span> <span class='ocrx_word' id='word_1_147' title='bbox 1205 1676 1441 1742; x_wconf 79' lang='lat' dir='ltr'><strong>calfaciendum:</strong></span> 
     </span>
     <span class='ocr_line' id='line_1_16' title="bbox 95 1765 1442 1848; baseline 0.001 -20"><span class='ocrx_word' id='word_1_148' title='bbox 95 1787 153 1848; x_wconf 93' lang='lat' dir='ltr'><strong>quo</strong></span> <span class='ocrx_word' id='word_1_149' title='bbox 177 1775 315 1846; x_wconf 87' lang='lat' dir='ltr'><strong>respectu</strong></span> <span class='ocrx_word' id='word_1_150' title='bbox 339 1767 429 1828; x_wconf 90' lang='lat' dir='ltr'><strong>stella</strong></span> <span class='ocrx_word' id='word_1_151' title='bbox 451 1765 527 1827; x_wconf 88' lang='lat' dir='ltr'><strong>haec</strong></span> <span class='ocrx_word' id='word_1_152' title='bbox 550 1767 691 1848; x_wconf 91' lang='lat' dir='ltr'><strong>quamdiu</strong></span> <span class='ocrx_word' id='word_1_153' title='bbox 714 1765 799 1828; x_wconf 91' lang='lat' dir='ltr'><strong>fulsit</strong></span> <span class='ocrx_word' id='word_1_154' title='bbox 822 1765 997 1827; x_wconf 85' lang='lat' dir='ltr'><strong>tantundem</strong></span> <span class='ocrx_word' id='word_1_155' title='bbox 1017 1766 1147 1828; x_wconf 88' lang='lat' dir='ltr'><strong>fortasse</strong></span> <span class='ocrx_word' id='word_1_156' title='bbox 1165 1767 1272 1846; x_wconf 90' lang='lat' dir='ltr'><strong>potuit,</strong></span> <span class='ocrx_word' id='word_1_157' title='bbox 1298 1777 1442 1848; x_wconf 89' lang='lat' dir='ltr'><strong>quantum</strong></span> 
     </span>
     <span class='ocr_line' id='line_1_17' title="bbox 94 1853 1443 1937; baseline 0 -19"><span class='ocrx_word' id='word_1_158' title='bbox 94 1856 171 1918; x_wconf 93' lang='lat' dir='ltr'><strong>duae</strong></span> <span class='ocrx_word' id='word_1_159' title='bbox 194 1857 242 1918; x_wconf 92' lang='lat' dir='ltr'><strong>vel</strong></span> <span class='ocrx_word' id='word_1_160' title='bbox 265 1865 328 1918; x_wconf 91' lang='lat' dir='ltr'><strong>tres</strong></span> <span class='ocrx_word' id='word_1_161' title='bbox 351 1855 427 1917; x_wconf 85' lang='lat' dir='ltr'><strong>lixae</strong></span> <span class='ocrx_word' id='word_1_162' title='bbox 451 1855 546 1930; x_wconf 88' lang='lat' dir='ltr'><strong>initio,</strong></span> <span class='ocrx_word' id='word_1_163' title='bbox 571 1864 642 1937; x_wconf 88' lang='lat' dir='ltr'><strong>post</strong></span> <span class='ocrx_word' id='word_1_164' title='bbox 665 1855 770 1930; x_wconf 89' lang='lat' dir='ltr'><strong>minus,</strong></span> <span class='ocrx_word' id='word_1_165' title='bbox 797 1853 941 1936; x_wconf 86' lang='lat' dir='ltr'><strong>qualitate</strong></span> <span class='ocrx_word' id='word_1_166' title='bbox 964 1873 1035 1916; x_wconf 89' lang='lat' dir='ltr'><strong>vero</strong></span> <span class='ocrx_word' id='word_1_167' title='bbox 1060 1853 1223 1920; x_wconf 86' lang='lat' dir='ltr'><strong>Caniculae</strong></span> <span class='ocrx_word' id='word_1_168' title='bbox 1247 1863 1300 1917; x_wconf 90' lang='lat' dir='ltr'><strong>aut</strong></span> <span class='ocrx_word' id='word_1_169' title='bbox 1323 1855 1443 1918; x_wconf 91' lang='lat' dir='ltr'><strong>humero</strong></span> 
     </span>
     <span class='ocr_line' id='line_1_18' title="bbox 97 1943 1441 2024; baseline 0.001 -18"><span class='ocrx_word' id='word_1_170' title='bbox 97 1943 218 2006; x_wconf 86' lang='lat' dir='ltr'><strong>Orionis</strong></span> <span class='ocrx_word' id='word_1_171' title='bbox 242 1953 295 2006; x_wconf 89' lang='lat' dir='ltr'><strong>aut</strong></span> <span class='ocrx_word' id='word_1_172' title='bbox 307 1945 448 2021; x_wconf 88' lang='lat' dir='ltr'><strong>Arcturo,</strong></span> <span class='ocrx_word' id='word_1_173' title='bbox 472 1952 525 2008; x_wconf 89' lang='lat' dir='ltr'><strong>aut</strong></span> <span class='ocrx_word' id='word_1_174' title='bbox 547 1944 625 2007; x_wconf 91' lang='lat' dir='ltr'><strong>inter</strong></span> <span class='ocrx_word' id='word_1_175' title='bbox 647 1945 786 2024; x_wconf 89' lang='lat' dir='ltr'><strong>planetas</strong></span> <span class='ocrx_word' id='word_1_176' title='bbox 809 1944 879 2006; x_wconf 89' lang='lat' dir='ltr'><strong>Jovi</strong></span> <span class='ocrx_word' id='word_1_177' title='bbox 897 1950 928 2004; x_wconf 90' lang='lat' dir='ltr'><strong>et</strong></span> <span class='ocrx_word' id='word_1_178' title='bbox 944 1943 1037 2005; x_wconf 87' lang='lat' dir='ltr'><strong>Marti</strong></span> <span class='ocrx_word' id='word_1_179' title='bbox 1060 1945 1116 2006; x_wconf 92' lang='lat' dir='ltr'><strong>fuit</strong></span> <span class='ocrx_word' id='word_1_180' title='bbox 1139 1944 1317 2018; x_wconf 88' lang='lat' dir='ltr'><strong>assimilata,</strong></span> <span class='ocrx_word' id='word_1_181' title='bbox 1342 1946 1441 2008; x_wconf 90' lang='lat' dir='ltr'><strong>colore</strong></span> 
     </span>
     <span class='ocr_line' id='line_1_19' title="bbox 98 2031 1443 2114; baseline 0.001 -18"><span class='ocrx_word' id='word_1_182' title='bbox 98 2033 221 2108; x_wconf 90' lang='lat' dir='ltr'><strong>indice),</strong></span> <span class='ocrx_word' id='word_1_183' title='bbox 245 2033 351 2096; x_wconf 89' lang='lat' dir='ltr'><strong>sedin</strong></span> <span class='ocrx_word' id='word_1_184' title='bbox 375 2034 544 2114; x_wconf 87' lang='lat' dir='ltr'><strong>receptione</strong></span> <span class='ocrx_word' id='word_1_185' title='bbox 568 2042 600 2095; x_wconf 91' lang='lat' dir='ltr'><strong>et</strong></span> <span class='ocrx_word' id='word_1_186' title='bbox 623 2033 666 2096; x_wconf 88' lang='lat' dir='ltr'><strong>sic</strong></span> <span class='ocrx_word' id='word_1_187' title='bbox 680 2033 709 2096; x_wconf 93' lang='lat' dir='ltr'><strong>iu</strong></span> <span class='ocrx_word' id='word_1_188' title='bbox 724 2031 864 2114; x_wconf 87' lang='lat' dir='ltr'><strong>passione</strong></span> <span class='ocrx_word' id='word_1_189' title='bbox 880 2039 1004 2094; x_wconf 86' lang='lat' dir='ltr'><strong>naturae</strong></span> <span class='ocrx_word' id='word_1_190' title='bbox 1019 2032 1198 2108; x_wconf 91' lang='lat' dir='ltr'><strong>sublunaris,</strong></span> <span class='ocrx_word' id='word_1_191' title='bbox 1223 2052 1298 2114; x_wconf 88' lang='lat' dir='ltr'><strong>quae</strong></span> <span class='ocrx_word' id='word_1_192' title='bbox 1322 2033 1370 2095; x_wconf 91' lang='lat' dir='ltr'><strong>vel</strong></span> <span class='ocrx_word' id='word_1_193' title='bbox 1394 2042 1443 2098; x_wconf 87' lang='lat' dir='ltr'><strong>est</strong></span> 
     </span>
     <span class='ocr_line' id='line_1_20' title="bbox 99 2121 1440 2208; baseline 0 -24"><span class='ocrx_word' id='word_1_194' title='bbox 99 2123 247 2185; x_wconf 87' lang='lat' dir='ltr'><strong>sensitiva</strong></span> <span class='ocrx_word' id='word_1_195' title='bbox 268 2123 316 2184; x_wconf 91' lang='lat' dir='ltr'><strong>vel</strong></span> <span class='ocrx_word' id='word_1_196' title='bbox 340 2123 502 2186; x_wconf 88' lang='lat' dir='ltr'><strong>sensitivae</strong></span> <span class='ocrx_word' id='word_1_197' title='bbox 518 2122 677 2185; x_wconf 85' lang='lat' dir='ltr'><strong>simillima</strong></span> <span class='ocrx_word' id='word_1_198' title='bbox 714 2121 836 2208; x_wconf 32' lang='lat' dir='ltr'><strong>Animis·</strong></span> <span class='ocrx_word' id='word_1_199' title='bbox 848 2121 956 2202; x_wconf 92' lang='lat' dir='ltr'><strong>quippe</strong></span> <span class='ocrx_word' id='word_1_200' title='bbox 971 2131 1002 2183; x_wconf 93' lang='lat' dir='ltr'><strong>et</strong></span> <span class='ocrx_word' id='word_1_201' title='bbox 1016 2121 1210 2184; x_wconf 88' lang='lat' dir='ltr'><strong>facultatibus</strong></span> <span class='ocrx_word' id='word_1_202' title='bbox 1225 2141 1322 2184; x_wconf 93' lang='lat' dir='ltr'><strong>rerum</strong></span> <span class='ocrx_word' id='word_1_203' title='bbox 1336 2123 1440 2185; x_wconf 89' lang='lat' dir='ltr'><strong>sublu-</strong></span> 
     </span>
     <span class='ocr_line' id='line_1_21' title="bbox 95 2210 1440 2292; baseline 0.001 -19"><span class='ocrx_word' id='word_1_204' title='bbox 95 2213 211 2274; x_wconf 89' lang='lat' dir='ltr'><strong>narium</strong></span> <span class='ocrx_word' id='word_1_205' title='bbox 234 2212 372 2292; x_wconf 89' lang='lat' dir='ltr'><strong>cognatio</strong></span> <span class='ocrx_word' id='word_1_206' title='bbox 396 2212 556 2274; x_wconf 88' lang='lat' dir='ltr'><strong>intercedit</strong></span> <span class='ocrx_word' id='word_1_207' title='bbox 579 2210 776 2275; x_wconf 73' lang='lat' dir='ltr'><strong>cum&#39;uatura</strong></span> <span class='ocrx_word' id='word_1_208' title='bbox 800 2211 889 2286; x_wconf 90' lang='lat' dir='ltr'><strong>coeli;</strong></span> <span class='ocrx_word' id='word_1_209' title='bbox 914 2229 1007 2290; x_wconf 89' lang='lat' dir='ltr'><strong>eaque</strong></span> <span class='ocrx_word' id='word_1_210' title='bbox 1032 2211 1158 2291; x_wconf 85' lang='lat' dir='ltr'><strong>triplex,</strong></span> <span class='ocrx_word' id='word_1_211' title='bbox 1188 2211 1312 2288; x_wconf 90' lang='lat' dir='ltr'><strong>caloris,</strong></span> <span class='ocrx_word' id='word_1_212' title='bbox 1343 2219 1440 2274; x_wconf 91' lang='lat' dir='ltr'><strong>motus</strong></span> 
     </span>
     <span class='ocr_line' id='line_1_22' title="bbox 95 2299 1439 2370; baseline 0.001 -8"><span class='ocrx_word' id='word_1_213' title='bbox 95 2309 127 2364; x_wconf 93' lang='lat' dir='ltr'><strong>et</strong></span> <span class='ocrx_word' id='word_1_214' title='bbox 149 2300 285 2364; x_wconf 89' lang='lat' dir='ltr'><strong>rationis.</strong></span> <span class='ocrx_word' id='word_1_215' title='bbox 331 2301 463 2364; x_wconf 89' lang='lat' dir='ltr'><strong>Primum</strong></span> <span class='ocrx_word' id='word_1_216' title='bbox 487 2301 563 2363; x_wconf 91' lang='lat' dir='ltr'><strong>enirn</strong></span> <span class='ocrx_word' id='word_1_217' title='bbox 596 2303 645 2364; x_wconf 87' lang='lat' dir='ltr'><strong>lux</strong></span> <span class='ocrx_word' id='word_1_218' title='bbox 673 2302 824 2363; x_wconf 90' lang='lat' dir='ltr'><strong>coelorum</strong></span> <span class='ocrx_word' id='word_1_219' title='bbox 856 2307 903 2361; x_wconf 91' lang='lat' dir='ltr'><strong>est</strong></span> <span class='ocrx_word' id='word_1_220' title='bbox 934 2300 1043 2362; x_wconf 90' lang='lat' dir='ltr'><strong>caloris</strong></span> <span class='ocrx_word' id='word_1_221' title='bbox 1076 2299 1224 2370; x_wconf 84' lang='lat' dir='ltr'><strong>effectrix,</strong></span> <span class='ocrx_word' id='word_1_222' title='bbox 1258 2308 1290 2362; x_wconf 86' lang='lat' dir='ltr'><strong>et</strong></span> <span class='ocrx_word' id='word_1_223' title='bbox 1322 2300 1439 2364; x_wconf 85' lang='lat' dir='ltr'><strong>animae</strong></span> 
     </span>
     <span class='ocr_line' id='line_1_23' title="bbox 95 2388 1440 2472; baseline 0.001 -21"><span class='ocrx_word' id='word_1_224' title='bbox 95 2390 309 2472; x_wconf 84' lang='lat' dir='ltr'><strong>facultatisque</strong></span> <span class='ocrx_word' id='word_1_225' title='bbox 331 2409 428 2452; x_wconf 91' lang='lat' dir='ltr'><strong>rernm</strong></span> <span class='ocrx_word' id='word_1_226' title='bbox 452 2389 666 2469; x_wconf 81' lang='lat' dir='ltr'><strong>vegetabilium</strong></span> <span class='ocrx_word' id='word_1_227' title='bbox 688 2410 773 2452; x_wconf 90' lang='lat' dir='ltr'><strong>sunm</strong></span> <span class='ocrx_word' id='word_1_228' title='bbox 804 2407 936 2470; x_wconf 89' lang='lat' dir='ltr'><strong>quaeque</strong></span> <span class='ocrx_word' id='word_1_229' title='bbox 967 2388 1096 2451; x_wconf 86' lang='lat' dir='ltr'><strong>calorem</strong></span> <span class='ocrx_word' id='word_1_230' title='bbox 1128 2390 1157 2451; x_wconf 92' lang='lat' dir='ltr'><strong>io</strong></span> <span class='ocrx_word' id='word_1_231' title='bbox 1190 2408 1327 2469; x_wconf 88' lang='lat' dir='ltr'><strong>corpore,</strong></span> <span class='ocrx_word' id='word_1_232' title='bbox 1361 2392 1440 2470; x_wconf 87' lang='lat' dir='ltr'><strong>quod</strong></span> 
     </span>
     <span class='ocr_line' id='line_1_24' title="bbox 95 2475 1442 2559; baseline 0.002 -20"><span class='ocrx_word' id='word_1_233' title='bbox 95 2479 273 2555; x_wconf 86' lang='lat' dir='ltr'><strong>informant,</strong></span> <span class='ocrx_word' id='word_1_234' title='bbox 306 2480 439 2542; x_wconf 87' lang='lat' dir='ltr'><strong>excitant</strong></span> <span class='ocrx_word' id='word_1_235' title='bbox 469 2499 592 2559; x_wconf 91' lang='lat' dir='ltr'><strong>eumque</strong></span> <span class='ocrx_word' id='word_1_236' title='bbox 619 2498 674 2559; x_wconf 91' lang='lat' dir='ltr'><strong>pro</strong></span> <span class='ocrx_word' id='word_1_237' title='bbox 697 2479 810 2540; x_wconf 91' lang='lat' dir='ltr'><strong>viribus</strong></span> <span class='ocrx_word' id='word_1_238' title='bbox 842 2484 972 2539; x_wconf 87' lang='lat' dir='ltr'><strong>tuentur.</strong></span> <span class='ocrx_word' id='word_1_239' title='bbox 1020 2477 1072 2540; x_wconf 87' lang='lat' dir='ltr'><strong>Sic</strong></span> <span class='ocrx_word' id='word_1_240' title='bbox 1096 2477 1193 2539; x_wconf 89' lang='lat' dir='ltr'><strong>stellis</strong></span> <span class='ocrx_word' id='word_1_241' title='bbox 1218 2478 1339 2540; x_wconf 85' lang='lat' dir='ltr'><strong>additae</strong></span> <span class='ocrx_word' id='word_1_242' title='bbox 1372 2475 1442 2542; x_wconf 81' lang='lat' dir='ltr'><strong>suu&#39;t</strong></span> 
     </span>
     <span class='ocr_line' id='line_1_25' title="bbox 95 2565 1438 2649; baseline 0.001 -21"><span class='ocrx_word' id='word_1_243' title='bbox 95 2568 266 2642; x_wconf 80' lang='lat' dir='ltr'><strong>facultates,</strong></span> <span class='ocrx_word' id='word_1_244' title='bbox 291 2589 366 2649; x_wconf 91' lang='lat' dir='ltr'><strong>quae</strong></span> <span class='ocrx_word' id='word_1_245' title='bbox 390 2567 458 2630; x_wconf 89' lang='lat' dir='ltr'><strong>illas</strong></span> <span class='ocrx_word' id='word_1_246' title='bbox 482 2575 612 2640; x_wconf 91' lang='lat' dir='ltr'><strong>movent,</strong></span> <span class='ocrx_word' id='word_1_247' title='bbox 636 2567 847 2646; x_wconf 87' lang='lat' dir='ltr'><strong>utplurimum</strong></span> <span class='ocrx_word' id='word_1_248' title='bbox 872 2565 989 2646; x_wconf 92' lang='lat' dir='ltr'><strong>quidem</strong></span> <span class='ocrx_word' id='word_1_249' title='bbox 1013 2565 1184 2628; x_wconf 87' lang='lat' dir='ltr'><strong>materiales</strong></span> <span class='ocrx_word' id='word_1_250' title='bbox 1208 2586 1260 2628; x_wconf 88' lang='lat' dir='ltr'><strong>seu</strong></span> <span class='ocrx_word' id='word_1_251' title='bbox 1284 2575 1438 2630; x_wconf 87' lang='lat' dir='ltr'><strong>oum&#39;cor-</strong></span> 
     </span>
     <span class='ocr_line' id='line_1_26' title="bbox 92 2653 1438 2736; baseline 0.001 -19"><span class='ocrx_word' id='word_1_252' title='bbox 92 2675 165 2734; x_wconf 90' lang='lat' dir='ltr'><strong>pore</strong></span> <span class='ocrx_word' id='word_1_253' title='bbox 190 2657 344 2730; x_wconf 87' lang='lat' dir='ltr'><strong>dividuae,</strong></span> <span class='ocrx_word' id='word_1_254' title='bbox 369 2667 430 2718; x_wconf 86' lang='lat' dir='ltr'><strong>tam</strong></span> <span class='ocrx_word' id='word_1_255' title='bbox 453 2655 562 2718; x_wconf 89' lang='lat' dir='ltr'><strong>insitae</strong></span> <span class='ocrx_word' id='word_1_256' title='bbox 586 2675 674 2735; x_wconf 88' lang='lat' dir='ltr'><strong>quam</strong></span> <span class='ocrx_word' id='word_1_257' title='bbox 697 2655 881 2717; x_wconf 90' lang='lat' dir='ltr'><strong>adventitiae</strong></span> <span class='ocrx_word' id='word_1_258' title='bbox 905 2655 1017 2734; x_wconf 91' lang='lat' dir='ltr'><strong>(qualis</strong></span> <span class='ocrx_word' id='word_1_259' title='bbox 1041 2653 1159 2736; x_wconf 89' lang='lat' dir='ltr'><strong>quidem</strong></span> <span class='ocrx_word' id='word_1_260' title='bbox 1187 2653 1236 2715; x_wconf 92' lang='lat' dir='ltr'><strong>hic</strong></span> <span class='ocrx_word' id='word_1_261' title='bbox 1267 2674 1360 2735; x_wconf 90' lang='lat' dir='ltr'><strong>penes</strong></span> <span class='ocrx_word' id='word_1_262' title='bbox 1384 2675 1438 2719; x_wconf 89' lang='lat' dir='ltr'><strong>uos</strong></span> 
     </span>
     <span class='ocr_line' id='line_1_27' title="bbox 93 2741 1440 2830; baseline 0.002 -26"><span class='ocrx_word' id='word_1_263' title='bbox 93 2755 143 2830; x_wconf 85' lang='lat' dir='ltr'><strong>est</strong></span> <span class='ocrx_word' id='word_1_264' title='bbox 165 2745 362 2826; x_wconf 85' lang='lat' dir='ltr'><strong>magnetica),</strong></span> <span class='ocrx_word' id='word_1_265' title='bbox 385 2745 439 2806; x_wconf 91' lang='lat' dir='ltr'><strong>sed</strong></span> <span class='ocrx_word' id='word_1_266' title='bbox 464 2754 563 2807; x_wconf 88' lang='lat' dir='ltr'><strong>tamen</strong></span> <span class='ocrx_word' id='word_1_267' title='bbox 588 2743 678 2805; x_wconf 91' lang='lat' dir='ltr'><strong>etiam</strong></span> <span class='ocrx_word' id='word_1_268' title='bbox 703 2742 869 2806; x_wconf 81' lang='lat' dir='ltr'><strong>animales:¹</strong></span> <span class='ocrx_word' id='word_1_269' title='bbox 886 2751 917 2804; x_wconf 89' lang='lat' dir='ltr'><strong>et</strong></span> <span class='ocrx_word' id='word_1_270' title='bbox 939 2742 988 2805; x_wconf 93' lang='lat' dir='ltr'><strong>hic</strong></span> <span class='ocrx_word' id='word_1_271' title='bbox 1004 2763 1118 2826; x_wconf 92' lang='lat' dir='ltr'><strong>quoque</strong></span> <span class='ocrx_word' id='word_1_272' title='bbox 1135 2741 1164 2803; x_wconf 92' lang='lat' dir='ltr'><strong>in</strong></span> <span class='ocrx_word' id='word_1_273' title='bbox 1179 2743 1280 2805; x_wconf 87' lang='lat' dir='ltr'><strong>Terris</strong></span> <span class='ocrx_word' id='word_1_274' title='bbox 1304 2742 1440 2807; x_wconf 91' lang='lat' dir='ltr'><strong>similiter</strong></span> 
     </span>
     <span class='ocr_line' id='line_1_28' title="bbox 91 2827 1439 2914; baseline 0.003 -21"><span class='ocrx_word' id='word_1_275' title='bbox 91 2833 215 2896; x_wconf 90' lang='lat' dir='ltr'><strong>animae</strong></span> <span class='ocrx_word' id='word_1_276' title='bbox 239 2833 459 2914; x_wconf 86' lang='lat' dir='ltr'><strong>facultatesque</strong></span> <span class='ocrx_word' id='word_1_277' title='bbox 483 2851 579 2896; x_wconf 86' lang='lat' dir='ltr'><strong>rerum</strong></span> <span class='ocrx_word' id='word_1_278' title='bbox 601 2833 815 2912; x_wconf 89' lang='lat' dir='ltr'><strong>vegetabilium</strong></span> <span class='ocrx_word' id='word_1_279' title='bbox 838 2831 1010 2912; x_wconf 90' lang='lat' dir='ltr'><strong>corporibus</strong></span> <span class='ocrx_word' id='word_1_280' title='bbox 1037 2827 1098 2894; x_wconf 90' lang='lat' dir='ltr'><strong>suis</strong></span> <span class='ocrx_word' id='word_1_281' title='bbox 1128 2831 1230 2894; x_wconf 90' lang='lat' dir='ltr'><strong>ineunt</strong></span> <span class='ocrx_word' id='word_1_282' title='bbox 1260 2833 1342 2895; x_wconf 86' lang='lat' dir='ltr'><strong>vitae</strong></span> <span class='ocrx_word' id='word_1_283' title='bbox 1372 2853 1439 2897; x_wconf 91' lang='lat' dir='ltr'><strong>mo-</strong></span> 
     </span>
     <span class='ocr_line' id='line_1_29' title="bbox 89 2919 1440 3002; baseline 0.002 -20"><span class='ocrx_word' id='word_1_284' title='bbox 89 2930 201 3002; x_wconf 89' lang='lat' dir='ltr'><strong>tusque</strong></span> <span class='ocrx_word' id='word_1_285' title='bbox 225 2941 325 2984; x_wconf 87' lang='lat' dir='ltr'><strong>causa.</strong></span> <span class='ocrx_word' id='word_1_286' title='bbox 372 2921 506 3002; x_wconf 89' lang='lat' dir='ltr'><strong>Denique</strong></span> <span class='ocrx_word' id='word_1_287' title='bbox 529 2930 563 2985; x_wconf 91' lang='lat' dir='ltr'><strong>ut</strong></span> <span class='ocrx_word' id='word_1_288' title='bbox 586 2923 748 2985; x_wconf 89' lang='lat' dir='ltr'><strong>facultates</strong></span> <span class='ocrx_word' id='word_1_289' title='bbox 771 2922 841 2984; x_wconf 89' lang='lat' dir='ltr'><strong>illae</strong></span> <span class='ocrx_word' id='word_1_290' title='bbox 870 2923 1024 2984; x_wconf 89' lang='lat' dir='ltr'><strong>stellarum</strong></span> <span class='ocrx_word' id='word_1_291' title='bbox 1055 2919 1196 2984; x_wconf 88' lang='lat' dir='ltr'><strong>motrioes</strong></span> <span class='ocrx_word' id='word_1_292' title='bbox 1226 2929 1297 2983; x_wconf 90' lang='lat' dir='ltr'><strong>suot</strong></span> <span class='ocrx_word' id='word_1_293' title='bbox 1327 2923 1440 2985; x_wconf 82' lang='lat' dir='ltr'><strong>mentis‘</strong></span> 
     </span>
     <span class='ocr_line' id='line_1_30' title="bbox 88 3009 1439 3094; baseline 0.001 -21"><span class='ocrx_word' id='word_1_294' title='bbox 88 3012 313 3092; x_wconf 89' lang='lat' dir='ltr'><strong>quodammodo</strong></span> <span class='ocrx_word' id='word_1_295' title='bbox 337 3011 513 3091; x_wconf 91' lang='lat' dir='ltr'><strong>participes,</strong></span> <span class='ocrx_word' id='word_1_296' title='bbox 543 3020 576 3072; x_wconf 91' lang='lat' dir='ltr'><strong>ut</strong></span> <span class='ocrx_word' id='word_1_297' title='bbox 598 3030 683 3072; x_wconf 88' lang='lat' dir='ltr'><strong>suurn</strong></span> <span class='ocrx_word' id='word_1_298' title='bbox 706 3011 766 3073; x_wconf 89' lang='lat' dir='ltr'><strong>iter</strong></span> <span class='ocrx_word' id='word_1_299' title='bbox 786 3011 873 3094; x_wconf 89' lang='lat' dir='ltr'><strong>qnasi</strong></span> <span class='ocrx_word' id='word_1_300' title='bbox 896 3009 1084 3090; x_wconf 88' lang='lat' dir='ltr'><strong>intelligant,</strong></span> <span class='ocrx_word' id='word_1_301' title='bbox 1108 3009 1320 3089; x_wconf 90' lang='lat' dir='ltr'><strong>imaginentur,</strong></span> <span class='ocrx_word' id='word_1_302' title='bbox 1345 3012 1439 3074; x_wconf 88' lang='lat' dir='ltr'><strong>aflec-</strong></span> 
     </span>
     <span class='ocr_line' id='line_1_31' title="bbox 88 3099 1439 3182; baseline 0.001 -20"><span class='ocrx_word' id='word_1_303' title='bbox 88 3109 176 3174; x_wconf 83' lang='lat' dir='ltr'><strong>tent,</strong></span> <span class='ocrx_word' id='word_1_304' title='bbox 198 3121 257 3162; x_wconf 91' lang='lat' dir='ltr'><strong>uon</strong></span> <span class='ocrx_word' id='word_1_305' title='bbox 281 3100 487 3162; x_wconf 89' lang='lat' dir='ltr'><strong>ratiocinando</strong></span> <span class='ocrx_word' id='word_1_306' title='bbox 510 3099 636 3182; x_wconf 90' lang='lat' dir='ltr'><strong>quidem,</strong></span> <span class='ocrx_word' id='word_1_307' title='bbox 661 3109 694 3161; x_wconf 93' lang='lat' dir='ltr'><strong>nt</strong></span> <span class='ocrx_word' id='word_1_308' title='bbox 716 3119 770 3162; x_wconf 91' lang='lat' dir='ltr'><strong>uos</strong></span> <span class='ocrx_word' id='word_1_309' title='bbox 794 3100 939 3173; x_wconf 89' lang='lat' dir='ltr'><strong>homines,</strong></span> <span class='ocrx_word' id='word_1_310' title='bbox 968 3102 1021 3162; x_wconf 92' lang='lat' dir='ltr'><strong>sed</strong></span> <span class='ocrx_word' id='word_1_311' title='bbox 1044 3100 1178 3178; x_wconf 88' lang='lat' dir='ltr'><strong>ingenita</strong></span> <span class='ocrx_word' id='word_1_312' title='bbox 1202 3099 1230 3160; x_wconf 88' lang='lat' dir='ltr'><strong>vi</strong></span> <span class='ocrx_word' id='word_1_313' title='bbox 1254 3109 1285 3162; x_wconf 91' lang='lat' dir='ltr'><strong>et</strong></span> <span class='ocrx_word' id='word_1_314' title='bbox 1308 3101 1439 3181; x_wconf 90' lang='lat' dir='ltr'><strong>quaein</strong></span> 
     </span>
    </p>
   </div>
   <div class='ocr_carea' id='block_1_3' title="bbox 86 3187 1582 3270">
    <p class='ocr_par' dir='ltr' id='par_1_4' title="bbox 86 3187 1582 3270">
     <span class='ocr_line' id='line_1_32' title="bbox 86 3187 1582 3270; baseline 0 -18"><span class='ocrx_word' id='word_1_315' title='bbox 86 3189 192 3270; x_wconf 83' lang='lat' dir='ltr'><strong>prima</strong></span> <span class='ocrx_word' id='word_1_316' title='bbox 214 3189 364 3252; x_wconf 88' lang='lat' dir='ltr'><strong>creatione</strong></span> <span class='ocrx_word' id='word_1_317' title='bbox 389 3188 463 3269; x_wconf 87' lang='lat' dir='ltr'><strong>ipsis</strong></span> <span class='ocrx_word' id='word_1_318' title='bbox 487 3198 534 3250; x_wconf 90' lang='lat' dir='ltr'><strong>est</strong></span> <span class='ocrx_word' id='word_1_319' title='bbox 556 3189 712 3251; x_wconf 90' lang='lat' dir='ltr'><strong>instincta:</strong></span> <span class='ocrx_word' id='word_1_320' title='bbox 738 3189 782 3251; x_wconf 91' lang='lat' dir='ltr'><strong>sic</strong></span> <span class='ocrx_word' id='word_1_321' title='bbox 806 3189 967 3252; x_wconf 89' lang='lat' dir='ltr'><strong>facultates</strong></span> <span class='ocrx_word' id='word_1_322' title='bbox 987 3187 1131 3250; x_wconf 88' lang='lat' dir='ltr'><strong>animales</strong></span> <span class='ocrx_word' id='word_1_323' title='bbox 1145 3207 1241 3250; x_wconf 93' lang='lat' dir='ltr'><strong>rerum</strong></span> <span class='ocrx_word' id='word_1_324' title='bbox 1257 3189 1438 3252; x_wconf 89' lang='lat' dir='ltr'><strong>naturalium</strong></span> <span class='ocrx_word' id='word_1_325' title='bbox 1460 3259 1466 3268; x_wconf 52' lang='grc'>,</span> <span class='ocrx_word' id='word_1_326' title='bbox 1578 3223 1582 3230; x_wconf 87' lang='grc'><em>·</em></span> 
     </span>
    </p>
   </div>
   <div class='ocr_carea' id='block_1_4' title="bbox 93 3277 1531 3818">
    <p class='ocr_par' dir='ltr' id='par_1_5' title="bbox 93 3277 1531 3818">
     <span class='ocr_line' id='line_1_33' title="bbox 93 3277 1441 3361; baseline 0 -21"><span class='ocrx_word' id='word_1_327' title='bbox 93 3277 235 3341; x_wconf 90' lang='lat' dir='ltr'><strong>obtinent</strong></span> <span class='ocrx_word' id='word_1_328' title='bbox 257 3279 404 3360; x_wconf 91' lang='lat' dir='ltr'><strong>quendam</strong></span> <span class='ocrx_word' id='word_1_329' title='bbox 426 3279 611 3342; x_wconf 89' lang='lat' dir='ltr'><strong>intellectum</strong></span> <span class='ocrx_word' id='word_1_330' title='bbox 634 3277 700 3340; x_wconf 88' lang='lat' dir='ltr'><strong>linis</strong></span> <span class='ocrx_word' id='word_1_331' title='bbox 724 3279 770 3342; x_wconf 90' lang='lat' dir='ltr'><strong>sui</strong></span> <span class='ocrx_word' id='word_1_332' title='bbox 794 3279 873 3353; x_wconf 89' lang='lat' dir='ltr'><strong>(sine</strong></span> <span class='ocrx_word' id='word_1_333' title='bbox 892 3277 1008 3358; x_wconf 87' lang='lat' dir='ltr'><strong>quidem</strong></span> <span class='ocrx_word' id='word_1_334' title='bbox 1027 3277 1280 3354; x_wconf 88' lang='lat' dir='ltr'><strong>ratiocinatione),</strong></span> <span class='ocrx_word' id='word_1_335' title='bbox 1303 3279 1332 3340; x_wconf 93' lang='lat' dir='ltr'><strong>iu</strong></span> <span class='ocrx_word' id='word_1_336' title='bbox 1353 3298 1441 3361; x_wconf 82' lang='lat' dir='ltr'><strong>quern</strong></span> 
     </span>
     <span class='ocr_line' id='line_1_34' title="bbox 95 3367 1439 3451; baseline 0 -21"><span class='ocrx_word' id='word_1_337' title='bbox 95 3388 198 3430; x_wconf 93' lang='lat' dir='ltr'><strong>omnes</strong></span> <span class='ocrx_word' id='word_1_338' title='bbox 222 3388 293 3430; x_wconf 86' lang='lat' dir='ltr'><strong>suas</strong></span> <span class='ocrx_word' id='word_1_339' title='bbox 317 3368 452 3431; x_wconf 92' lang='lat' dir='ltr'><strong>actiones</strong></span> <span class='ocrx_word' id='word_1_340' title='bbox 477 3368 615 3451; x_wconf 90' lang='lat' dir='ltr'><strong>dirigunt.</strong></span> <span class='ocrx_word' id='word_1_341' title='bbox 662 3367 762 3430; x_wconf 87' lang='lat' dir='ltr'><strong>Tanta</strong></span> <span class='ocrx_word' id='word_1_342' title='bbox 785 3387 850 3430; x_wconf 90' lang='lat' dir='ltr'><strong>cum</strong></span> <span class='ocrx_word' id='word_1_343' title='bbox 873 3367 913 3430; x_wconf 89' lang='lat' dir='ltr'><strong>sit</strong></span> <span class='ocrx_word' id='word_1_344' title='bbox 938 3367 1093 3447; x_wconf 87' lang='lat' dir='ltr'><strong>cognatio,</strong></span> <span class='ocrx_word' id='word_1_345' title='bbox 1126 3367 1199 3428; x_wconf 92' lang='lat' dir='ltr'><strong>nihil</strong></span> <span class='ocrx_word' id='word_1_346' title='bbox 1231 3367 1357 3447; x_wconf 89' lang='lat' dir='ltr'><strong>amplius</strong></span> <span class='ocrx_word' id='word_1_347' title='bbox 1390 3375 1439 3430; x_wconf 92' lang='lat' dir='ltr'><strong>est</strong></span> 
     </span>
     <span class='ocr_line' id='line_1_35' title="bbox 96 3455 1438 3536; baseline 0 -18"><span class='ocrx_word' id='word_1_348' title='bbox 96 3477 148 3520; x_wconf 91' lang='lat' dir='ltr'><strong>cur</strong></span> <span class='ocrx_word' id='word_1_349' title='bbox 172 3457 288 3521; x_wconf 88' lang='lat' dir='ltr'><strong>mireris</strong></span> <span class='ocrx_word' id='word_1_350' title='bbox 317 3477 383 3520; x_wconf 90' lang='lat' dir='ltr'><strong>eam</strong></span> <span class='ocrx_word' id='word_1_351' title='bbox 406 3461 596 3536; x_wconf 74' lang='lat' dir='ltr'><strong>capradosso</strong></span> <span class='ocrx_word' id='word_1_352' title='bbox 622 3457 701 3520; x_wconf 89' lang='lat' dir='ltr'><strong>iuter</strong></span> <span class='ocrx_word' id='word_1_353' title='bbox 733 3457 882 3520; x_wconf 88' lang='lat' dir='ltr'><strong>coelorum</strong></span> <span class='ocrx_word' id='word_1_354' title='bbox 909 3465 1008 3518; x_wconf 91' lang='lat' dir='ltr'><strong>motus</strong></span> <span class='ocrx_word' id='word_1_355' title='bbox 1037 3465 1069 3518; x_wconf 89' lang='lat' dir='ltr'><strong>et</strong></span> <span class='ocrx_word' id='word_1_356' title='bbox 1091 3455 1253 3519; x_wconf 88' lang='lat' dir='ltr'><strong>facultates</strong></span> <span class='ocrx_word' id='word_1_357' title='bbox 1285 3456 1438 3532; x_wconf 88' lang='lat' dir='ltr'><strong>animales,</strong></span> 
     </span>
     <span class='ocr_line' id='line_1_36' title="bbox 96 3543 1531 3629; baseline 0.001 -23"><span class='ocrx_word' id='word_1_358' title='bbox 96 3565 184 3626; x_wconf 89' lang='lat' dir='ltr'><strong>quam</strong></span> <span class='ocrx_word' id='word_1_359' title='bbox 209 3565 300 3626; x_wconf 87' lang='lat' dir='ltr'><strong>supra</strong></span> <span class='ocrx_word' id='word_1_360' title='bbox 321 3547 489 3610; x_wconf 89' lang='lat' dir='ltr'><strong>manifestis</strong></span> <span class='ocrx_word' id='word_1_361' title='bbox 514 3545 723 3629; x_wconf 88' lang='lat' dir='ltr'><strong>experimentis</strong></span> <span class='ocrx_word' id='word_1_362' title='bbox 742 3547 913 3609; x_wconf 87' lang='lat' dir='ltr'><strong>confirmavi</strong></span> <span class='ocrx_word' id='word_1_363' title='bbox 929 3565 993 3626; x_wconf 89' lang='lat' dir='ltr'><strong>cap.</strong></span> <span class='ocrx_word' id='word_1_364' title='bbox 1010 3545 1097 3610; x_wconf 83' lang='lat' dir='ltr'><strong>vm.</strong></span> <span class='ocrx_word' id='word_1_365' title='bbox 1114 3553 1145 3608; x_wconf 90' lang='lat' dir='ltr'><strong>et</strong></span> <span class='ocrx_word' id='word_1_366' title='bbox 1156 3545 1198 3608; x_wconf 89' lang='lat' dir='ltr'><strong>X.</strong></span> <span class='ocrx_word' id='word_1_367' title='bbox 1241 3543 1326 3617; x_wconf 86' lang='lat' dir='ltr'><strong>Quae</strong></span> <span class='ocrx_word' id='word_1_368' title='bbox 1348 3545 1440 3626; x_wconf 87' lang='lat' dir='ltr'><strong>igitur</strong></span> <span class='ocrx_word' id='word_1_369' title='bbox 1527 3551 1531 3558; x_wconf 86' lang='lat'>&#39;</span> 
     </span>
     <span class='ocr_line' id='line_1_37' title="bbox 96 3633 1439 3717; baseline -0.001 -20"><span class='ocrx_word' id='word_1_370' title='bbox 96 3635 138 3697; x_wconf 92' lang='lat' dir='ltr'><strong>ibi</strong></span> <span class='ocrx_word' id='word_1_371' title='bbox 162 3635 332 3715; x_wconf 86' lang='lat' dir='ltr'><strong>specialiter</strong></span> <span class='ocrx_word' id='word_1_372' title='bbox 355 3644 425 3698; x_wconf 92' lang='lat' dir='ltr'><strong>sunt</strong></span> <span class='ocrx_word' id='word_1_373' title='bbox 447 3635 655 3717; x_wconf 88' lang='lat' dir='ltr'><strong>comprobata,</strong></span> <span class='ocrx_word' id='word_1_374' title='bbox 683 3635 749 3715; x_wconf 87' lang='lat' dir='ltr'><strong>jam</strong></span> <span class='ocrx_word' id='word_1_375' title='bbox 772 3644 977 3710; x_wconf 88' lang='lat' dir='ltr'><strong>assumantur,</strong></span> <span class='ocrx_word' id='word_1_376' title='bbox 1010 3633 1120 3716; x_wconf 88' lang='lat' dir='ltr'><strong>fiatque</strong></span> <span class='ocrx_word' id='word_1_377' title='bbox 1153 3634 1300 3714; x_wconf 91' lang='lat' dir='ltr'><strong>probabili</strong></span> <span class='ocrx_word' id='word_1_378' title='bbox 1323 3636 1439 3698; x_wconf 91' lang='lat' dir='ltr'><strong>ratione</strong></span> 
     </span>
     <span class='ocr_line' id='line_1_38' title="bbox 96 3724 1154 3818; baseline 0.001 -32"><span class='ocrx_word' id='word_1_379' title='bbox 96 3725 236 3804; x_wconf 88' lang='lat' dir='ltr'><strong>generale</strong></span> <span class='ocrx_word' id='word_1_380' title='bbox 261 3725 381 3787; x_wconf 88' lang='lat' dir='ltr'><strong>tandem</strong></span> <span class='ocrx_word' id='word_1_381' title='bbox 405 3743 459 3786; x_wconf 90' lang='lat' dir='ltr'><strong>ceu</strong></span> <span class='ocrx_word' id='word_1_382' title='bbox 482 3745 519 3788; x_wconf 83' lang='lat' dir='ltr'><strong>ex</strong></span> <span class='ocrx_word' id='word_1_383' title='bbox 541 3725 710 3818; x_wconf 86' lang='lat' dir='ltr'><strong>inductione</strong></span> <span class='ocrx_word' id='word_1_384' title='bbox 735 3726 891 3788; x_wconf 90' lang='lat' dir='ltr'><strong>collectum</strong></span> <span class='ocrx_word' id='word_1_385' title='bbox 913 3724 1154 3805; x_wconf 86' lang='lat' dir='ltr'><strong>pronunciatum:</strong></span> 
     </span>
    </p>
   </div>
   <div class='ocr_carea' id='block_1_5' title="bbox 94 3826 1521 4626">
    <p class='ocr_par' dir='ltr' id='par_1_6' title="bbox 94 3826 1521 4626">
     <span class='ocr_line' id='line_1_39' title="bbox 186 3826 1440 3908; baseline -0.003 -14"><span class='ocrx_word' id='word_1_386' title='bbox 186 3826 287 3894; x_wconf 92' lang='lat' dir='ltr'><strong>Nihil</strong></span> <span class='ocrx_word' id='word_1_387' title='bbox 320 3850 404 3893; x_wconf 91' lang='lat' dir='ltr'><strong>esse</strong></span> <span class='ocrx_word' id='word_1_388' title='bbox 436 3832 495 3894; x_wconf 90' lang='lat' dir='ltr'><strong>vel</strong></span> <span class='ocrx_word' id='word_1_389' title='bbox 531 3831 616 3894; x_wconf 90' lang='lat' dir='ltr'><strong>fieri</strong></span> <span class='ocrx_word' id='word_1_390' title='bbox 652 3832 689 3894; x_wconf 92' lang='lat' dir='ltr'><strong>in</strong></span> <span class='ocrx_word' id='word_1_391' title='bbox 725 3832 829 3896; x_wconf 93' lang='lat' dir='ltr'><strong>coelo</strong></span> <span class='ocrx_word' id='word_1_392' title='bbox 861 3829 1021 3902; x_wconf 87' lang='lat' dir='ltr'><strong>visibili,</strong></span> <span class='ocrx_word' id='word_1_393' title='bbox 1056 3829 1162 3908; x_wconf 89' lang='lat' dir='ltr'><strong>cujus</strong></span> <span class='ocrx_word' id='word_1_394' title='bbox 1197 3849 1334 3892; x_wconf 88' lang='lat' dir='ltr'><strong>sensus</strong></span> <span class='ocrx_word' id='word_1_395' title='bbox 1370 3848 1440 3891; x_wconf 91' lang='lat' dir='ltr'><strong>non</strong></span> 
     </span>
     <span class='ocr_line' id='line_1_40' title="bbox 96 3917 1440 4002; baseline 0 -21"><span class='ocrx_word' id='word_1_396' title='bbox 96 3921 250 3982; x_wconf 87' lang='lat' dir='ltr'><strong>occulta</strong></span> <span class='ocrx_word' id='word_1_397' title='bbox 268 3921 419 4000; x_wconf 80' lang='lat' dir='ltr'><strong>quadam</strong></span> <span class='ocrx_word' id='word_1_398' title='bbox 437 3920 582 3982; x_wconf 86' lang='lat' dir='ltr'><strong>ratione</strong></span> <span class='ocrx_word' id='word_1_399' title='bbox 602 3921 637 3984; x_wconf 92' lang='lat' dir='ltr'><strong>in</strong></span> <span class='ocrx_word' id='word_1_400' title='bbox 657 3921 793 3984; x_wconf 86' lang='lat' dir='ltr'><strong>Terras</strong></span> <span class='ocrx_word' id='word_1_401' title='bbox 818 3921 924 4002; x_wconf 90' lang='lat' dir='ltr'><strong>inque</strong></span> <span class='ocrx_word' id='word_1_402' title='bbox 951 3938 1077 3982; x_wconf 89' lang='lat' dir='ltr'><strong>omnes</strong></span> <span class='ocrx_word' id='word_1_403' title='bbox 1103 3917 1304 3981; x_wconf 84' lang='lat' dir='ltr'><strong>facultates</strong></span> <span class='ocrx_word' id='word_1_404' title='bbox 1323 3937 1440 3983; x_wconf 91' lang='lat' dir='ltr'><strong>rerum</strong></span> 
     </span>
     <span class='ocr_line' id='line_1_41' title="bbox 95 4006 1439 4091; baseline -0.003 -17"><span class='ocrx_word' id='word_1_405' title='bbox 95 4009 320 4074; x_wconf 87' lang='lat' dir='ltr'><strong>naturalium</strong></span> <span class='ocrx_word' id='word_1_406' title='bbox 351 4009 587 4091; x_wconf 85' lang='lat' dir='ltr'><strong>porrigatur:</strong></span> <span class='ocrx_word' id='word_1_407' title='bbox 619 4029 754 4091; x_wconf 90' lang='lat' dir='ltr'><strong>easque</strong></span> <span class='ocrx_word' id='word_1_408' title='bbox 790 4010 1002 4072; x_wconf 87' lang='lat' dir='ltr'><strong>facultates</strong></span> <span class='ocrx_word' id='word_1_409' title='bbox 1034 4006 1214 4069; x_wconf 89' lang='lat' dir='ltr'><strong>animales</strong></span> <span class='ocrx_word' id='word_1_410' title='bbox 1246 4007 1298 4070; x_wconf 91' lang='lat' dir='ltr'><strong>sic</strong></span> <span class='ocrx_word' id='word_1_411' title='bbox 1331 4006 1439 4070; x_wconf 89' lang='lat' dir='ltr'><strong>affici</strong></span> 
     </span>
     <span class='ocr_line' id='line_1_42' title="bbox 95 4097 1440 4186; baseline -0.002 -24"><span class='ocrx_word' id='word_1_412' title='bbox 95 4099 154 4162; x_wconf 91' lang='lat' dir='ltr'><strong>hic</strong></span> <span class='ocrx_word' id='word_1_413' title='bbox 178 4098 214 4162; x_wconf 91' lang='lat' dir='ltr'><strong>in</strong></span> <span class='ocrx_word' id='word_1_414' title='bbox 238 4097 372 4173; x_wconf 87' lang='lat' dir='ltr'><strong>Terris,</strong></span> <span class='ocrx_word' id='word_1_415' title='bbox 397 4105 438 4160; x_wconf 92' lang='lat' dir='ltr'><strong>ut</strong></span> <span class='ocrx_word' id='word_1_416' title='bbox 460 4099 600 4160; x_wconf 92' lang='lat' dir='ltr'><strong>coelum</strong></span> <span class='ocrx_word' id='word_1_417' title='bbox 623 4097 743 4178; x_wconf 91' lang='lat' dir='ltr'><strong>ipsum</strong></span> <span class='ocrx_word' id='word_1_418' title='bbox 765 4099 948 4186; x_wconf 73' lang='lat' dir='ltr'><strong>afficitur.</strong></span> <span class='ocrx_word' id='word_1_419' title='bbox 986 4097 1035 4159; x_wconf 89' lang='lat' dir='ltr'><strong>Ita</strong></span> <span class='ocrx_word' id='word_1_420' title='bbox 1059 4097 1119 4170; x_wconf 85' lang='lat' dir='ltr'><strong>fiet,</strong></span> <span class='ocrx_word' id='word_1_421' title='bbox 1143 4104 1186 4171; x_wconf 92' lang='lat' dir='ltr'><strong>ut,</strong></span> <span class='ocrx_word' id='word_1_422' title='bbox 1210 4097 1440 4177; x_wconf 86' lang='lat' dir='ltr'><strong>quotiescunque</strong></span> 
     </span>
     <span class='ocr_line' id='line_1_43' title="bbox 94 4185 1440 4266; baseline -0.005 -14"><span class='ocrx_word' id='word_1_423' title='bbox 94 4207 205 4252; x_wconf 91' lang='lat' dir='ltr'><strong>novum</strong></span> <span class='ocrx_word' id='word_1_424' title='bbox 230 4195 262 4249; x_wconf 92' lang='lat' dir='ltr'><strong>et</strong></span> <span class='ocrx_word' id='word_1_425' title='bbox 283 4185 436 4249; x_wconf 91' lang='lat' dir='ltr'><strong>insolitum</strong></span> <span class='ocrx_word' id='word_1_426' title='bbox 459 4186 570 4266; x_wconf 89' lang='lat' dir='ltr'><strong>aliquid</strong></span> <span class='ocrx_word' id='word_1_427' title='bbox 592 4187 622 4248; x_wconf 95' lang='lat' dir='ltr'><strong>in</strong></span> <span class='ocrx_word' id='word_1_428' title='bbox 647 4187 729 4249; x_wconf 93' lang='lat' dir='ltr'><strong>coelo</strong></span> <span class='ocrx_word' id='word_1_429' title='bbox 753 4195 892 4266; x_wconf 89' lang='lat' dir='ltr'><strong>apparet,</strong></span> <span class='ocrx_word' id='word_1_430' title='bbox 926 4193 1032 4248; x_wconf 88' lang='lat' dir='ltr'><strong>natura</strong></span> <span class='ocrx_word' id='word_1_431' title='bbox 1063 4185 1231 4248; x_wconf 89' lang='lat' dir='ltr'><strong>sublunaris</strong></span> <span class='ocrx_word' id='word_1_432' title='bbox 1265 4185 1327 4260; x_wconf 88' lang='lat' dir='ltr'><strong>(cui</strong></span> <span class='ocrx_word' id='word_1_433' title='bbox 1348 4205 1440 4266; x_wconf 86' lang='lat' dir='ltr'><strong>prae-</strong></span> 
     </span>
     <span class='ocr_line' id='line_1_44' title="bbox 94 4275 1521 4357; baseline -0.001 -17"><span class='ocrx_word' id='word_1_434' title='bbox 94 4279 177 4341; x_wconf 88' lang='lat' dir='ltr'><strong>sidet</strong></span> <span class='ocrx_word' id='word_1_435' title='bbox 200 4276 301 4356; x_wconf 91' lang='lat' dir='ltr'><strong>aliqua</strong></span> <span class='ocrx_word' id='word_1_436' title='bbox 323 4276 453 4338; x_wconf 87' lang='lat' dir='ltr'><strong>facultas</strong></span> <span class='ocrx_word' id='word_1_437' title='bbox 476 4276 630 4350; x_wconf 90' lang='lat' dir='ltr'><strong>animalis)</strong></span> <span class='ocrx_word' id='word_1_438' title='bbox 654 4275 870 4355; x_wconf 88' lang='lat' dir='ltr'><strong>quodammodo</strong></span> <span class='ocrx_word' id='word_1_439' title='bbox 886 4276 1102 4338; x_wconf 75' lang='lat' dir='ltr'><strong>0cohorrescat.</strong></span> <span class='ocrx_word' id='word_1_440' title='bbox 1146 4276 1197 4337; x_wconf 85' lang='lat' dir='ltr'><strong>Ad</strong></span> <span class='ocrx_word' id='word_1_441' title='bbox 1224 4283 1331 4357; x_wconf 90' lang='lat' dir='ltr'><strong>poetas</strong></span> <span class='ocrx_word' id='word_1_442' title='bbox 1363 4275 1440 4338; x_wconf 92' lang='lat' dir='ltr'><strong>enim</strong></span> <span class='ocrx_word' id='word_1_443' title='bbox 1472 4289 1474 4294; x_wconf 82' lang='lat'>&#39;</span> <span class='ocrx_word' id='word_1_444' title='bbox 1516 4313 1521 4318; x_wconf 92' lang='lat'><em>—</em></span> 
     </span>
     <span class='ocr_line' id='line_1_45' title="bbox 95 4357 1440 4447; baseline -0.001 -19"><span class='ocrx_word' id='word_1_445' title='bbox 95 4375 130 4429; x_wconf 90' lang='lat' dir='ltr'><strong>et</strong></span> <span class='ocrx_word' id='word_1_446' title='bbox 154 4367 193 4428; x_wconf 88' lang='lat' dir='ltr'><strong>ad</strong></span> <span class='ocrx_word' id='word_1_447' title='bbox 216 4366 342 4446; x_wconf 84' lang='lat' dir='ltr'><strong>primam</strong></span> <span class='ocrx_word' id='word_1_448' title='bbox 365 4385 461 4428; x_wconf 88' lang='lat' dir='ltr'><strong>meam</strong></span> <span class='ocrx_word' id='word_1_449' title='bbox 484 4387 709 4446; x_wconf 67' lang='lat' dir='ltr'><strong>upoopmrnorr,</strong></span> <span class='ocrx_word' id='word_1_450' title='bbox 733 4385 791 4447; x_wconf 87' lang='lat' dir='ltr'><strong>qua</strong></span> <span class='ocrx_word' id='word_1_451' title='bbox 821 4385 893 4427; x_wconf 90' lang='lat' dir='ltr'><strong>usus</strong></span> <span class='ocrx_word' id='word_1_452' title='bbox 918 4357 986 4426; x_wconf 73' lang='lat' dir='ltr'><strong>sum</strong></span> <span class='ocrx_word' id='word_1_453' title='bbox 1014 4363 1130 4425; x_wconf 87' lang='lat' dir='ltr'><strong>adhoc</strong></span> <span class='ocrx_word' id='word_1_454' title='bbox 1153 4363 1249 4439; x_wconf 93' lang='lat' dir='ltr'><strong>sidus,</strong></span> <span class='ocrx_word' id='word_1_455' title='bbox 1283 4363 1440 4427; x_wconf 87' lang='lat' dir='ltr'><strong>manifeste</strong></span> 
     </span>
     <span class='ocr_line' id='line_1_46' title="bbox 97 4453 1495 4537; baseline 0 -20"><span class='ocrx_word' id='word_1_456' title='bbox 97 4455 308 4537; x_wconf 90' lang='lat' dir='ltr'><strong>transfugiam,</strong></span> <span class='ocrx_word' id='word_1_457' title='bbox 333 4454 403 4536; x_wconf 87' lang='lat' dir='ltr'><strong>quia</strong></span> <span class='ocrx_word' id='word_1_458' title='bbox 425 4455 503 4535; x_wconf 87' lang='lat' dir='ltr'><strong>apud</strong></span> <span class='ocrx_word' id='word_1_459' title='bbox 527 4472 589 4529; x_wconf 88' lang='lat' dir='ltr'><strong>eos,</strong></span> <span class='ocrx_word' id='word_1_460' title='bbox 615 4454 664 4536; x_wconf 94' lang='lat' dir='ltr'><strong>qui</strong></span> <span class='ocrx_word' id='word_1_461' title='bbox 686 4453 717 4516; x_wconf 93' lang='lat' dir='ltr'><strong>in</strong></span> <span class='ocrx_word' id='word_1_462' title='bbox 739 4453 929 4534; x_wconf 88' lang='lat' dir='ltr'><strong>philosophia</strong></span> <span class='ocrx_word' id='word_1_463' title='bbox 951 4453 1038 4515; x_wconf 88' lang='lat' dir='ltr'><strong>hodie</strong></span> <span class='ocrx_word' id='word_1_464' title='bbox 1061 4472 1158 4514; x_wconf 91' lang='lat' dir='ltr'><strong>rerum</strong></span> <span class='ocrx_word' id='word_1_465' title='bbox 1181 4454 1346 4533; x_wconf 90' lang='lat' dir='ltr'><strong>potiuntur,</strong></span> <span class='ocrx_word' id='word_1_466' title='bbox 1371 4453 1440 4517; x_wconf 91' lang='lat' dir='ltr'><strong>novi</strong></span> <span class='ocrx_word' id='word_1_467' title='bbox 1491 4460 1495 4472; x_wconf 95' lang='grc'><em>’</em></span> 
     </span>
     <span class='ocr_line' id='line_1_47' title="bbox 98 4542 1439 4626; baseline -0.001 -18"><span class='ocrx_word' id='word_1_468' title='bbox 98 4545 250 4626; x_wconf 87' lang='lat' dir='ltr'><strong>dogmatis</strong></span> <span class='ocrx_word' id='word_1_469' title='bbox 274 4563 398 4608; x_wconf 87' lang='lat' dir='ltr'><strong>causam</strong></span> <span class='ocrx_word' id='word_1_470' title='bbox 421 4543 555 4607; x_wconf 87' lang='lat' dir='ltr'><strong>obtinere</strong></span> <span class='ocrx_word' id='word_1_471' title='bbox 580 4543 714 4623; x_wconf 89' lang='lat' dir='ltr'><strong>despero.</strong></span> <span class='ocrx_word' id='word_1_472' title='bbox 753 4543 860 4624; x_wconf 89' lang='lat' dir='ltr'><strong>Itaque</strong></span> <span class='ocrx_word' id='word_1_473' title='bbox 874 4543 977 4624; x_wconf 91' lang='lat' dir='ltr'><strong>procul</strong></span> <span class='ocrx_word' id='word_1_474' title='bbox 992 4560 1008 4603; x_wconf 94' lang='lat' dir='ltr'><strong>o</strong></span> <span class='ocrx_word' id='word_1_475' title='bbox 1024 4543 1150 4622; x_wconf 88' lang='lat' dir='ltr'><strong>profani,</strong></span> <span class='ocrx_word' id='word_1_476' title='bbox 1172 4542 1264 4620; x_wconf 87' lang='lat' dir='ltr'><strong>Deus,</strong></span> <span class='ocrx_word' id='word_1_477' title='bbox 1286 4563 1323 4606; x_wconf 91' lang='lat' dir='ltr'><strong>en</strong></span> <span class='ocrx_word' id='word_1_478' title='bbox 1336 4543 1439 4607; x_wconf 82' lang='lat' dir='ltr'><strong>Deus!</strong></span> 
     </span>
    </p>
   </div>
   <div class='ocr_carea' id='block_1_6' title="bbox 349 4649 1226 4966">
    <p class='ocr_par' dir='ltr' id='par_1_7' title="bbox 364 4649 1124 4724">
     <span class='ocr_line' id='line_1_48' title="bbox 364 4649 1124 4724; baseline -0.003 -16"><span class='ocrx_word' id='word_1_479' title='bbox 364 4653 456 4709; x_wconf 86' lang='lat' dir='ltr'><strong>Stella</strong></span> <span class='ocrx_word' id='word_1_480' title='bbox 474 4669 583 4724; x_wconf 87' lang='lat' dir='ltr'><strong>repens,</strong></span> <span class='ocrx_word' id='word_1_481' title='bbox 604 4653 700 4706; x_wconf 85' lang='lat' dir='ltr'><strong>laesae</strong></span> <span class='ocrx_word' id='word_1_482' title='bbox 721 4651 811 4706; x_wconf 90' lang='lat' dir='ltr'><strong>divum</strong></span> <span class='ocrx_word' id='word_1_483' title='bbox 831 4651 1000 4722; x_wconf 85' lang='lat' dir='ltr'><strong>praenuncia</strong></span> <span class='ocrx_word' id='word_1_484' title='bbox 1018 4649 1124 4716; x_wconf 82' lang='lat' dir='ltr'><strong>mentis,</strong></span> 
     </span>
    </p>

    <p class='ocr_par' dir='ltr' id='par_1_8' title="bbox 365 4730 1079 4803">
     <span class='ocr_line' id='line_1_49' title="bbox 365 4730 1079 4803; baseline -0.004 -15"><span class='ocrx_word' id='word_1_485' title='bbox 365 4735 443 4798; x_wconf 83' lang='lat' dir='ltr'><strong>Quae</strong></span> <span class='ocrx_word' id='word_1_486' title='bbox 463 4734 541 4788; x_wconf 86' lang='lat' dir='ltr'><strong>velut</strong></span> <span class='ocrx_word' id='word_1_487' title='bbox 561 4733 669 4788; x_wconf 89' lang='lat' dir='ltr'><strong>ardenti</strong></span> <span class='ocrx_word' id='word_1_488' title='bbox 689 4733 869 4788; x_wconf 87' lang='lat' dir='ltr'><strong>carbunculus</strong></span> <span class='ocrx_word' id='word_1_489' title='bbox 889 4730 976 4788; x_wconf 87' lang='lat' dir='ltr'><strong>ureris</strong></span> <span class='ocrx_word' id='word_1_490' title='bbox 997 4731 1079 4803; x_wconf 84' lang='lat' dir='ltr'><strong>igne!</strong></span> 
     </span>
    </p>

    <p class='ocr_par' dir='ltr' id='par_1_9' title="bbox 349 4811 1226 4966">
     <span class='ocr_line' id='line_1_50' title="bbox 365 4811 1226 4886; baseline 0 -18"><span class='ocrx_word' id='word_1_491' title='bbox 365 4816 453 4879; x_wconf 86' lang='lat' dir='ltr'><strong>Quam</strong></span> <span class='ocrx_word' id='word_1_492' title='bbox 473 4820 502 4868; x_wconf 83' lang='lat' dir='ltr'><strong>te</strong></span> <span class='ocrx_word' id='word_1_493' title='bbox 522 4829 638 4886; x_wconf 83' lang='lat' dir='ltr'><strong>namque</strong></span> <span class='ocrx_word' id='word_1_494' title='bbox 659 4813 764 4869; x_wconf 76' lang='lat' dir='ltr'><strong>feram?</strong></span> <span class='ocrx_word' id='word_1_495' title='bbox 786 4830 841 4886; x_wconf 89' lang='lat' dir='ltr'><strong>qua</strong></span> <span class='ocrx_word' id='word_1_496' title='bbox 861 4815 956 4868; x_wconf 84' lang='lat' dir='ltr'><strong>doctus</strong></span> <span class='ocrx_word' id='word_1_497' title='bbox 978 4811 1083 4884; x_wconf 85' lang='lat' dir='ltr'><strong>origiue</strong></span> <span class='ocrx_word' id='word_1_498' title='bbox 1102 4829 1226 4886; x_wconf 85' lang='lat' dir='ltr'><strong>pangam</strong></span> 
     </span>
     <span class='ocr_line' id='line_1_51' title="bbox 349 4894 1190 4966; baseline -0.001 -16"><span class='ocrx_word' id='word_1_499' title='bbox 349 4895 459 4962; x_wconf 86' lang='lat' dir='ltr'><strong>·0rtur,</strong></span> <span class='ocrx_word' id='word_1_500' title='bbox 480 4895 534 4961; x_wconf 88' lang='lat' dir='ltr'><strong>dia,</strong></span> <span class='ocrx_word' id='word_1_501' title='bbox 557 4899 640 4950; x_wconf 86' lang='lat' dir='ltr'><strong>tuost</strong></span> <span class='ocrx_word' id='word_1_502' title='bbox 660 4895 755 4966; x_wconf 91' lang='lat' dir='ltr'><strong>Neque</strong></span> <span class='ocrx_word' id='word_1_503' title='bbox 775 4894 847 4950; x_wconf 91' lang='lat' dir='ltr'><strong>enim</strong></span> <span class='ocrx_word' id='word_1_504' title='bbox 867 4911 920 4966; x_wconf 91' lang='lat' dir='ltr'><strong>quo</strong></span> <span class='ocrx_word' id='word_1_505' title='bbox 940 4900 1063 4963; x_wconf 87' lang='lat' dir='ltr'><strong>tempore</strong></span> <span class='ocrx_word' id='word_1_506' title='bbox 1082 4894 1190 4964; x_wconf 86' lang='lat' dir='ltr'><strong>pollens</strong></span> 
     </span>
    </p>
   </div>
   <div class='ocr_carea' id='block_1_7' title="bbox 0 0 1789 5536">
    <p class='ocr_par' dir='ltr' id='par_1_10' title="bbox 0 0 1789 5536">
     <span class='ocr_line' id='line_1_52' title="bbox 0 0 1789 5536; baseline 0 0"><span class='ocrx_word' id='word_1_507' title='bbox 0 0 1789 5536; x_wconf 95' lang='lat' dir='ltr'><strong> </strong></span> 
     </span>
    </p>
   </div>
  </div>
 </body>
</html>
