<?xml version="1.0" encoding="UTF-8"?>
<!DOCTYPE html PUBLIC "-//W3C//DTD XHTML 1.0 Transitional//EN"
    "http://www.w3.org/TR/xhtml1/DTD/xhtml1-transitional.dtd">
<html xmlns="http://www.w3.org/1999/xhtml" xml:lang="en" lang="en">
 <head>
  <title>
</title>
<meta http-equiv="Content-Type" content="text/html;charset=utf-8" />
  <meta name='ocr-system' content='tesseract 3.04.00' />
  <meta name='ocr-capabilities' content='ocr_page ocr_carea ocr_par ocr_line ocrx_word'/>
</head>
<body>
  <div class='ocr_page' id='page_1' title='image "./joanniskepleria02unkngoog/joanniskepleria02unkngoog_0212.png"; bbox 0 0 3684 5518; ppageno 0'>
   <div class='ocr_carea' id='block_1_1' title="bbox 765 299 1613 378">
    <p class='ocr_par' dir='ltr' id='par_1_1' title="bbox 765 299 1613 378">
     <span class='ocr_line' id='line_1_1' title="bbox 765 299 1613 378; baseline -0.004 -22"><span class='ocrx_word' id='word_1_1' title='bbox 765 303 850 370; x_wconf 73' lang='lat' dir='ltr'>(tapnt</span> <span class='ocrx_word' id='word_1_2' title='bbox 867 303 911 356; x_wconf 82' lang='lat' dir='ltr'>lv.</span> <span class='ocrx_word' id='word_1_3' title='bbox 932 305 957 356; x_wconf 82' lang='grc'>4.</span> <span class='ocrx_word' id='word_1_4' title='bbox 1475 299 1536 367; x_wconf 85' lang='grc'>187</span> <span class='ocrx_word' id='word_1_5' title='bbox 1611 369 1613 378; x_wconf 37' lang='grc' dir='ltr'>Ι</span> 
     </span>
    </p>
   </div>
   <div class='ocr_carea' id='block_1_2' title="bbox 116 473 1550 3417">
    <p class='ocr_par' dir='ltr' id='par_1_2' title="bbox 116 473 1540 744">
     <span class='ocr_line' id='line_1_2' title="bbox 274 473 1539 561; baseline 0.001 -23"><span class='ocrx_word' id='word_1_6' title='bbox 274 473 418 556; x_wconf 74' lang='lat' dir='ltr'><strong>Sequitur</strong></span> <span class='ocrx_word' id='word_1_7' title='bbox 449 491 521 555; x_wconf 87' lang='lat' dir='ltr'>ergo</span> <span class='ocrx_word' id='word_1_8' title='bbox 553 498 607 560; x_wconf 86' lang='lat' dir='ltr'>per</span> <span class='ocrx_word' id='word_1_9' title='bbox 638 482 829 561; x_wconf 76' lang='lat' dir='ltr'>analogiam,</span> <span class='ocrx_word' id='word_1_10' title='bbox 862 489 896 543; x_wconf 87' lang='lat' dir='ltr'>nt</span> <span class='ocrx_word' id='word_1_11' title='bbox 918 481 949 543; x_wconf 93' lang='lat' dir='ltr'>in</span> <span class='ocrx_word' id='word_1_12' title='bbox 981 489 1065 544; x_wconf 87' lang='lat' dir='ltr'>recta</span> <span class='ocrx_word' id='word_1_13' title='bbox 1096 481 1177 542; x_wconf 89' lang='lat' dir='ltr'>linea</span> <span class='ocrx_word' id='word_1_14' title='bbox 1208 487 1334 560; x_wconf 81' lang='lat' dir='ltr'>uterque</span> <span class='ocrx_word' id='word_1_15' title='bbox 1368 479 1453 541; x_wconf 82' lang='lat' dir='ltr'>focus</span> <span class='ocrx_word' id='word_1_16' title='bbox 1478 479 1539 551; x_wconf 91' lang='lat' dir='ltr'>(ita</span> 
     </span>
     <span class='ocr_line' id='line_1_3' title="bbox 191 565 1540 649; baseline -0.001 -21"><span class='ocrx_word' id='word_1_17' title='bbox 191 565 332 644; x_wconf 90' lang='lat' dir='ltr'>loquimur</span> <span class='ocrx_word' id='word_1_18' title='bbox 355 565 392 626; x_wconf 90' lang='lat' dir='ltr'>de</span> <span class='ocrx_word' id='word_1_19' title='bbox 415 571 515 638; x_wconf 88' lang='lat' dir='ltr'>recta,</span> <span class='ocrx_word' id='word_1_20' title='bbox 545 568 608 630; x_wconf 89' lang='lat' dir='ltr'>siue</span> <span class='ocrx_word' id='word_1_21' title='bbox 633 588 702 644; x_wconf 89' lang='lat' dir='ltr'>usu,</span> <span class='ocrx_word' id='word_1_22' title='bbox 732 577 849 634; x_wconf 71' lang='lat' dir='ltr'>mutum</span> <span class='ocrx_word' id='word_1_23' title='bbox 872 571 911 631; x_wconf 90' lang='lat' dir='ltr'>ad</span> <span class='ocrx_word' id='word_1_24' title='bbox 935 569 1105 649; x_wconf 83' lang='lat' dir='ltr'>analogiam</span> <span class='ocrx_word' id='word_1_25' title='bbox 1140 569 1363 648; x_wconf 82' lang='lat' dir='ltr'>complendam)</span> <span class='ocrx_word' id='word_1_26' title='bbox 1388 567 1540 630; x_wconf 81' lang='lat' dir='ltr'>coincidet</span> 
     </span>
     <span class='ocr_line' id='line_1_4' title="bbox 116 653 1539 744; baseline 0.001 -29"><span class='ocrx_word' id='word_1_27' title='bbox 116 725 125 744; x_wconf 82' lang='lat'>.</span> <span class='ocrx_word' id='word_1_28' title='bbox 189 653 218 715; x_wconf 92' lang='lat' dir='ltr'>in</span> <span class='ocrx_word' id='word_1_29' title='bbox 239 653 336 733; x_wconf 88' lang='lat' dir='ltr'>ipsam</span> <span class='ocrx_word' id='word_1_30' title='bbox 358 660 492 716; x_wconf 85' lang='lat' dir='ltr'>rectam:</span> <span class='ocrx_word' id='word_1_31' title='bbox 518 656 616 738; x_wconf 89' lang='lat' dir='ltr'>sitque</span> <span class='ocrx_word' id='word_1_32' title='bbox 639 677 716 720; x_wconf 90' lang='lat' dir='ltr'>unns</span> <span class='ocrx_word' id='word_1_33' title='bbox 739 668 772 720; x_wconf 90' lang='lat' dir='ltr'>ut</span> <span class='ocrx_word' id='word_1_34' title='bbox 795 659 824 719; x_wconf 92' lang='grc' dir='ltr'>Ιιι</span> <span class='ocrx_word' id='word_1_35' title='bbox 849 659 969 720; x_wconf 93' lang='lat' dir='ltr'>circulo.</span> <span class='ocrx_word' id='word_1_36' title='bbox 1008 660 1042 720; x_wconf 92' lang='lat' dir='ltr'>In</span> <span class='ocrx_word' id='word_1_37' title='bbox 1067 658 1176 719; x_wconf 90' lang='lat' dir='ltr'>circulo</span> <span class='ocrx_word' id='word_1_38' title='bbox 1200 657 1294 736; x_wconf 89' lang='lat' dir='ltr'>igitur</span> <span class='ocrx_word' id='word_1_39' title='bbox 1317 658 1400 718; x_wconf 84' lang='lat' dir='ltr'>locus</span> <span class='ocrx_word' id='word_1_40' title='bbox 1419 656 1449 718; x_wconf 92' lang='lat' dir='ltr'>in</span> <span class='ocrx_word' id='word_1_41' title='bbox 1472 656 1539 734; x_wconf 92' lang='lat' dir='ltr'>ipso</span> 
     </span>
    </p>

    <p class='ocr_par' dir='ltr' id='par_1_3' title="bbox 152 741 1543 1356">
     <span class='ocr_line' id='line_1_5' title="bbox 152 741 1541 824; baseline 0.001 -20"><span class='ocrx_word' id='word_1_42' title='bbox 152 783 158 792; x_wconf 90' lang='lat'><em>-</em></span> <span class='ocrx_word' id='word_1_43' title='bbox 188 751 290 804; x_wconf 89' lang='lat' dir='ltr'>centro</span> <span class='ocrx_word' id='word_1_44' title='bbox 319 749 385 810; x_wconf 89' lang='lat' dir='ltr'>est,</span> <span class='ocrx_word' id='word_1_45' title='bbox 419 741 593 820; x_wconf 86' lang='lat' dir='ltr'>longissime</span> <span class='ocrx_word' id='word_1_46' title='bbox 626 746 770 807; x_wconf 82' lang='lat' dir='ltr'>recedens</span> <span class='ocrx_word' id='word_1_47' title='bbox 795 767 814 807; x_wconf 89' lang='lat' dir='ltr'>a</span> <span class='ocrx_word' id='word_1_48' title='bbox 841 746 1082 808; x_wconf 76' lang='lat' dir='ltr'>circumferentia</span> <span class='ocrx_word' id='word_1_49' title='bbox 1112 744 1265 824; x_wconf 86' lang='lat' dir='ltr'>proxima,</span> <span class='ocrx_word' id='word_1_50' title='bbox 1290 746 1319 806; x_wconf 94' lang='lat' dir='ltr'>iu</span> <span class='ocrx_word' id='word_1_51' title='bbox 1353 744 1451 824; x_wconf 91' lang='lat' dir='ltr'>ellipsi</span> <span class='ocrx_word' id='word_1_52' title='bbox 1480 745 1541 824; x_wconf 90' lang='lat' dir='ltr'>jam</span> 
     </span>
     <span class='ocr_line' id='line_1_6' title="bbox 188 829 1539 913; baseline 0.001 -21"><span class='ocrx_word' id='word_1_53' title='bbox 188 831 282 892; x_wconf 86' lang='lat' dir='ltr'>minus</span> <span class='ocrx_word' id='word_1_54' title='bbox 306 829 429 904; x_wconf 80' lang='lat' dir='ltr'>recedit,</span> <span class='ocrx_word' id='word_1_55' title='bbox 454 839 486 892; x_wconf 90' lang='lat' dir='ltr'>et</span> <span class='ocrx_word' id='word_1_56' title='bbox 505 831 535 895; x_wconf 89' lang='lat' dir='ltr'>in</span> <span class='ocrx_word' id='word_1_57' title='bbox 557 834 702 913; x_wconf 88' lang='lat' dir='ltr'>parabole</span> <span class='ocrx_word' id='word_1_58' title='bbox 726 835 820 896; x_wconf 88' lang='lat' dir='ltr'>multo</span> <span class='ocrx_word' id='word_1_59' title='bbox 844 835 950 909; x_wconf 90' lang='lat' dir='ltr'>minus,</span> <span class='ocrx_word' id='word_1_60' title='bbox 976 835 1098 897; x_wconf 87' lang='lat' dir='ltr'>tandem</span> <span class='ocrx_word' id='word_1_61' title='bbox 1117 835 1148 895; x_wconf 94' lang='lat' dir='ltr'>in</span> <span class='ocrx_word' id='word_1_62' title='bbox 1171 842 1256 895; x_wconf 90' lang='lat' dir='ltr'>recta</span> <span class='ocrx_word' id='word_1_63' title='bbox 1279 834 1363 896; x_wconf 80' lang='lat' dir='ltr'>locus</span> <span class='ocrx_word' id='word_1_64' title='bbox 1387 833 1539 894; x_wconf 88' lang='lat' dir='ltr'>minimum</span> 
     </span>
     <span class='ocr_line' id='line_1_7' title="bbox 189 917 1543 1002; baseline 0.001 -22"><span class='ocrx_word' id='word_1_65' title='bbox 189 919 226 980; x_wconf 89' lang='lat' dir='ltr'>ab</span> <span class='ocrx_word' id='word_1_66' title='bbox 249 919 317 998; x_wconf 89' lang='lat' dir='ltr'>ipsa</span> <span class='ocrx_word' id='word_1_67' title='bbox 340 917 468 994; x_wconf 78' lang='lat' dir='ltr'>recedit,</span> <span class='ocrx_word' id='word_1_68' title='bbox 493 921 548 984; x_wconf 87' lang='lat' dir='ltr'>hoc</span> <span class='ocrx_word' id='word_1_69' title='bbox 572 932 635 998; x_wconf 89' lang='lat' dir='ltr'>est,</span> <span class='ocrx_word' id='word_1_70' title='bbox 660 923 689 984; x_wconf 94' lang='lat' dir='ltr'>in</span> <span class='ocrx_word' id='word_1_71' title='bbox 713 922 810 1002; x_wconf 83' lang='lat' dir='ltr'>ipsam</span> <span class='ocrx_word' id='word_1_72' title='bbox 833 923 949 984; x_wconf 87' lang='lat' dir='ltr'>incidit.</span> <span class='ocrx_word' id='word_1_73' title='bbox 996 921 1047 984; x_wconf 91' lang='lat' dir='ltr'>Sic</span> <span class='ocrx_word' id='word_1_74' title='bbox 1070 922 1172 1002; x_wconf 89' lang='lat' dir='ltr'>itaque</span> <span class='ocrx_word' id='word_1_75' title='bbox 1196 923 1226 983; x_wconf 92' lang='lat' dir='ltr'>in</span> <span class='ocrx_word' id='word_1_76' title='bbox 1250 921 1400 995; x_wconf 88' lang='lat' dir='ltr'>terminis,</span> <span class='ocrx_word' id='word_1_77' title='bbox 1433 921 1543 982; x_wconf 87' lang='lat' dir='ltr'>circulo</span> 
     </span>
     <span class='ocr_line' id='line_1_8' title="bbox 189 1009 1541 1091; baseline -0.001 -21"><span class='ocrx_word' id='word_1_78' title='bbox 189 1019 220 1070; x_wconf 88' lang='lat' dir='ltr'>et</span> <span class='ocrx_word' id='word_1_79' title='bbox 242 1015 337 1083; x_wconf 84' lang='lat' dir='ltr'>recta,</span> <span class='ocrx_word' id='word_1_80' title='bbox 362 1010 554 1082; x_wconf 72' lang='lat' dir='ltr'>coenaturi,</span> <span class='ocrx_word' id='word_1_81' title='bbox 579 1010 639 1072; x_wconf 91' lang='lat' dir='ltr'>illic</span> <span class='ocrx_word' id='word_1_82' title='bbox 662 1012 837 1091; x_wconf 84' lang='lat' dir='ltr'>longissime</span> <span class='ocrx_word' id='word_1_83' title='bbox 852 1011 957 1086; x_wconf 90' lang='lat' dir='ltr'>distat,</span> <span class='ocrx_word' id='word_1_84' title='bbox 981 1011 1029 1072; x_wconf 92' lang='lat' dir='ltr'>hic</span> <span class='ocrx_word' id='word_1_85' title='bbox 1044 1011 1132 1090; x_wconf 89' lang='lat' dir='ltr'>plane</span> <span class='ocrx_word' id='word_1_86' title='bbox 1152 1009 1257 1071; x_wconf 88' lang='lat' dir='ltr'>incidit</span> <span class='ocrx_word' id='word_1_87' title='bbox 1276 1010 1361 1072; x_wconf 90' lang='lat' dir='ltr'>focus</span> <span class='ocrx_word' id='word_1_88' title='bbox 1376 1009 1406 1070; x_wconf 93' lang='lat' dir='ltr'>iu</span> <span class='ocrx_word' id='word_1_89' title='bbox 1420 1009 1541 1070; x_wconf 87' lang='lat' dir='ltr'>lineam.</span> 
     </span>
     <span class='ocr_line' id='line_1_9' title="bbox 189 1095 1541 1180; baseline -0.001 -21"><span class='ocrx_word' id='word_1_90' title='bbox 189 1098 222 1160; x_wconf 93' lang='lat' dir='ltr'>ln</span> <span class='ocrx_word' id='word_1_91' title='bbox 246 1096 346 1158; x_wconf 87' lang='lat' dir='ltr'>media</span> <span class='ocrx_word' id='word_1_92' title='bbox 368 1095 511 1175; x_wconf 85' lang='lat' dir='ltr'>parabole</span> <span class='ocrx_word' id='word_1_93' title='bbox 536 1098 651 1162; x_wconf 85' lang='lat' dir='ltr'>infinito</span> <span class='ocrx_word' id='word_1_94' title='bbox 675 1099 835 1163; x_wconf 88' lang='lat' dir='ltr'>intervallo</span> <span class='ocrx_word' id='word_1_95' title='bbox 860 1098 984 1174; x_wconf 89' lang='lat' dir='ltr'>distant,</span> <span class='ocrx_word' id='word_1_96' title='bbox 1009 1099 1038 1160; x_wconf 91' lang='lat' dir='ltr'>in</span> <span class='ocrx_word' id='word_1_97' title='bbox 1063 1099 1163 1178; x_wconf 90' lang='lat' dir='ltr'>ellipsi</span> <span class='ocrx_word' id='word_1_98' title='bbox 1186 1107 1218 1160; x_wconf 89' lang='lat' dir='ltr'>et</span> <span class='ocrx_word' id='word_1_99' title='bbox 1239 1098 1402 1180; x_wconf 86' lang='lat' dir='ltr'>hyperbole</span> <span class='ocrx_word' id='word_1_100' title='bbox 1425 1098 1541 1158; x_wconf 90' lang='lat' dir='ltr'>latera-</span> 
     </span>
     <span class='ocr_line' id='line_1_10' title="bbox 189 1184 1543 1267; baseline 0 -21"><span class='ocrx_word' id='word_1_101' title='bbox 189 1185 266 1246; x_wconf 88' lang='lat' dir='ltr'>libus</span> <span class='ocrx_word' id='word_1_102' title='bbox 289 1184 353 1246; x_wconf 91' lang='lat' dir='ltr'>bini</span> <span class='ocrx_word' id='word_1_103' title='bbox 377 1193 447 1246; x_wconf 89' lang='lat' dir='ltr'>actu</span> <span class='ocrx_word' id='word_1_104' title='bbox 471 1185 530 1250; x_wconf 80' lang='lat' dir='ltr'>loci</span> <span class='ocrx_word' id='word_1_105' title='bbox 553 1189 653 1267; x_wconf 89' lang='lat' dir='ltr'>spatio</span> <span class='ocrx_word' id='word_1_106' title='bbox 677 1187 813 1251; x_wconf 90' lang='lat' dir='ltr'>dimenso</span> <span class='ocrx_word' id='word_1_107' title='bbox 837 1187 974 1258; x_wconf 86' lang='lat' dir='ltr'>dietant;</span> <span class='ocrx_word' id='word_1_108' title='bbox 998 1188 1027 1248; x_wconf 91' lang='lat' dir='ltr'>in</span> <span class='ocrx_word' id='word_1_109' title='bbox 1050 1187 1150 1266; x_wconf 90' lang='lat' dir='ltr'>ellipsi</span> <span class='ocrx_word' id='word_1_110' title='bbox 1172 1187 1251 1248; x_wconf 90' lang='lat' dir='ltr'>alter</span> <span class='ocrx_word' id='word_1_111' title='bbox 1265 1187 1358 1248; x_wconf 84' lang='lat' dir='ltr'>etiam</span> <span class='ocrx_word' id='word_1_112' title='bbox 1381 1185 1462 1247; x_wconf 88' lang='lat' dir='ltr'>intra</span> <span class='ocrx_word' id='word_1_113' title='bbox 1485 1193 1543 1258; x_wconf 90' lang='lat' dir='ltr'>est,</span> 
     </span>
     <span class='ocr_line' id='line_1_11' title="bbox 191 1273 1257 1356; baseline -0.001 -22"><span class='ocrx_word' id='word_1_114' title='bbox 191 1275 218 1336; x_wconf 92' lang='lat' dir='ltr'>iu</span> <span class='ocrx_word' id='word_1_115' title='bbox 242 1273 405 1354; x_wconf 84' lang='lat' dir='ltr'>hyperbole</span> <span class='ocrx_word' id='word_1_116' title='bbox 430 1273 509 1337; x_wconf 89' lang='lat' dir='ltr'>alter</span> <span class='ocrx_word' id='word_1_117' title='bbox 531 1285 628 1338; x_wconf 86' lang='lat' dir='ltr'>extra.</span> <span class='ocrx_word' id='word_1_118' title='bbox 675 1277 815 1356; x_wconf 88' lang='lat' dir='ltr'>Undique</span> <span class='ocrx_word' id='word_1_119' title='bbox 838 1285 909 1338; x_wconf 89' lang='lat' dir='ltr'>sunt</span> <span class='ocrx_word' id='word_1_120' title='bbox 931 1276 1066 1338; x_wconf 89' lang='lat' dir='ltr'>rationes</span> <span class='ocrx_word' id='word_1_121' title='bbox 1090 1275 1257 1355; x_wconf 88' lang='lat' dir='ltr'>oppositae.</span> 
     </span>
    </p>

    <p class='ocr_par' dir='ltr' id='par_1_4' title="bbox 181 1361 1549 2931">
     <span class='ocr_line' id='line_1_12' title="bbox 277 1361 1544 1444; baseline 0 -22"><span class='ocrx_word' id='word_1_122' title='bbox 277 1361 375 1422; x_wconf 91' lang='lat' dir='ltr'>Linea</span> <span class='ocrx_word' id='word_1_123' title='bbox 406 1361 485 1439; x_wconf 90' lang='lat' dir='ltr'>MN,</span> <span class='ocrx_word' id='word_1_124' title='bbox 503 1383 595 1444; x_wconf 82' lang='lat' dir='ltr'>qnae</span> <span class='ocrx_word' id='word_1_125' title='bbox 629 1365 726 1427; x_wconf 85' lang='lat' dir='ltr'>focum</span> <span class='ocrx_word' id='word_1_126' title='bbox 757 1366 786 1427; x_wconf 91' lang='lat' dir='ltr'>in</span> <span class='ocrx_word' id='word_1_127' title='bbox 819 1385 876 1426; x_wconf 85' lang='lat' dir='ltr'>axe</span> <span class='ocrx_word' id='word_1_128' title='bbox 910 1373 1041 1426; x_wconf 90' lang='lat' dir='ltr'>metatur</span> <span class='ocrx_word' id='word_1_129' title='bbox 1072 1363 1362 1444; x_wconf 82' lang='lat' dir='ltr'>perpendiculariter</span> <span class='ocrx_word' id='word_1_130' title='bbox 1394 1362 1422 1422; x_wconf 93' lang='lat' dir='ltr'>in</span> <span class='ocrx_word' id='word_1_131' title='bbox 1457 1379 1544 1422; x_wconf 85' lang='lat' dir='ltr'>axem</span> 
     </span>
     <span class='ocr_line' id='line_1_13' title="bbox 191 1447 1546 1533; baseline -0.002 -21"><span class='ocrx_word' id='word_1_132' title='bbox 191 1451 344 1524; x_wconf 80' lang='lat' dir='ltr'>insistens,</span> <span class='ocrx_word' id='word_1_133' title='bbox 369 1449 488 1514; x_wconf 88' lang='lat' dir='ltr'>dicatur</span> <span class='ocrx_word' id='word_1_134' title='bbox 510 1447 595 1516; x_wconf 86' lang='lat' dir='ltr'>nobis</span> <span class='ocrx_word' id='word_1_135' title='bbox 619 1453 740 1527; x_wconf 89' lang='lat' dir='ltr'>chorda,</span> <span class='ocrx_word' id='word_1_136' title='bbox 766 1461 797 1516; x_wconf 90' lang='lat' dir='ltr'>et</span> <span class='ocrx_word' id='word_1_137' title='bbox 816 1472 892 1533; x_wconf 88' lang='lat' dir='ltr'>quae</span> <span class='ocrx_word' id='word_1_138' title='bbox 916 1453 1107 1514; x_wconf 87' lang='lat' dir='ltr'>altitudinem</span> <span class='ocrx_word' id='word_1_139' title='bbox 1131 1451 1266 1514; x_wconf 87' lang='lat' dir='ltr'>ostendit</span> <span class='ocrx_word' id='word_1_140' title='bbox 1289 1452 1348 1513; x_wconf 86' lang='lat' dir='ltr'>loci</span> <span class='ocrx_word' id='word_1_141' title='bbox 1367 1473 1385 1512; x_wconf 90' lang='lat' dir='ltr'>a</span> <span class='ocrx_word' id='word_1_142' title='bbox 1408 1448 1546 1529; x_wconf 86' lang='lat' dir='ltr'>proxima</span> 
     </span>
     <span class='ocr_line' id='line_1_14' title="bbox 190 1537 1546 1623; baseline -0.003 -22"><span class='ocrx_word' id='word_1_143' title='bbox 190 1547 276 1620; x_wconf 86' lang='lat' dir='ltr'>parte</span> <span class='ocrx_word' id='word_1_144' title='bbox 309 1537 453 1602; x_wconf 86' lang='lat' dir='ltr'>sectionis</span> <span class='ocrx_word' id='word_1_145' title='bbox 476 1543 648 1611; x_wconf 88' lang='lat' dir='ltr'>avertice,</span> <span class='ocrx_word' id='word_1_146' title='bbox 681 1561 754 1623; x_wconf 88' lang='lat' dir='ltr'>pars</span> <span class='ocrx_word' id='word_1_147' title='bbox 787 1559 892 1622; x_wconf 90' lang='lat' dir='ltr'>nempe</span> <span class='ocrx_word' id='word_1_148' title='bbox 925 1542 991 1603; x_wconf 85' lang='lat' dir='ltr'>axis</span> <span class='ocrx_word' id='word_1_149' title='bbox 1019 1541 1077 1602; x_wconf 90' lang='lat' dir='ltr'>BR</span> <span class='ocrx_word' id='word_1_150' title='bbox 1106 1541 1154 1602; x_wconf 91' lang='lat' dir='ltr'>vel</span> <span class='ocrx_word' id='word_1_151' title='bbox 1177 1539 1236 1601; x_wconf 86' lang='grc' dir='ltr'>ΒΚ</span> <span class='ocrx_word' id='word_1_152' title='bbox 1266 1541 1314 1601; x_wconf 88' lang='lat' dir='ltr'>vel</span> <span class='ocrx_word' id='word_1_153' title='bbox 1342 1537 1393 1601; x_wconf 74' lang='grc' dir='ltr'>ΕΒ</span> <span class='ocrx_word' id='word_1_154' title='bbox 1428 1538 1546 1600; x_wconf 90' lang='lat' dir='ltr'>dicatur</span> 
     </span>
     <span class='ocr_line' id='line_1_15' title="bbox 191 1625 1545 1710; baseline -0.003 -20"><span class='ocrx_word' id='word_1_155' title='bbox 191 1629 308 1708; x_wconf 87' lang='lat' dir='ltr'>sagitta</span> <span class='ocrx_word' id='word_1_156' title='bbox 330 1627 380 1689; x_wconf 85' lang='lat' dir='ltr'>rel</span> <span class='ocrx_word' id='word_1_157' title='bbox 402 1627 480 1690; x_wconf 86' lang='lat' dir='ltr'>axis.</span> <span class='ocrx_word' id='word_1_158' title='bbox 526 1629 622 1709; x_wconf 90' lang='lat' dir='ltr'>Igitur</span> <span class='ocrx_word' id='word_1_159' title='bbox 644 1631 673 1691; x_wconf 93' lang='lat' dir='ltr'>in</span> <span class='ocrx_word' id='word_1_160' title='bbox 698 1631 809 1693; x_wconf 89' lang='lat' dir='ltr'>circulo</span> <span class='ocrx_word' id='word_1_161' title='bbox 837 1629 953 1710; x_wconf 88' lang='lat' dir='ltr'>sagitta</span> <span class='ocrx_word' id='word_1_162' title='bbox 984 1637 1096 1708; x_wconf 86' lang='lat' dir='ltr'>aequat</span> <span class='ocrx_word' id='word_1_163' title='bbox 1125 1628 1359 1698; x_wconf 89' lang='lat' dir='ltr'>semiohordam,</span> <span class='ocrx_word' id='word_1_164' title='bbox 1392 1627 1420 1687; x_wconf 91' lang='lat' dir='ltr'>iu</span> <span class='ocrx_word' id='word_1_165' title='bbox 1447 1625 1545 1706; x_wconf 84' lang='lat' dir='ltr'>ellipsi</span> 
     </span>
     <span class='ocr_line' id='line_1_16' title="bbox 191 1715 1544 1799; baseline -0.002 -21"><span class='ocrx_word' id='word_1_166' title='bbox 191 1717 287 1796; x_wconf 86' lang='lat' dir='ltr'>rnajor</span> <span class='ocrx_word' id='word_1_167' title='bbox 309 1723 359 1778; x_wconf 88' lang='lat' dir='ltr'>est</span> <span class='ocrx_word' id='word_1_168' title='bbox 381 1717 570 1780; x_wconf 88' lang='lat' dir='ltr'>semiohorda</span> <span class='ocrx_word' id='word_1_169' title='bbox 591 1719 644 1780; x_wconf 93' lang='lat' dir='ltr'>BP</span> <span class='ocrx_word' id='word_1_170' title='bbox 667 1737 754 1799; x_wconf 91' lang='lat' dir='ltr'>qnam</span> <span class='ocrx_word' id='word_1_171' title='bbox 779 1718 894 1798; x_wconf 85' lang='lat' dir='ltr'>sagitta</span> <span class='ocrx_word' id='word_1_172' title='bbox 911 1719 977 1791; x_wconf 86' lang='lat' dir='ltr'>BR,</span> <span class='ocrx_word' id='word_1_173' title='bbox 1002 1719 1101 1798; x_wconf 86' lang='lat' dir='ltr'>major</span> <span class='ocrx_word' id='word_1_174' title='bbox 1123 1716 1214 1778; x_wconf 85' lang='lat' dir='ltr'>stiam</span> <span class='ocrx_word' id='word_1_175' title='bbox 1238 1717 1353 1796; x_wconf 87' lang='lat' dir='ltr'>sagitta</span> <span class='ocrx_word' id='word_1_176' title='bbox 1375 1715 1432 1777; x_wconf 88' lang='lat' dir='ltr'>BR</span> <span class='ocrx_word' id='word_1_177' title='bbox 1456 1733 1544 1795; x_wconf 90' lang='lat' dir='ltr'>quam</span> 
     </span>
     <span class='ocr_line' id='line_1_17' title="bbox 192 1803 1545 1886; baseline -0.004 -19"><span class='ocrx_word' id='word_1_178' title='bbox 192 1805 346 1867; x_wconf 90' lang='lat' dir='ltr'>dimidium</span> <span class='ocrx_word' id='word_1_179' title='bbox 368 1804 422 1866; x_wconf 92' lang='lat' dir='ltr'>BP</span> <span class='ocrx_word' id='word_1_180' title='bbox 450 1807 657 1869; x_wconf 88' lang='lat' dir='ltr'>semiohordae</span> <span class='ocrx_word' id='word_1_181' title='bbox 689 1828 742 1869; x_wconf 88' lang='lat' dir='ltr'>seu</span> <span class='ocrx_word' id='word_1_182' title='bbox 776 1808 905 1868; x_wconf 87' lang='lat' dir='ltr'>chordae</span> <span class='ocrx_word' id='word_1_183' title='bbox 938 1813 1047 1886; x_wconf 90' lang='lat' dir='ltr'>quarta</span> <span class='ocrx_word' id='word_1_184' title='bbox 1078 1825 1160 1886; x_wconf 88' lang='lat' dir='ltr'>pars.</span> <span class='ocrx_word' id='word_1_185' title='bbox 1211 1805 1245 1866; x_wconf 90' lang='lat' dir='ltr'>In</span> <span class='ocrx_word' id='word_1_186' title='bbox 1275 1804 1435 1885; x_wconf 85' lang='lat' dir='ltr'>parabole,</span> <span class='ocrx_word' id='word_1_187' title='bbox 1467 1803 1545 1882; x_wconf 91' lang='lat' dir='ltr'>quod</span> 
     </span>
     <span class='ocr_line' id='line_1_18' title="bbox 192 1891 1545 1976; baseline -0.002 -21"><span class='ocrx_word' id='word_1_188' title='bbox 192 1894 319 1957; x_wconf 89' lang='lat' dir='ltr'>Vitellio</span> <span class='ocrx_word' id='word_1_189' title='bbox 348 1894 584 1969; x_wconf 90' lang='lat' dir='ltr'>demonstravit,</span> <span class='ocrx_word' id='word_1_190' title='bbox 618 1895 735 1975; x_wconf 87' lang='lat' dir='ltr'>sagitta</span> <span class='ocrx_word' id='word_1_191' title='bbox 757 1896 816 1958; x_wconf 87' lang='grc' dir='ltr'>ΒΚ</span> <span class='ocrx_word' id='word_1_192' title='bbox 840 1895 976 1976; x_wconf 89' lang='lat' dir='ltr'>praecise</span> <span class='ocrx_word' id='word_1_193' title='bbox 1005 1901 1117 1974; x_wconf 87' lang='lat' dir='ltr'>aequat</span> <span class='ocrx_word' id='word_1_194' title='bbox 1150 1903 1287 1974; x_wconf 86' lang='lat' dir='ltr'>quartam</span> <span class='ocrx_word' id='word_1_195' title='bbox 1318 1893 1448 1954; x_wconf 89' lang='lat' dir='ltr'>chordae</span> <span class='ocrx_word' id='word_1_196' title='bbox 1472 1891 1545 1962; x_wconf 83' lang='lat' dir='ltr'>MN,</span> 
     </span>
     <span class='ocr_line' id='line_1_19' title="bbox 194 1979 1548 2066; baseline -0.004 -21"><span class='ocrx_word' id='word_1_197' title='bbox 194 1985 250 2046; x_wconf 89' lang='lat' dir='ltr'>hoo</span> <span class='ocrx_word' id='word_1_198' title='bbox 274 1989 324 2044; x_wconf 90' lang='lat' dir='ltr'>est</span> <span class='ocrx_word' id='word_1_199' title='bbox 345 1981 406 2044; x_wconf 91' lang='lat' dir='ltr'>DN</span> <span class='ocrx_word' id='word_1_200' title='bbox 429 1993 478 2045; x_wconf 88' lang='lat' dir='ltr'>est</span> <span class='ocrx_word' id='word_1_201' title='bbox 510 1985 601 2064; x_wconf 91' lang='lat' dir='ltr'>dupla</span> <span class='ocrx_word' id='word_1_202' title='bbox 624 1985 663 2046; x_wconf 90' lang='lat' dir='ltr'>ad</span> <span class='ocrx_word' id='word_1_203' title='bbox 686 1985 755 2048; x_wconf 85' lang='grc' dir='ltr'>ΒΚ.</span> <span class='ocrx_word' id='word_1_204' title='bbox 802 1985 836 2046; x_wconf 93' lang='lat' dir='ltr'>In</span> <span class='ocrx_word' id='word_1_205' title='bbox 868 1982 1030 2066; x_wconf 84' lang='lat' dir='ltr'>hyperbole</span> <span class='ocrx_word' id='word_1_206' title='bbox 1053 1980 1112 2052; x_wconf 80' lang='lat' dir='ltr'>EQ</span> <span class='ocrx_word' id='word_1_207' title='bbox 1141 1982 1209 2061; x_wconf 90' lang='lat' dir='ltr'>plus</span> <span class='ocrx_word' id='word_1_208' title='bbox 1237 1990 1301 2057; x_wconf 91' lang='lat' dir='ltr'>est,</span> <span class='ocrx_word' id='word_1_209' title='bbox 1336 2000 1425 2061; x_wconf 89' lang='lat' dir='ltr'>quam</span> <span class='ocrx_word' id='word_1_210' title='bbox 1457 1979 1548 2060; x_wconf 92' lang='lat' dir='ltr'>dupla</span> 
     </span>
     <span class='ocr_line' id='line_1_20' title="bbox 191 2067 1548 2154; baseline -0.006 -19"><span class='ocrx_word' id='word_1_211' title='bbox 191 2073 287 2154; x_wconf 86' lang='lat' dir='ltr'>ipsius</span> <span class='ocrx_word' id='word_1_212' title='bbox 306 2069 369 2144; x_wconf 86' lang='lat' dir='ltr'>ES,</span> <span class='ocrx_word' id='word_1_213' title='bbox 394 2089 438 2133; x_wconf 87' lang='lat' dir='ltr'>sc.</span> <span class='ocrx_word' id='word_1_214' title='bbox 463 2071 558 2134; x_wconf 93' lang='lat' dir='ltr'>minor</span> <span class='ocrx_word' id='word_1_215' title='bbox 577 2081 624 2134; x_wconf 90' lang='lat' dir='ltr'>est</span> <span class='ocrx_word' id='word_1_216' title='bbox 648 2072 764 2153; x_wconf 84' lang='lat' dir='ltr'>sagitta</span> <span class='ocrx_word' id='word_1_217' title='bbox 782 2069 834 2134; x_wconf 76' lang='grc' dir='ltr'>ΕΒ</span> <span class='ocrx_word' id='word_1_218' title='bbox 859 2090 948 2152; x_wconf 89' lang='lat' dir='ltr'>quam</span> <span class='ocrx_word' id='word_1_219' title='bbox 973 2079 1080 2152; x_wconf 89' lang='lat' dir='ltr'>quarta</span> <span class='ocrx_word' id='word_1_220' title='bbox 1103 2070 1233 2132; x_wconf 90' lang='lat' dir='ltr'>chordae</span> <span class='ocrx_word' id='word_1_221' title='bbox 1257 2078 1290 2132; x_wconf 89' lang='lat' dir='ltr'>et</span> <span class='ocrx_word' id='word_1_222' title='bbox 1312 2088 1431 2149; x_wconf 86' lang='lat' dir='ltr'>semper</span> <span class='ocrx_word' id='word_1_223' title='bbox 1453 2067 1548 2130; x_wconf 92' lang='lat' dir='ltr'>minor</span> 
     </span>
     <span class='ocr_line' id='line_1_21' title="bbox 193 2156 1547 2241; baseline -0.005 -19"><span class='ocrx_word' id='word_1_224' title='bbox 193 2170 283 2240; x_wconf 90' lang='lat' dir='ltr'>atque</span> <span class='ocrx_word' id='word_1_225' title='bbox 307 2159 405 2220; x_wconf 90' lang='lat' dir='ltr'>minor</span> <span class='ocrx_word' id='word_1_226' title='bbox 426 2178 481 2240; x_wconf 86' lang='lat' dir='ltr'>per</span> <span class='ocrx_word' id='word_1_227' title='bbox 504 2179 607 2224; x_wconf 88' lang='lat' dir='ltr'>omnes</span> <span class='ocrx_word' id='word_1_228' title='bbox 630 2161 850 2241; x_wconf 69' lang='lat' dir='ltr'>proportiones</span> <span class='ocrx_word' id='word_1_229' title='bbox 875 2161 970 2222; x_wconf 89' lang='lat' dir='ltr'>donec</span> <span class='ocrx_word' id='word_1_230' title='bbox 994 2167 1160 2221; x_wconf 88' lang='lat' dir='ltr'>evanescat</span> <span class='ocrx_word' id='word_1_231' title='bbox 1181 2159 1212 2220; x_wconf 93' lang='lat' dir='ltr'>iu</span> <span class='ocrx_word' id='word_1_232' title='bbox 1236 2166 1329 2231; x_wconf 88' lang='lat' dir='ltr'>recta,</span> <span class='ocrx_word' id='word_1_233' title='bbox 1354 2156 1404 2219; x_wconf 92' lang='lat' dir='ltr'>ubi</span> <span class='ocrx_word' id='word_1_234' title='bbox 1428 2156 1526 2218; x_wconf 83' lang='lat' dir='ltr'>foco</span> <span class='ocrx_word' id='word_1_235' title='bbox 1518 2175 1547 2216; x_wconf 93' lang='grc' dir='ltr'>ιιι</span> 
     </span>
     <span class='ocr_line' id='line_1_22' title="bbox 192 2243 1548 2328; baseline -0.007 -17"><span class='ocrx_word' id='word_1_236' title='bbox 192 2250 304 2311; x_wconf 88' lang='lat' dir='ltr'>lineam</span> <span class='ocrx_word' id='word_1_237' title='bbox 336 2249 436 2326; x_wconf 88' lang='lat' dir='ltr'>ipsam</span> <span class='ocrx_word' id='word_1_238' title='bbox 465 2249 673 2324; x_wconf 90' lang='lat' dir='ltr'>incumbente,</span> <span class='ocrx_word' id='word_1_239' title='bbox 708 2249 837 2311; x_wconf 89' lang='lat' dir='ltr'>altitudo</span> <span class='ocrx_word' id='word_1_240' title='bbox 871 2249 929 2310; x_wconf 86' lang='lat' dir='ltr'>ioci</span> <span class='ocrx_word' id='word_1_241' title='bbox 960 2268 1013 2310; x_wconf 89' lang='lat' dir='ltr'>sen</span> <span class='ocrx_word' id='word_1_242' title='bbox 1045 2248 1161 2328; x_wconf 89' lang='lat' dir='ltr'>sagitta</span> <span class='ocrx_word' id='word_1_243' title='bbox 1193 2246 1362 2320; x_wconf 85' lang='lat' dir='ltr'>evanescit,</span> <span class='ocrx_word' id='word_1_244' title='bbox 1397 2252 1429 2306; x_wconf 89' lang='lat' dir='ltr'>et</span> <span class='ocrx_word' id='word_1_245' title='bbox 1460 2243 1548 2306; x_wconf 89' lang='lat' dir='ltr'>simul</span> 
     </span>
     <span class='ocr_line' id='line_1_23' title="bbox 193 2298 1548 2412; baseline -0.006 -12"><span class='ocrx_word' id='word_1_246' title='bbox 193 2337 305 2400; x_wconf 88' lang='lat' dir='ltr'>chorda</span> <span class='ocrx_word' id='word_1_247' title='bbox 328 2335 445 2398; x_wconf 87' lang='lat' dir='ltr'>infinita</span> <span class='ocrx_word' id='word_1_248' title='bbox 468 2338 604 2412; x_wconf 82' lang='lat' dir='ltr'>eflicitur,</span> <span class='ocrx_word' id='word_1_249' title='bbox 630 2298 802 2400; x_wconf 80' lang='lat' dir='ltr'>coincidens</span> <span class='ocrx_word' id='word_1_250' title='bbox 818 2355 861 2400; x_wconf 89' lang='lat' dir='ltr'>so.</span> <span class='ocrx_word' id='word_1_251' title='bbox 886 2356 953 2399; x_wconf 91' lang='lat' dir='ltr'>cnm</span> <span class='ocrx_word' id='word_1_252' title='bbox 977 2355 1046 2399; x_wconf 90' lang='lat' dir='ltr'>aron</span> <span class='ocrx_word' id='word_1_253' title='bbox 1071 2355 1125 2398; x_wconf 90' lang='lat' dir='ltr'>sno</span> <span class='ocrx_word' id='word_1_254' title='bbox 1150 2334 1274 2397; x_wconf 89' lang='lat' dir='ltr'>abusive</span> <span class='ocrx_word' id='word_1_255' title='bbox 1298 2335 1342 2398; x_wconf 89' lang='lat' dir='ltr'>sic</span> <span class='ocrx_word' id='word_1_256' title='bbox 1366 2333 1456 2407; x_wconf 90' lang='lat' dir='ltr'>dicto,</span> <span class='ocrx_word' id='word_1_257' title='bbox 1482 2351 1548 2393; x_wconf 90' lang='lat' dir='ltr'>cnm</span> 
     </span>
     <span class='ocr_line' id='line_1_24' title="bbox 193 2421 1547 2506; baseline -0.006 -18"><span class='ocrx_word' id='word_1_258' title='bbox 193 2435 277 2488; x_wconf 88' lang='lat' dir='ltr'>recta</span> <span class='ocrx_word' id='word_1_259' title='bbox 300 2424 381 2486; x_wconf 88' lang='lat' dir='ltr'>linea</span> <span class='ocrx_word' id='word_1_260' title='bbox 404 2425 454 2487; x_wconf 89' lang='lat' dir='ltr'>sit.</span> <span class='ocrx_word' id='word_1_261' title='bbox 503 2424 633 2506; x_wconf 89' lang='lat' dir='ltr'>Oportet</span> <span class='ocrx_word' id='word_1_262' title='bbox 656 2427 734 2488; x_wconf 91' lang='lat' dir='ltr'>enim</span> <span class='ocrx_word' id='word_1_263' title='bbox 761 2425 848 2488; x_wconf 86' lang='lat' dir='ltr'>nobis</span> <span class='ocrx_word' id='word_1_264' title='bbox 877 2425 991 2487; x_wconf 88' lang='lat' dir='ltr'>servire</span> <span class='ocrx_word' id='word_1_265' title='bbox 1022 2443 1112 2486; x_wconf 89' lang='lat' dir='ltr'>voces</span> <span class='ocrx_word' id='word_1_266' title='bbox 1144 2423 1344 2504; x_wconf 84' lang='lat' dir='ltr'>geometricas</span> <span class='ocrx_word' id='word_1_267' title='bbox 1369 2421 1547 2500; x_wconf 88' lang='lat' dir='ltr'>analogiae:</span> 
     </span>
     <span class='ocr_line' id='line_1_25' title="bbox 193 2511 1549 2596; baseline -0.007 -20"><span class='ocrx_word' id='word_1_268' title='bbox 193 2515 352 2596; x_wconf 91' lang='lat' dir='ltr'>plurimum</span> <span class='ocrx_word' id='word_1_269' title='bbox 366 2533 494 2594; x_wconf 87' lang='lat' dir='ltr'>namque</span> <span class='ocrx_word' id='word_1_270' title='bbox 509 2533 576 2576; x_wconf 91' lang='lat' dir='ltr'>amu</span> <span class='ocrx_word' id='word_1_271' title='bbox 591 2515 749 2594; x_wconf 89' lang='lat' dir='ltr'>analogias</span> <span class='ocrx_word' id='word_1_272' title='bbox 767 2513 959 2577; x_wconf 85' lang='lat' dir='ltr'>fidelissimos</span> <span class='ocrx_word' id='word_1_273' title='bbox 979 2531 1063 2576; x_wconf 88' lang='lat' dir='ltr'>meos</span> <span class='ocrx_word' id='word_1_274' title='bbox 1082 2513 1254 2592; x_wconf 88' lang='lat' dir='ltr'>magistros,</span> <span class='ocrx_word' id='word_1_275' title='bbox 1278 2511 1408 2574; x_wconf 91' lang='lat' dir='ltr'>omnium</span> <span class='ocrx_word' id='word_1_276' title='bbox 1423 2519 1549 2572; x_wconf 87' lang='lat' dir='ltr'>naturae</span> 
     </span>
     <span class='ocr_line' id='line_1_26' title="bbox 194 2598 1549 2684; baseline -0.006 -18"><span class='ocrx_word' id='word_1_277' title='bbox 194 2619 371 2666; x_wconf 87' lang='lat' dir='ltr'>arcanorum</span> <span class='ocrx_word' id='word_1_278' title='bbox 401 2603 559 2665; x_wconf 88' lang='lat' dir='ltr'>conscios:</span> <span class='ocrx_word' id='word_1_279' title='bbox 596 2603 625 2664; x_wconf 95' lang='lat' dir='ltr'>in</span> <span class='ocrx_word' id='word_1_280' title='bbox 658 2602 825 2683; x_wconf 86' lang='lat' dir='ltr'>geometria</span> <span class='ocrx_word' id='word_1_281' title='bbox 863 2602 1023 2684; x_wconf 88' lang='lat' dir='ltr'>praecipue</span> <span class='ocrx_word' id='word_1_282' title='bbox 1058 2601 1282 2681; x_wconf 89' lang='lat' dir='ltr'>suspiciendos,</span> <span class='ocrx_word' id='word_1_283' title='bbox 1304 2600 1385 2660; x_wconf 85' lang='lat' dir='ltr'>dnm</span> <span class='ocrx_word' id='word_1_284' title='bbox 1417 2598 1549 2660; x_wconf 86' lang='lat' dir='ltr'>infinitos</span> 
     </span>
     <span class='ocr_line' id='line_1_27' title="bbox 181 2688 1548 2771; baseline -0.006 -17"><span class='ocrx_word' id='word_1_285' title='bbox 181 2693 283 2754; x_wconf 83' lang='lat' dir='ltr'>&#39;casus</span> <span class='ocrx_word' id='word_1_286' title='bbox 306 2691 482 2771; x_wconf 87' lang='lat' dir='ltr'>interjectos</span> <span class='ocrx_word' id='word_1_287' title='bbox 505 2692 587 2754; x_wconf 90' lang='lat' dir='ltr'>intra</span> <span class='ocrx_word' id='word_1_288' title='bbox 613 2711 669 2753; x_wconf 88' lang='lat' dir='ltr'>sna</span> <span class='ocrx_word' id='word_1_289' title='bbox 698 2699 835 2754; x_wconf 86' lang='lat' dir='ltr'>extrema</span> <span class='ocrx_word' id='word_1_290' title='bbox 864 2691 1051 2771; x_wconf 91' lang='lat' dir='ltr'>mediumque</span> <span class='ocrx_word' id='word_1_291' title='bbox 1081 2689 1271 2771; x_wconf 89' lang='lat' dir='ltr'>quantumvis</span> <span class='ocrx_word' id='word_1_292' title='bbox 1301 2688 1438 2750; x_wconf 89' lang='lat' dir='ltr'>absurdis</span> <span class='ocrx_word' id='word_1_293' title='bbox 1463 2688 1548 2748; x_wconf 89' lang='lat' dir='ltr'>locu-</span> 
     </span>
     <span class='ocr_line' id='line_1_28' title="bbox 196 2777 1547 2860; baseline -0.007 -17"><span class='ocrx_word' id='word_1_294' title='bbox 196 2780 326 2843; x_wconf 88' lang='lat' dir='ltr'>tionibus</span> <span class='ocrx_word' id='word_1_295' title='bbox 364 2780 558 2855; x_wconf 90' lang='lat' dir='ltr'>coneludunt,</span> <span class='ocrx_word' id='word_1_296' title='bbox 597 2788 753 2860; x_wconf 92' lang='lat' dir='ltr'>totamque</span> <span class='ocrx_word' id='word_1_297' title='bbox 786 2778 829 2840; x_wconf 89' lang='lat' dir='ltr'>rei</span> <span class='ocrx_word' id='word_1_298' title='bbox 862 2778 990 2860; x_wconf 87' lang='lat' dir='ltr'>alicujus</span> <span class='ocrx_word' id='word_1_299' title='bbox 1030 2779 1206 2842; x_wconf 86' lang='lat' dir='ltr'>essentiam·</span> <span class='ocrx_word' id='word_1_300' title='bbox 1231 2777 1396 2840; x_wconf 88' lang='lat' dir='ltr'>luculenter</span> <span class='ocrx_word' id='word_1_301' title='bbox 1432 2783 1547 2855; x_wconf 90' lang='lat' dir='ltr'>ponunt</span> 
     </span>
     <span class='ocr_line' id='line_1_29' title="bbox 195 2869 373 2931; baseline -0.006 0"><span class='ocrx_word' id='word_1_302' title='bbox 195 2871 232 2931; x_wconf 93' lang='lat' dir='ltr'>ob</span> <span class='ocrx_word' id='word_1_303' title='bbox 259 2869 373 2930; x_wconf 87' lang='lat' dir='ltr'>oculos.</span> 
     </span>
    </p>

    <p class='ocr_par' dir='ltr' id='par_1_5' title="bbox 195 2949 1550 3390">
     <span class='ocr_line' id='line_1_30' title="bbox 283 2949 1550 3036; baseline -0.005 -18"><span class='ocrx_word' id='word_1_304' title='bbox 283 2955 365 3027; x_wconf 80' lang='lat' dir='ltr'>Quin</span> <span class='ocrx_word' id='word_1_305' title='bbox 398 2955 490 3018; x_wconf 90' lang='lat' dir='ltr'>etiam</span> <span class='ocrx_word' id='word_1_306' title='bbox 521 2954 550 3016; x_wconf 92' lang='lat' dir='ltr'>in</span> <span class='ocrx_word' id='word_1_307' title='bbox 582 2955 783 3036; x_wconf 86' lang='lat' dir='ltr'>descriptione</span> <span class='ocrx_word' id='word_1_308' title='bbox 819 2955 984 3018; x_wconf 87' lang='lat' dir='ltr'>sectionum</span> <span class='ocrx_word' id='word_1_309' title='bbox 1020 2954 1160 3034; x_wconf 89' lang='lat' dir='ltr'>analogia</span> <span class='ocrx_word' id='word_1_310' title='bbox 1196 2954 1354 3034; x_wconf 86' lang='lat' dir='ltr'>plurimum</span> <span class='ocrx_word' id='word_1_311' title='bbox 1386 2971 1432 3012; x_wconf 87' lang='lat' dir='ltr'>rue</span> <span class='ocrx_word' id='word_1_312' title='bbox 1461 2949 1550 3030; x_wconf 86' lang='lat' dir='ltr'>juvit.</span> 
     </span>
     <span class='ocr_line' id='line_1_31' title="bbox 195 3041 1395 3126; baseline -0.003 -17"><span class='ocrx_word' id='word_1_313' title='bbox 195 3046 315 3109; x_wconf 83' lang='lat' dir='ltr'>Etenim</span> <span class='ocrx_word' id='word_1_314' title='bbox 340 3065 378 3107; x_wconf 85' lang='lat' dir='ltr'>ex</span> <span class='ocrx_word' id='word_1_315' title='bbox 400 3045 455 3119; x_wconf 90' lang='grc' dir='ltr'>ΙΙΙ,</span> <span class='ocrx_word' id='word_1_316' title='bbox 481 3041 534 3106; x_wconf 87' lang='grc'>51.</span> <span class='ocrx_word' id='word_1_317' title='bbox 558 3043 610 3108; x_wconf 81' lang='lat'>52.</span> <span class='ocrx_word' id='word_1_318' title='bbox 640 3045 793 3124; x_wconf 92' lang='lat' dir='ltr'>Apollonii</span> <span class='ocrx_word' id='word_1_319' title='bbox 823 3045 986 3124; x_wconf 86' lang='lat' dir='ltr'>descriptio</span> <span class='ocrx_word' id='word_1_320' title='bbox 1013 3044 1125 3126; x_wconf 88' lang='lat' dir='ltr'>hyper-</span> <span class='ocrx_word' id='word_1_321' title='bbox 1280 3059 1331 3126; x_wconf 77' lang='lat' dir='ltr'>rig.</span> <span class='ocrx_word' id='word_1_322' title='bbox 1353 3055 1395 3107; x_wconf 81' lang='lat' dir='ltr'>ct.</span> 
     </span>
     <span class='ocr_line' id='line_1_32' title="bbox 196 3131 1123 3214; baseline -0.004 -18"><span class='ocrx_word' id='word_1_323' title='bbox 196 3135 279 3196; x_wconf 90' lang='lat' dir='ltr'>bules</span> <span class='ocrx_word' id='word_1_324' title='bbox 311 3143 343 3196; x_wconf 89' lang='lat' dir='ltr'>et</span> <span class='ocrx_word' id='word_1_325' title='bbox 371 3133 512 3214; x_wconf 88' lang='lat' dir='ltr'>ellipseoa</span> <span class='ocrx_word' id='word_1_326' title='bbox 537 3134 666 3195; x_wconf 86' lang='lat' dir='ltr'>efficitur</span> <span class='ocrx_word' id='word_1_327' title='bbox 695 3133 854 3208; x_wconf 82' lang='lat' dir='ltr'>facillima3</span> <span class='ocrx_word' id='word_1_328' title='bbox 886 3141 1047 3214; x_wconf 91' lang='lat' dir='ltr'>potestque</span> <span class='ocrx_word' id='word_1_329' title='bbox 1075 3131 1123 3213; x_wconf 90' lang='lat' dir='ltr'>vel</span> 
     </span>
     <span class='ocr_line' id='line_1_33' title="bbox 195 3187 1477 3417; baseline -0.005 -132"><span class='ocrx_word' id='word_1_330' title='bbox 195 3225 244 3285; x_wconf 87' lang='lat' dir='ltr'>filu</span> <span class='ocrx_word' id='word_1_331' title='bbox 272 3222 386 3302; x_wconf 88' lang='lat' dir='ltr'>perlici.</span> <span class='ocrx_word' id='word_1_332' title='bbox 433 3220 545 3283; x_wconf 88' lang='lat' dir='ltr'>Positis</span> <span class='ocrx_word' id='word_1_333' title='bbox 578 3223 657 3284; x_wconf 89' lang='lat' dir='ltr'>enim</span> <span class='ocrx_word' id='word_1_334' title='bbox 689 3222 764 3308; x_wconf 69' lang='lat' dir='ltr'>locis</span> <span class='ocrx_word' id='word_1_335' title='bbox 792 3221 830 3296; x_wconf 88' lang='lat' dir='ltr'>A,</span> <span class='ocrx_word' id='word_1_336' title='bbox 855 3222 880 3283; x_wconf 95' lang='grc' dir='ltr'>Β</span> <span class='ocrx_word' id='word_1_337' title='bbox 905 3231 936 3283; x_wconf 91' lang='lat' dir='ltr'>et</span> <span class='ocrx_word' id='word_1_338' title='bbox 966 3223 1044 3284; x_wconf 88' lang='lat' dir='ltr'>inter</span> <span class='ocrx_word' id='word_1_339' title='bbox 1071 3239 1124 3281; x_wconf 90' lang='lat' dir='ltr'>eos</span> <span class='ocrx_word' id='word_1_340' title='bbox 1356 3187 1477 3417; x_wconf 49' lang='grc' dir='ltr'>,βΙὶςῚιὶ</span> 
     </span>
     <span class='ocr_line' id='line_1_34' title="bbox 196 3310 1125 3390; baseline -0.002 -19"><span class='ocrx_word' id='word_1_341' title='bbox 196 3313 309 3375; x_wconf 89' lang='lat' dir='ltr'>vertice</span> <span class='ocrx_word' id='word_1_342' title='bbox 331 3311 373 3386; x_wconf 91' lang='grc' dir='ltr'>Ε,</span> <span class='ocrx_word' id='word_1_343' title='bbox 404 3311 535 3390; x_wconf 88' lang='lat' dir='ltr'>ligantur</span> <span class='ocrx_word' id='word_1_344' title='bbox 563 3329 635 3372; x_wconf 89' lang='lat' dir='ltr'>acus</span> <span class='ocrx_word' id='word_1_345' title='bbox 657 3310 688 3372; x_wconf 92' lang='lat' dir='ltr'>in</span> <span class='ocrx_word' id='word_1_346' title='bbox 722 3311 796 3372; x_wconf 87' lang='lat' dir='ltr'>iocis</span> <span class='ocrx_word' id='word_1_347' title='bbox 819 3311 859 3384; x_wconf 91' lang='lat' dir='ltr'>A,</span> <span class='ocrx_word' id='word_1_348' title='bbox 883 3311 919 3384; x_wconf 93' lang='grc' dir='ltr'>Β,</span> <span class='ocrx_word' id='word_1_349' title='bbox 946 3317 1125 3372; x_wconf 89' lang='lat' dir='ltr'>annectatur</span> 
     </span>
    </p>
   </div>
   <div class='ocr_carea' id='block_1_3' title="bbox 197 3398 1485 3700">
    <p class='ocr_par' dir='ltr' id='par_1_6' title="bbox 197 3398 1479 3696">
     <span class='ocr_line' id='line_1_35' title="bbox 197 3398 1410 3648; baseline -0.005 -185"><span class='ocrx_word' id='word_1_350' title='bbox 197 3403 235 3463; x_wconf 92' lang='lat' dir='ltr'>ad</span> <span class='ocrx_word' id='word_1_351' title='bbox 259 3419 345 3462; x_wconf 88' lang='lat' dir='ltr'>acum</span> <span class='ocrx_word' id='word_1_352' title='bbox 364 3399 395 3460; x_wconf 90' lang='lat' dir='ltr'>A</span> <span class='ocrx_word' id='word_1_353' title='bbox 416 3399 497 3461; x_wconf 90' lang='lat' dir='ltr'>tilum</span> <span class='ocrx_word' id='word_1_354' title='bbox 523 3398 708 3479; x_wconf 86' lang='lat' dir='ltr'>longitndine</span> <span class='ocrx_word' id='word_1_355' title='bbox 724 3399 790 3475; x_wconf 89' lang='grc' dir='ltr'>ΑΕ,</span> <span class='ocrx_word' id='word_1_356' title='bbox 816 3400 895 3460; x_wconf 92' lang='lat' dir='ltr'>adB</span> <span class='ocrx_word' id='word_1_357' title='bbox 919 3399 999 3460; x_wconf 89' lang='lat' dir='ltr'>tilnm</span> <span class='ocrx_word' id='word_1_358' title='bbox 1011 3399 1124 3475; x_wconf 88' lang='lat' dir='ltr'>longi·</span> <span class='ocrx_word' id='word_1_359' title='bbox 1219 3441 1410 3648; x_wconf 57' lang='lat' dir='ltr'><em>ss</em></span> 
     </span>
     <span class='ocr_line' id='line_1_36' title="bbox 1233 3479 1485 3700; baseline -0.005 -2.887"><span class='ocrx_word' id='word_1_360' title='bbox 1233 3571 1292 3628; x_wconf 85' lang='lat'>.</span> <span class='ocrx_word' id='word_1_361' title='bbox 1370 3479 1485 3700; x_wconf 89' lang='lat' dir='ltr'>l</span> 
     </span>
    </p>
   </div>
   <div class='ocr_carea' id='block_1_4' title="bbox 1462 3161 1479 3198">
    <p class='ocr_par' dir='ltr' id='par_1_7' title="bbox 1462 3161 1479 3198">
     <span class='ocr_line' id='line_1_37' title="bbox 1462 3161 1479 3198; baseline 0 0"><span class='ocrx_word' id='word_1_362' title='bbox 1462 3161 1479 3198; x_wconf 82' lang='lat' dir='ltr'>A</span> 
     </span>
    </p>
   </div>
   <div class='ocr_carea' id='block_1_5' title="bbox 197 3485 1552 4543">
    <p class='ocr_par' dir='ltr' id='par_1_8' title="bbox 197 3485 1125 3568">
     <span class='ocr_line' id='line_1_38' title="bbox 197 3485 1125 3568; baseline -0.005 -17"><span class='ocrx_word' id='word_1_363' title='bbox 197 3490 297 3552; x_wconf 86' lang='lat' dir='ltr'>tudina</span> <span class='ocrx_word' id='word_1_364' title='bbox 321 3487 386 3550; x_wconf 85' lang='lat' dir='ltr'>BE.</span> <span class='ocrx_word' id='word_1_365' title='bbox 432 3487 631 3566; x_wconf 87' lang='lat' dir='ltr'>Prolongetur</span> <span class='ocrx_word' id='word_1_366' title='bbox 660 3485 817 3568; x_wconf 91' lang='lat' dir='ltr'>utr&#39;umqus</span> <span class='ocrx_word' id='word_1_367' title='bbox 842 3488 922 3549; x_wconf 87' lang='lat' dir='ltr'>filum</span> <span class='ocrx_word' id='word_1_368' title='bbox 950 3487 1125 3567; x_wconf 89' lang='lat' dir='ltr'>aequalibus</span> 
     </span>
    </p>

    <p class='ocr_par' dir='ltr' id='par_1_9' title="bbox 197 3575 1369 3679">
     <span class='ocr_line' id='line_1_39' title="bbox 197 3575 1369 3679; baseline -0.006 -38"><span class='ocrx_word' id='word_1_369' title='bbox 197 3577 409 3646; x_wconf 88' lang='lat' dir='ltr'>additionibus,</span> <span class='ocrx_word' id='word_1_370' title='bbox 433 3584 467 3638; x_wconf 94' lang='lat' dir='ltr'>ut</span> <span class='ocrx_word' id='word_1_371' title='bbox 481 3595 506 3638; x_wconf 83' lang='lat' dir='ltr'>si</span> <span class='ocrx_word' id='word_1_372' title='bbox 498 3575 631 3656; x_wconf 86' lang='lat' dir='ltr'>&#39;duplex</span> <span class='ocrx_word' id='word_1_373' title='bbox 654 3577 735 3639; x_wconf 85' lang='lat' dir='ltr'>filum</span> <span class='ocrx_word' id='word_1_374' title='bbox 751 3577 855 3656; x_wconf 90' lang='lat' dir='ltr'>digitis</span> <span class='ocrx_word' id='word_1_375' title='bbox 878 3575 1123 3657; x_wconf 89' lang='lat' dir='ltr'>comprehendas,</span> <span class='ocrx_word' id='word_1_376' title='bbox 1193 3607 1369 3679; x_wconf 28' lang='grc' dir='ltr'>,Χ</span> 
     </span>
    </p>

    <p class='ocr_par' dir='ltr' id='par_1_10' title="bbox 198 3663 1123 3748">
     <span class='ocr_line' id='line_1_40' title="bbox 198 3663 1123 3748; baseline -0.003 -20"><span class='ocrx_word' id='word_1_377' title='bbox 198 3667 291 3748; x_wconf 85' lang='lat' dir='ltr'>iisqne</span> <span class='ocrx_word' id='word_1_378' title='bbox 306 3664 387 3728; x_wconf 86' lang='lat' dir='ltr'>abE</span> <span class='ocrx_word' id='word_1_379' title='bbox 411 3663 635 3745; x_wconf 86' lang='lat' dir='ltr'>discedentibps</span> <span class='ocrx_word' id='word_1_380' title='bbox 655 3665 728 3726; x_wconf 88' lang='lat' dir='ltr'>bina</span> <span class='ocrx_word' id='word_1_381' title='bbox 741 3665 792 3726; x_wconf 88' lang='lat' dir='ltr'>fila</span> <span class='ocrx_word' id='word_1_382' title='bbox 810 3664 957 3744; x_wconf 89' lang='lat' dir='ltr'>paulatim</span> <span class='ocrx_word' id='word_1_383' title='bbox 976 3664 1123 3737; x_wconf 89' lang='lat' dir='ltr'>dimittas,</span> 
     </span>
    </p>

    <p class='ocr_par' dir='ltr' id='par_1_11' title="bbox 198 3753 1124 3836">
     <span class='ocr_line' id='line_1_41' title="bbox 198 3753 1124 3836; baseline -0.003 -20"><span class='ocrx_word' id='word_1_384' title='bbox 198 3757 353 3836; x_wconf 86' lang='lat' dir='ltr'>alteraque</span> <span class='ocrx_word' id='word_1_385' title='bbox 376 3771 464 3816; x_wconf 91' lang='lat' dir='ltr'>manu</span> <span class='ocrx_word' id='word_1_386' title='bbox 492 3753 595 3833; x_wconf 87' lang='lat' dir='ltr'>signes</span> <span class='ocrx_word' id='word_1_387' title='bbox 618 3754 678 3816; x_wconf 90' lang='lat' dir='ltr'>iter</span> <span class='ocrx_word' id='word_1_388' title='bbox 706 3755 823 3834; x_wconf 91' lang='lat' dir='ltr'>anguli,</span> <span class='ocrx_word' id='word_1_389' title='bbox 853 3772 939 3834; x_wconf 89' lang='lat' dir='ltr'>quem</span> <span class='ocrx_word' id='word_1_390' title='bbox 967 3761 1124 3831; x_wconf 85' lang='lat' dir='ltr'>utrumque</span> 
     </span>
    </p>

    <p class='ocr_par' dir='ltr' id='par_1_12' title="bbox 198 3827 1552 4277">
     <span class='ocr_line' id='line_1_42' title="bbox 199 3827 1552 3943; baseline -0.014 -37"><span class='ocrx_word' id='word_1_391' title='bbox 199 3846 275 3906; x_wconf 83' lang='lat' dir='ltr'>iilum</span> <span class='ocrx_word' id='word_1_392' title='bbox 309 3842 384 3904; x_wconf 87' lang='lat' dir='ltr'>lacit</span> <span class='ocrx_word' id='word_1_393' title='bbox 422 3843 501 3921; x_wconf 91' lang='lat' dir='ltr'>apud</span> <span class='ocrx_word' id='word_1_394' title='bbox 534 3841 663 3943; x_wconf 86' lang='lat' dir='ltr'>digitos,</span> <span class='ocrx_word' id='word_1_395' title='bbox 697 3863 734 3904; x_wconf 89' lang='lat' dir='ltr'>ea</span> <span class='ocrx_word' id='word_1_396' title='bbox 766 3841 953 3922; x_wconf 88' lang='lat' dir='ltr'>designatio</span> <span class='ocrx_word' id='word_1_397' title='bbox 967 3841 1026 3903; x_wconf 89' lang='lat' dir='ltr'>erit</span> <span class='ocrx_word' id='word_1_398' title='bbox 1054 3837 1225 3922; x_wconf 88' lang='lat' dir='ltr'>hyperbole.</span> <span class='ocrx_word' id='word_1_399' title='bbox 1272 3831 1403 3894; x_wconf 90' lang='lat' dir='ltr'>Facilius</span> <span class='ocrx_word' id='word_1_400' title='bbox 1436 3827 1552 3907; x_wconf 87' lang='lat' dir='ltr'>ellipsis</span> 
     </span>
     <span class='ocr_line' id='line_1_43' title="bbox 198 3919 1552 4010; baseline -0.013 -16"><span class='ocrx_word' id='word_1_401' title='bbox 198 3932 384 3995; x_wconf 88' lang='lat' dir='ltr'>describitur.</span> <span class='ocrx_word' id='word_1_402' title='bbox 429 3931 502 3992; x_wconf 83' lang='lat' dir='ltr'>1⁴oci</span> <span class='ocrx_word' id='word_1_403' title='bbox 525 3930 588 3991; x_wconf 91' lang='lat' dir='ltr'>sint</span> <span class='ocrx_word' id='word_1_404' title='bbox 609 3931 649 4005; x_wconf 88' lang='lat' dir='ltr'>A,</span> <span class='ocrx_word' id='word_1_405' title='bbox 673 3931 711 4004; x_wconf 92' lang='grc' dir='ltr'>Β,</span> <span class='ocrx_word' id='word_1_406' title='bbox 734 3929 899 3994; x_wconf 81' lang='lat' dir='ltr'>vertexE.</span> <span class='ocrx_word' id='word_1_407' title='bbox 946 3930 1019 4010; x_wconf 87' lang='lat' dir='ltr'>Fige</span> <span class='ocrx_word' id='word_1_408' title='bbox 1044 3947 1115 3989; x_wconf 88' lang='lat' dir='ltr'>acus</span> <span class='ocrx_word' id='word_1_409' title='bbox 1140 3927 1239 3986; x_wconf 84' lang='lat' dir='ltr'>firmas</span> <span class='ocrx_word' id='word_1_410' title='bbox 1262 3919 1354 3990; x_wconf 90' lang='lat' dir='ltr'>inA,</span> <span class='ocrx_word' id='word_1_411' title='bbox 1374 3919 1410 3994; x_wconf 93' lang='lat' dir='ltr'>B,</span> <span class='ocrx_word' id='word_1_412' title='bbox 1435 3925 1552 3978; x_wconf 89' lang='lat' dir='ltr'>utram-</span> 
     </span>
     <span class='ocr_line' id='line_1_44' title="bbox 200 4003 1552 4120; baseline -0.015 -37"><span class='ocrx_word' id='word_1_413' title='bbox 200 4041 253 4101; x_wconf 88' lang='lat' dir='ltr'>que</span> <span class='ocrx_word' id='word_1_414' title='bbox 276 4021 327 4082; x_wconf 89' lang='lat' dir='ltr'>lilo</span> <span class='ocrx_word' id='word_1_415' title='bbox 351 4019 532 4120; x_wconf 88' lang='lat' dir='ltr'>amplectere</span> <span class='ocrx_word' id='word_1_416' title='bbox 555 4019 684 4099; x_wconf 89' lang='lat' dir='ltr'>simplici</span> <span class='ocrx_word' id='word_1_417' title='bbox 709 4021 863 4099; x_wconf 82' lang='lat' dir='ltr'>amplexu,</span> <span class='ocrx_word' id='word_1_418' title='bbox 889 4026 923 4081; x_wconf 90' lang='lat' dir='ltr'>ut</span> <span class='ocrx_word' id='word_1_419' title='bbox 944 4019 1023 4081; x_wconf 88' lang='lat' dir='ltr'>iuter</span> <span class='ocrx_word' id='word_1_420' title='bbox 1046 4017 1101 4077; x_wconf 90' lang='lat' dir='ltr'>AB</span> <span class='ocrx_word' id='word_1_421' title='bbox 1125 4015 1206 4074; x_wconf 83' lang='lat' dir='ltr'>iilum</span> <span class='ocrx_word' id='word_1_422' title='bbox 1231 4030 1289 4072; x_wconf 93' lang='lat' dir='ltr'>non</span> <span class='ocrx_word' id='word_1_423' title='bbox 1318 4007 1454 4069; x_wconf 83' lang='lat' dir='ltr'>intersit.¹</span> <span class='ocrx_word' id='word_1_424' title='bbox 1495 4003 1552 4066; x_wconf 85' lang='lat' dir='ltr'>Fili</span> 
     </span>
     <span class='ocr_line' id='line_1_45' title="bbox 201 4091 1425 4189; baseline -0.008 -18"><span class='ocrx_word' id='word_1_425' title='bbox 201 4109 353 4189; x_wconf 87' lang='lat' dir='ltr'>longitudo</span> <span class='ocrx_word' id='word_1_426' title='bbox 386 4107 427 4171; x_wconf 90' lang='lat' dir='ltr'>sit</span> <span class='ocrx_word' id='word_1_427' title='bbox 448 4107 506 4169; x_wconf 81' lang='grc' dir='ltr'>ΑΕ</span> <span class='ocrx_word' id='word_1_428' title='bbox 537 4108 709 4188; x_wconf 87' lang='lat' dir='ltr'>duplicata,</span> <span class='ocrx_word' id='word_1_429' title='bbox 744 4117 775 4169; x_wconf 90' lang='lat' dir='ltr'>et</span> <span class='ocrx_word' id='word_1_430' title='bbox 805 4109 906 4187; x_wconf 88' lang='lat' dir='ltr'>capita</span> <span class='ocrx_word' id='word_1_431' title='bbox 937 4107 978 4170; x_wconf 86' lang='lat' dir='ltr'>fili</span> <span class='ocrx_word' id='word_1_432' title='bbox 1011 4095 1088 4167; x_wconf 86' lang='lat' dir='ltr'>nodo</span> <span class='ocrx_word' id='word_1_433' title='bbox 1117 4107 1178 4166; x_wconf 88' lang='lat' dir='ltr'>siut</span> <span class='ocrx_word' id='word_1_434' title='bbox 1307 4097 1361 4162; x_wconf 69' lang='lat'>¹²¹2·</span> <span class='ocrx_word' id='word_1_435' title='bbox 1382 4091 1425 4144; x_wconf 73' lang='lat'>⁶⁵·</span> 
     </span>
     <span class='ocr_line' id='line_1_46' title="bbox 200 4193 1175 4277; baseline -0.006 -17"><span class='ocrx_word' id='word_1_436' title='bbox 200 4217 343 4260; x_wconf 84' lang='lat' dir='ltr'>connexa.</span> <span class='ocrx_word' id='word_1_437' title='bbox 390 4197 526 4258; x_wconf 88' lang='lat' dir='ltr'>lusere</span> <span class='ocrx_word' id='word_1_438' title='bbox 514 4215 578 4276; x_wconf 85' lang='lat' dir='ltr'>Jarn</span> <span class='ocrx_word' id='word_1_439' title='bbox 602 4195 831 4277; x_wconf 83' lang='lat' dir='ltr'>graphiumO&#39;</span> <span class='ocrx_word' id='word_1_440' title='bbox 822 4216 852 4258; x_wconf 91' lang='lat' dir='ltr'>m</span> <span class='ocrx_word' id='word_1_441' title='bbox 877 4197 1002 4258; x_wconf 90' lang='lat' dir='ltr'>eundem</span> <span class='ocrx_word' id='word_1_442' title='bbox 1026 4193 1067 4256; x_wconf 87' lang='lat' dir='ltr'>lili</span> <span class='ocrx_word' id='word_1_443' title='bbox 1091 4211 1175 4254; x_wconf 89' lang='lat' dir='ltr'>com-</span> 
     </span>
    </p>

    <p class='ocr_par' dir='ltr' id='par_1_13' title="bbox 200 4265 1370 4543">
     <span class='ocr_line' id='line_1_47' title="bbox 200 4265 1340 4373; baseline -0.007 -24"><span class='ocrx_word' id='word_1_444' title='bbox 200 4288 318 4366; x_wconf 84' lang='lat' dir='ltr'>plexum</span> <span class='ocrx_word' id='word_1_445' title='bbox 332 4303 399 4346; x_wconf 91' lang='lat' dir='ltr'>cum</span> <span class='ocrx_word' id='word_1_446' title='bbox 414 4285 479 4358; x_wconf 91' lang='lat' dir='ltr'>AB,</span> <span class='ocrx_word' id='word_1_447' title='bbox 504 4295 536 4346; x_wconf 90' lang='lat' dir='ltr'>et</span> <span class='ocrx_word' id='word_1_448' title='bbox 551 4293 637 4348; x_wconf 89' lang='lat' dir='ltr'>tenso</span> <span class='ocrx_word' id='word_1_449' title='bbox 653 4285 713 4358; x_wconf 89' lang='lat' dir='ltr'>filo,</span> <span class='ocrx_word' id='word_1_450' title='bbox 737 4293 880 4366; x_wconf 90' lang='lat' dir='ltr'>qnantum</span> <span class='ocrx_word' id='word_1_451' title='bbox 898 4284 930 4346; x_wconf 93' lang='lat' dir='ltr'>id</span> <span class='ocrx_word' id='word_1_452' title='bbox 948 4283 1072 4366; x_wconf 89' lang='lat' dir='ltr'>patitur,</span> <span class='ocrx_word' id='word_1_453' title='bbox 1097 4280 1177 4344; x_wconf 88' lang='lat' dir='ltr'>circa</span> <span class='ocrx_word' id='word_1_454' title='bbox 1239 4265 1340 4373; x_wconf 26' lang='grc' dir='ltr'>ΒΝ,</span> 
     </span>
     <span class='ocr_line' id='line_1_48' title="bbox 201 4369 1362 4456; baseline -0.008 -18"><span class='ocrx_word' id='word_1_455' title='bbox 201 4376 256 4438; x_wconf 91' lang='grc' dir='ltr'>ΑΒ</span> <span class='ocrx_word' id='word_1_456' title='bbox 279 4373 446 4436; x_wconf 87' lang='lat' dir='ltr'>circumduc</span> <span class='ocrx_word' id='word_1_457' title='bbox 476 4373 600 4444; x_wconf 89' lang='lat' dir='ltr'>lineam,</span> <span class='ocrx_word' id='word_1_458' title='bbox 633 4375 709 4436; x_wconf 90' lang='lat' dir='ltr'>haec</span> <span class='ocrx_word' id='word_1_459' title='bbox 741 4372 857 4454; x_wconf 90' lang='lat' dir='ltr'>ellipsis</span> <span class='ocrx_word' id='word_1_460' title='bbox 887 4373 954 4436; x_wconf 89' lang='lat' dir='ltr'>erit.</span> <span class='ocrx_word' id='word_1_461' title='bbox 1002 4370 1078 4435; x_wconf 83' lang='lat' dir='ltr'>Cum</span> <span class='ocrx_word' id='word_1_462' title='bbox 1102 4369 1176 4430; x_wconf 90' lang='lat' dir='ltr'>haec</span> <span class='ocrx_word' id='word_1_463' title='bbox 1239 4379 1260 4420; x_wconf 75' lang='lat' dir='ltr'>A</span> <span class='ocrx_word' id='word_1_464' title='bbox 1340 4374 1362 4456; x_wconf 45' lang='lat' dir='ltr'>l,</span> 
     </span>
     <span class='ocr_line' id='line_1_49' title="bbox 202 4433 1370 4543; baseline -0.007 -19"><span class='ocrx_word' id='word_1_465' title='bbox 202 4473 261 4524; x_wconf 81' lang='grc' dir='ltr'>ιιιιιι</span> <span class='ocrx_word' id='word_1_466' title='bbox 285 4460 384 4524; x_wconf 80' lang='lat' dir='ltr'>facilis</span> <span class='ocrx_word' id='word_1_467' title='bbox 407 4469 491 4524; x_wconf 88' lang='lat' dir='ltr'>esset</span> <span class='ocrx_word' id='word_1_468' title='bbox 513 4461 693 4543; x_wconf 90' lang='lat' dir='ltr'>descriptio,</span> <span class='ocrx_word' id='word_1_469' title='bbox 717 4482 774 4524; x_wconf 91' lang='lat' dir='ltr'>con</span> <span class='ocrx_word' id='word_1_470' title='bbox 798 4461 934 4542; x_wconf 89' lang='lat' dir='ltr'>indigens</span> <span class='ocrx_word' id='word_1_471' title='bbox 958 4459 1093 4540; x_wconf 88' lang='lat' dir='ltr'>operosis</span> <span class='ocrx_word' id='word_1_472' title='bbox 1118 4455 1177 4519; x_wconf 86' lang='lat' dir='ltr'>illis</span> <span class='ocrx_word' id='word_1_473' title='bbox 1260 4433 1308 4531; x_wconf 44' lang='lat' dir='ltr'>,bl</span> <span class='ocrx_word' id='word_1_474' title='bbox 1361 4457 1370 4528; x_wconf 75' lang='lat' dir='ltr'>l,</span> 
     </span>
    </p>
   </div>
   <div class='ocr_carea' id='block_1_6' title="bbox 1303 4603 1368 4664">
    <p class='ocr_par' dir='ltr' id='par_1_14' title="bbox 1303 4603 1368 4664">
     <span class='ocr_line' id='line_1_50' title="bbox 1303 4603 1368 4664; baseline 0.062 -26"><span class='ocrx_word' id='word_1_475' title='bbox 1303 4603 1368 4664; x_wconf 62' lang='lat' dir='ltr'>lc!</span> 
     </span>
    </p>
   </div>
   <div class='ocr_carea' id='block_1_7' title="bbox 203 4510 1565 4880">
    <p class='ocr_par' dir='ltr' id='par_1_15' title="bbox 203 4510 1565 4758">
     <span class='ocr_line' id='line_1_51' title="bbox 203 4510 1565 4636; baseline -0.01 -24"><span class='ocrx_word' id='word_1_476' title='bbox 203 4551 327 4628; x_wconf 85' lang='lat' dir='ltr'>clreicis,</span> <span class='ocrx_word' id='word_1_477' title='bbox 353 4549 458 4630; x_wconf 90' lang='lat' dir='ltr'>quibus</span> <span class='ocrx_word' id='word_1_478' title='bbox 482 4550 574 4631; x_wconf 88' lang='lat' dir='ltr'>aliqui</span> <span class='ocrx_word' id='word_1_479' title='bbox 602 4551 746 4614; x_wconf 90' lang='lat' dir='ltr'>cudendis</span> <span class='ocrx_word' id='word_1_480' title='bbox 775 4551 1004 4612; x_wconf 90' lang='lat' dir='ltr'>admirationem</span> <span class='ocrx_word' id='word_1_481' title='bbox 1027 4546 1176 4609; x_wconf 90' lang='lat' dir='ltr'>hominum</span> <span class='ocrx_word' id='word_1_482' title='bbox 1260 4545 1263 4567; x_wconf 76' lang='lat'>¹</span> <span class='ocrx_word' id='word_1_483' title='bbox 1294 4510 1371 4595; x_wconf 53' lang='lat' dir='ltr'>,Nl</span> <span class='ocrx_word' id='word_1_484' title='bbox 1560 4629 1565 4636; x_wconf 58' lang='lat'><strong><em>‚</em></strong></span> 
     </span>
     <span class='ocr_line' id='line_1_52' title="bbox 1331 4583 1526 4880; baseline -0.011 -121.772"><span class='ocrx_word' id='word_1_485' title='bbox 1331 4583 1526 4880; x_wconf 86' lang='lat' dir='ltr'>QQ</span> 
     </span>
    </p>
   </div>
   <div class='ocr_carea' id='block_1_8' title="bbox 202 4634 1409 4932">
    <p class='ocr_par' dir='ltr' id='par_1_16' title="bbox 202 4634 1352 4898">
     <span class='ocr_line' id='line_1_53' title="bbox 202 4634 1319 4727; baseline -0.005 -29"><span class='ocrx_word' id='word_1_486' title='bbox 202 4649 360 4714; x_wconf 81' lang='lat' dir='ltr'>venantur,</span> <span class='ocrx_word' id='word_1_487' title='bbox 392 4639 443 4700; x_wconf 91' lang='lat' dir='ltr'>diu</span> <span class='ocrx_word' id='word_1_488' title='bbox 471 4639 565 4708; x_wconf 90' lang='lat' dir='ltr'>dolui,</span> <span class='ocrx_word' id='word_1_489' title='bbox 598 4661 655 4702; x_wconf 92' lang='lat' dir='ltr'>non</span> <span class='ocrx_word' id='word_1_490' title='bbox 689 4658 779 4720; x_wconf 89' lang='lat' dir='ltr'>posse</span> <span class='ocrx_word' id='word_1_491' title='bbox 812 4639 856 4702; x_wconf 89' lang='lat' dir='ltr'>sic</span> <span class='ocrx_word' id='word_1_492' title='bbox 888 4639 982 4701; x_wconf 89' lang='lat' dir='ltr'>etiam</span> <span class='ocrx_word' id='word_1_493' title='bbox 1013 4634 1177 4718; x_wconf 90' lang='lat' dir='ltr'>parabolen</span> <span class='ocrx_word' id='word_1_494' title='bbox 1235 4655 1319 4727; x_wconf 59' lang='lat' dir='ltr'>Bp</span> 
     </span>
     <span class='ocr_line' id='line_1_54' title="bbox 206 4699 1355 4808; baseline -0.009 -18"><span class='ocrx_word' id='word_1_495' title='bbox 206 4729 339 4791; x_wconf 83' lang='lat' dir='ltr'>describi.</span> <span class='ocrx_word' id='word_1_496' title='bbox 387 4727 520 4790; x_wconf 86' lang='lat' dir='ltr'>Tandem</span> <span class='ocrx_word' id='word_1_497' title='bbox 549 4729 691 4808; x_wconf 90' lang='lat' dir='ltr'>analogia</span> <span class='ocrx_word' id='word_1_498' title='bbox 723 4729 905 4790; x_wconf 88' lang='lat' dir='ltr'>monstravit</span> <span class='ocrx_word' id='word_1_499' title='bbox 934 4729 982 4800; x_wconf 92' lang='lat' dir='ltr'>(et</span> <span class='ocrx_word' id='word_1_500' title='bbox 934 4719 1180 4804; x_wconf 85' lang='lat' dir='ltr'>(geometria</span> <span class='ocrx_word' id='word_1_501' title='bbox 1257 4721 1307 4768; x_wconf 82' lang='lat' dir='ltr'>l</span> <span class='ocrx_word' id='word_1_502' title='bbox 1286 4699 1355 4766; x_wconf 48' lang='grc' dir='ltr'>ΞΥ</span> 
     </span>
     <span class='ocr_line' id='line_1_55' title="bbox 206 4763 1409 4932; baseline -0.007 -55"><span class='ocrx_word' id='word_1_503' title='bbox 206 4818 390 4898; x_wconf 88' lang='lat' dir='ltr'>comprobat)</span> <span class='ocrx_word' id='word_1_504' title='bbox 423 4835 482 4878; x_wconf 95' lang='lat' dir='ltr'>non</span> <span class='ocrx_word' id='word_1_505' title='bbox 514 4817 607 4880; x_wconf 75' lang='lat' dir='ltr'>inulto</span> <span class='ocrx_word' id='word_1_506' title='bbox 648 4817 802 4898; x_wconf 88' lang='lat' dir='ltr'>operosius</span> <span class='ocrx_word' id='word_1_507' title='bbox 836 4825 867 4878; x_wconf 89' lang='lat' dir='ltr'>et</span> <span class='ocrx_word' id='word_1_508' title='bbox 899 4817 976 4878; x_wconf 90' lang='lat' dir='ltr'>hanc</span> <span class='ocrx_word' id='word_1_509' title='bbox 1008 4813 1179 4891; x_wconf 86' lang='lat' dir='ltr'>designare</span> <span class='ocrx_word' id='word_1_510' title='bbox 1236 4763 1409 4932; x_wconf 32' lang='lat'>41³⁰*</span> 
     </span>
    </p>
   </div>
   <div class='ocr_carea' id='block_1_9' title="bbox 0 0 1864 5518">
    <p class='ocr_par' dir='ltr' id='par_1_17' title="bbox 0 0 1864 5518">
     <span class='ocr_line' id='line_1_56' title="bbox 0 0 1864 5518; baseline 0 0"><span class='ocrx_word' id='word_1_511' title='bbox 0 0 1864 5518; x_wconf 95' lang='lat' dir='ltr'> </span> 
     </span>
    </p>
   </div>
  </div>
 </body>
</html>
