3694 5528
338 307 404 378 562
950 309 1077 376 napea

337 487 414 556 Dico
447 487 538 551 etlam
571 483 701 568 speciem
732 482 796 546 fieri
830 484 973 548 minorem
1002 503 1056 568 per
1086 487 1160 548 duas
1193 500 1345 548 convexas
1378 486 1506 548 invicem
1536 486 1701 567 contiguas

338 579 406 654 AB,
433 575 496 652 OD,
522 593 610 656 quam
633 591 687 655 per
710 592 799 635 unam
821 573 889 636 AB.

425 665 505 730 Nam
528 664 597 744 quia
619 679 679 724 una
702 679 779 724 cara
800 664 867 724 leus
890 669 939 723 est
961 663 1117 742 utrimque,
1143 664 1269 725 eandem
1292 661 1385 744 igitur
1398 664 1575 726 causabitur
1592 663 1702 728 radio-

338 768 402 820 rum
426 751 652 834 divergentiam.
699 751 815 813 Eodem
838 751 930 832 igitur
961 749 1122 813 intervallo
1152 752 1251 813 aberit
1272 761 1336 814 tarn
1360 753 1399 814 ab
1422 753 1451 814 Η
1475 771 1621 815 concursu
1645 773 1705 833 per

339 861 427 906 unam
451 841 516 915 AB,
542 859 630 920 quarn
655 839 693 900 ab
718 840 731 900 Ι
755 857 901 902 concursu
924 857 978 919 per
1001 847 1155 920 utramque
1179 841 1246 916 AB,
1274 839 1329 903 OD
1352 850 1489 916 causato,
1522 858 1578 921 per
1602 840 1702 916 cx1;

339 931 380 993 sit
402 931 477 992 haec
501 928 648 992 distantia
660 927 729 1004 HN,
755 924 810 1001 10,
830 927 895 991 GP.
942 928 1107 1008 Arpano
1131 929 1238 990 eadem
1261 930 1301 990 ad
1325 929 1478 991 dimidium
1492 929 1539 992 IR
1553 931 1702 1010 majorem

338 1020 434 1082 habet
455 1017 679 1099 proportionem
707 1033 795 1096 quarn
820 1017 858 1078 ad
882 1015 1001 1096 duplum
1025 1017 1095 1079 HR.
1141 1016 1302 1097 Propiores
1332 1016 1424 1096 igitur
1452 1026 1523 1080 sunt
1545 1019 1617 1094 AB,
1644 1017 1703 1082 OD

337 1109 464 1190 junctas
488 1105 546 1186 ipsi
570 1103 597 1168 Ο
622 1104 685 1178 (vel
709 1105 762 1166 EF
784 1105 844 1167 illis
872 1105 1078 1184 aequipollens
1107 1106 1164 1185 ipsi
1187 1107 1213 1168 P
1237 1107 1265 1167 in
1299 1125 1372 1168 suae
1400 1105 1617 1170 semidiametri
1641 1107 1704 1170 LG

341 1195 567 1278 proportione),
600 1211 687 1274 quam
716 1194 783 1256 sola
812 1193 867 1256 AB
892 1194 949 1274 ipsi
971 1193 1001 1256 N
1024 1194 1053 1256 in
1085 1213 1158 1257 suae
1181 1193 1252 1257 RH.
1298 1195 1419 1258 Minora
1447 1196 1538 1275 igitur
1564 1197 1704 1258 visibill-a

340 1283 394 1347 EF
428 1287 641 1363 repraesentat
673 1301 725 1362 per
749 1299 854 1344 cavam
877 1283 912 1358 P,
938 1301 1025 1363 quarn
1049 1283 1106 1346 AB
1135 1284 1202 1345 sola
1225 1303 1280 1363 per
1302 1297 1408 1347 cauam
1430 1284 1460 1346 N
1484 1284 1621 1358 eandem,
1646 1301 1705 1365 per

340 1372 530 1446 LXXXlIl;
555 1371 670 1432 minora
692 1370 785 1451 igitur
808 1378 840 1433 et
863 1372 939 1432 duae
963 1372 1030 1442 AB,
1056 1371 1111 1435 OD
1130 1375 1265 1452 Junctae,
1290 1391 1378 1453 quam
1400 1392 1460 1434 una
1482 1375 1549 1436 sola
1571 1374 1640 1436 AB.

430 1459 580 1526 CXXVI.
627 1459 858 1540 Propositio.
906 1460 1004 1523 Unica
1026 1462 1200 1541 superficies
1233 1480 1368 1524 concava
1398 1481 1492 1541 parvo
1524 1463 1636 1524 circulo
1672 1463 1703 1523 in

340 1549 525 1632 dissipandis
558 1566 611 1609 seu
644 1547 855 1628 disgregandis
887 1549 981 1611 radiis
1017 1550 1080 1612 sere
1113 1550 1297 1632 aequipollet
1333 1549 1448 1613 duabus
1485 1551 1704 1632 superficiebus

341 1639 483 1703 concavis
507 1656 545 1699 ex
567 1637 680 1700 circulo
704 1637 798 1716 duple
818 1636 931 1716 majore
956 1637 1112 1701 desumtia.

429 1725 580 1790 Probatur
603 1745 640 1787 ax
662 1725 813 1789 Lxxlx.
838 1734 870 1788 et
892 1726 949 1788 llI.

432 1813 596 1880 CXXVII.
631 1813 864 1894 Propositio.
901 1815 987 1877 Duae
1002 1815 1100 1877 lentes
1115 1833 1266 1877 concavae
1284 1815 1413 1878 invicem
1434 1811 1593 1896 contiguae
1607 1817 1702 1896 paulo

343 1903 504 1968 admodum
525 1923 544 1964 a
562 1903 643 1964 lente
667 1921 802 1966 convexa
822 1903 941 1983 longius
962 1903 1088 1979 distant,
1113 1923 1203 1984 quam
1223 1921 1325 1966 earnm
1348 1905 1445 1980 unica,
1470 1912 1505 1968 ut
1525 1904 1702 1967 distinctam

345 1994 477 2058 alliciant
500 1991 655 2066 visionem,
680 1993 735 2053 sed
759 1991 891 2072 speciem
913 1991 1043 2055 visibilis
1066 1993 1193 2056 multum
1216 2010 1252 2055 ac
1276 1995 1339 2055 lere
1362 1992 1452 2072 duplo
1477 2002 1600 2074 augent.
1647 2003 1654 2016 ‘

435 2081 514 2146 Nam
538 2080 696 2160 paralleli,
730 2099 804 2162 quos
837 2081 902 2144 lens
927 2099 1062 2144 convexa
1077 2081 1157 2144 iecit
1180 2099 1379 2163 somergem,
1414 2081 1459 2144 sic
1491 2083 1703 2162 convergendo

343 2171 515 2234 incidentes
538 2170 568 2232 iu
592 2187 707 2246 cavam,
732 2190 768 2231 ea
792 2171 922 2232 transita
945 2171 1077 2233 vitantes
1092 2187 1268 2233 concursum
1290 2188 1406 2233 rursum
1422 2170 1581 2252 divergnnt
1595 2191 1704 2233 versus

346 2260 465 2322 oculum
488 2277 542 2338 per
557 2254 667 2334 CVII,
693 2259 868 2338 supponitur
892 2259 969 2322 enirn
994 2261 1223 2322 instrumentum
1247 2267 1278 2321 et
1300 2261 1330 2322 in
1355 2279 1390 2320 eo
1409 2259 1486 2321 situs
1503 2279 1596 2322 cavae
1611 2259 1704 2321 lentis

342 2347 439 2412 utilis.
486 2347 555 2408 Jam
580 2366 650 2409 vero
674 2348 772 2408 altera
795 2367 870 2410 cava
902 2349 981 2411 inter
1009 2349 1124 2411 oculum
1155 2357 1187 2410 et
1209 2349 1338 2428 priorem
1371 2365 1477 2410 cavam
1509 2348 1701 2429 interposita,

344 2455 421 2517 quas
446 2435 619 2515 intercipiat
642 2435 843 2516 divergentes,
869 2435 943 2498 iacit
966 2457 1018 2500 eos
1041 2437 1092 2500 ubi
1115 2435 1292 2514 trajecerint
1317 2435 1473 2517 divergere
1497 2438 1625 2517 amplius
1649 2455 1703 2517 per

343 2523 473 2594 XCIV..
498 2531 626 2604 peccaut
648 2523 740 2604 igitur
762 2537 888 2588 excessu
913 2525 1119 2606 divergentiae
1143 2535 1174 2589 et
1196 2527 1322 2589 confusa
1343 2535 1504 2607 praestant
1526 2545 1580 2605 per
1597 2525 1700 2590 XCV.

345 2623 378 2676 et
399 2611 518 2678 XCIX.
566 2611 679 2694 Augeri
707 2613 798 2694 igitur
825 2615 978 2694 oportebit
1004 2615 1186 2677 contrariam
1213 2633 1251 2676 ex
1281 2631 1416 2678 convexa
1445 2615 1701 2695 convergentiam,

343 2711 377 2766 ut
399 2701 475 2766 uitia
498 2701 752 2783 aequiponderent
775 2723 866 2784 seque
890 2705 1016 2767 invicem
1035 2705 1154 2778 tollant,
1178 2723 1232 2786 per
1251 2701 1336 2767 CIV.
1371 2705 1511 2784 Augetur
1532 2721 1603 2766 vero
1626 2721 1700 2766 con-

343 2783 502 2872 surgentia
525 2797 557 2852 et
580 2810 618 2852 ex
646 2790 699 2854 illa
727 2794 881 2868 conlusio,
915 2791 942 2854 si
976 2791 1092 2873 longius
1126 2791 1265 2856 discedat
1293 2793 1359 2854 lens
1387 2809 1523 2855 convexa
1552 2792 1591 2855 ab
1614 2792 1701 2854 oculo

345 2881 426 2943 intra
452 2887 594 2960 punctum
617 2897 778 2943 concursus
802 2881 984 2957 constituto,
1013 2899 1068 2963 per
1091 2881 1220 2966 Lxxr„
1254 2881 1337 2961 Ergo
1370 2879 1446 2944 duae
1477 2881 1575 2943 lentes
1608 2901 1700 2943 carae

342 2988 410 3032 curu
434 2967 520 3032 oculo
544 2969 602 3031 sibi
625 2969 760 3048 proxime
785 2970 963 3034 adhaerenti
991 2969 1110 3051 longius
1141 2971 1249 3034 abesse
1273 2969 1384 3033 debent
1411 2991 1430 3032 a
1451 2984 1589 3034 convexa
1612 2989 1700 3051 quam

345 3055 435 3120 unica
457 3077 570 3120 earum.
616 3057 676 3120 Vel
700 3076 754 3139 per
777 3055 927 3124 CXXVI.
952 3059 1040 3122 binae
1064 3060 1162 3122 lentes
1192 3079 1286 3123 cauae
1317 3056 1427 3122 circulo
1455 3061 1567 3140 majore
1596 3057 1700 3138 aequi-

343 3145 449 3207 valent
480 3145 586 3208 unicae
617 3147 727 3209 circulo
760 3147 875 3212 minori.
922 3147 967 3210 At
998 3167 1053 3229 per
1075 3145 1143 3212 CX.
1177 3167 1255 3212 cava
1283 3165 1376 3228 parvo
1400 3147 1511 3211 circulo
1539 3147 1656 3227 longius
1678 3167 1698 3207 a
1819 3161 1820 3166 ’

347 3234 428 3296 lente
451 3231 557 3310 distat,
582 3253 671 3315 quarn
694 3235 783 3298 unica
805 3255 914 3317 magno
938 3237 1048 3300 circulo
1071 3255 1158 3302 cava.
1195 3237 1277 3319 Ergo
1300 3245 1333 3298 et
1354 3237 1443 3300 binae
1463 3255 1572 3317 magno
1591 3236 1701 3299 circulo

347 3340 442 3386 carae
464 3321 532 3402 plus
555 3323 671 3386 distant
694 3345 782 3407 quam
806 3342 907 3388 earum
930 3345 991 3388 nna
1013 3327 1087 3389 sola

433 3409 510 3476 Dico
533 3419 565 3473 et
587 3411 708 3492 majora¹
725 3415 948 3495 repraesentari
971 3415 1104 3479 risibilis
1122 3433 1176 3497 per
1195 3414 1271 3477 duas
1295 3433 1385 3495 qnam
1402 3433 1458 3494 per
1479 3432 1572 3476 unam
1595 3431 1700 3476 caram

344 3499 482 3582 proxime
506 3499 632 3564 oculum.
678 3500 911 3567 Demonstratnr
934 3507 984 3578 (ut
1004 3505 1121 3586 priora)
1146 3523 1184 3565 ex
1206 3502 1322 3566 cxln.
1348 3511 1380 3565 et
1402 3501 1551 3566 CXXVI.

434 3589 568 3652 Parvula
590 3607 661 3652 rero
689 3592 790 3654 auctio
822 3593 985 3656 distantiae
1017 3613 1157 3674 magnam
1190 3591 1264 3656 lacit
1293 3592 1496 3655 accessionem
1521 3593 1560 3654 ad
1583 3589 1701 3671 magui-
1818 3631 1819 3642 τ

344 3675 477 3741 tudinem
502 3675 623 3758 speclei,
647 3697 702 3760 per
725 3677 840 3743 CXIV.

779 3766 958 3832 cxxvnt.
1008 3767 1233 3850 Propositio.
1281 3771 1315 3831 ln
1348 3769 1444 3843 lente,
1479 3787 1555 3850 quae
1588 3785 1700 3848 aequa-

455 3837 511 3906 ll'ss·
531 3833 575 3888 ³²·
689 3855 768 3921 libns
792 3857 911 3921 circulis
934 3855 1004 3921 binc
1036 3874 1173 3921 convexa
1195 3865 1245 3920 est
1272 3857 1341 3920 inde
1364 3875 1455 3933 cava,
1488 3877 1593 3920 omnes
1615 3857 1700 3932 radii,
1817 3915 1818 3918 ,

688 4037 765 4100 libus
789 4037 908 4116 angulis
927 4037 956 4098 in
975 4045 1102 4118 utraque
1126 4036 1283 4116 superficie
1306 4035 1511 4115 refringantur
1528 4043 1561 4097 et
1579 4035 1701 4099 refracti

687 4125 820 4188 retinent
843 4125 1063 4206 dirergentiam
1086 4131 1139 4187 aut
1162 4123 1399 4206 parallelitatem
1422 4125 1558 4188 eandem.

780 4213 830 4278 Sit
857 4215 925 4277 lens
956 4215 1067 4277 circulo
1096 4211 1167 4288 BC,
1200 4215 1287 4295 eujus
1316 4219 1452 4276 centrum
1476 4213 1523 4288 A,
1557 4231 1701 4288 convexa,

688 3947 738 4028 qni
761 3945 1001 4029 perpendiculari
1025 3947 1105 4010 intra
1124 3965 1232 4027 corpus
1253 3945 1392 4028 paralleli
1410 3947 1562 4021 incedunt,
1587 3963 1700 4027 aequa-

444 3941 534 4403 ῙἼΔ
687 4303 800 4366 circulo
830 4321 901 4365 uero
928 4303 995 4378 EF,
1030 4303 1116 4384 cnjus
1148 4313 1284 4366 centrum
1307 4303 1350 4378 D,
1383 4321 1528 4365 concava
1576 4301 1702 4366 Iucedat

425 4444 429 4453 .
510 4410 532 4460 u
687 4409 741 4472 per
764 4401 871 4455 centra
893 4401 978 4454 recta
991 4392 1062 4466 DA,
1084 4409 1194 4454 secans
1217 4393 1390 4473 superficies
1412 4391 1702 4472 perpendiculariter
1816 4415 1817 4422 ε

415 4479 421 4501 ’
688 4483 718 4544 iu
740 4481 776 4554 P,
799 4479 837 4544 C.
884 4479 1023 4542 Ducatur
1045 4483 1073 4543 ei
1095 4479 1245 4561 parallela
1275 4499 1485 4562 quaecunque,
1516 4482 1615 4562 sitque
1638 4477 1702 4542 ΒΕ.

388 4504 651 4670 μὴ
688 4569 920 4632 Demonstratnr
943 4569 1036 4650 igitur
1068 4569 1250 4651 geometrice
1280 4569 1461 4652 praesertim
1485 4591 1505 4631 a
1526 4569 1702 4632 Ptolemaeo

510 4648 515 4719 Ι
687 4667 720 4722 et
751 4659 951 4734 cuononis,
985 4657 1064 4722 sicut
1097 4657 1150 4723 CF
1181 4669 1213 4722 et
1245 4655 1299 4722 BE
1333 4659 1378 4720 sic
1411 4655 1465 4721 CB
1498 4663 1531 4721 et
1552 4657 1606 4721 ΓΕ
1634 4677 1701 4720 esse

394 4731 412 4772 ¹
510 4746 534 4821 'a
687 4749 840 4830 aequales.
877 4747 1008 4810 Proinde
1031 4747 1187 4812 inclinatio
1202 4749 1255 4811 BE
1273 4747 1314 4810 ad
1332 4753 1490 4828 utramque
1513 4747 1700 4828 superficiem

511 4861 536 4898 u·
687 4843 737 4900 est
767 4837 889 4911 cadem,
921 4837 978 4901 boc
1011 4847 1061 4902 est
1089 4837 1130 4902 ad
1161 4845 1324 4920 ungentes
1357 4836 1526 4918 superficiei
1554 4836 1585 4898 in
1614 4833 1702 4910 Β,Ε
