3694 5528
694 285 725 334 ua
743 283 811 334 roua
829 244 993 336 secusia.
1457 283 1521 350 513

256 459 313 522 Die
337 457 367 524 7.
384 458 573 540 Septembris
595 478 682 522 mane
706 460 781 524 hora
804 457 834 522 4.
850 459 970 540 Jupiter
994 464 1041 520 est
1063 457 1147 520 visos
1164 477 1238 522 cum
1262 459 1377 524 duobus
1400 460 1520 522 satelli·

168 547 263 626 tibus,
288 567 345 611 uuo
368 567 462 630 parvo
486 556 518 608 et
541 548 623 610 claro
647 549 685 610 ad
715 551 860 612 orientem
886 550 940 612 sub
964 547 1039 628 ipsis
1068 547 1161 610 radiis
1183 547 1286 621 Jovis,
1315 550 1411 611 altero
1434 548 1521 630 quasi

168 637 261 700 tertia
283 645 370 716 parte
394 637 585 700 instrumenti
609 637 746 718 ampliati
762 643 875 702 *versus
899 657 1049 700 occasum.
1095 635 1198 698 Testis
1222 637 1360 700 Ursinus.

255 725 341 788 Hora
363 725 468 806 quinta
490 744 548 788 uon
572 727 700 805 amplius
724 727 785 790 vidi
808 728 999 802 orientalem,
1023 724 1100 786 vidit
1123 732 1224 787 tamen
1248 733 1279 788 et
1303 727 1427 806 agnovit
1449 726 1518 790 Dm.
1566 731 1572 742 ‘

168 814 384 895 Tengnaglius,
408 813 589 876 Archiducis
609 816 757 894 Leopoldi
773 824 830 876 etc.
857 823 991 878 secretus
1016 813 1205 876 consiliarius
1229 816 1442 890 (admonitus),
1466 816 1520 876 sed

166 903 301 966 vicissim
323 921 381 963 non
404 902 481 964 vidit
503 903 728 966 occidentalem.
772 903 850 966 Erat
873 904 961 966 Luna
982 903 1158 984 propinqua.

255 993 341 1054 Mars
364 991 469 1053 stabat
491 1009 583 1072 supra
604 992 721 1054 Lunam
745 993 807 1056 fere
839 993 954 1055 duabus
976 994 1083 1054 Lunae
1112 990 1359 1066 semidiametris,
1391 991 1520 1054 nondum

168 1083 198 1143 iu
222 1081 304 1144 linea
326 1079 481 1142 sectionis.

255 1168 313 1230 Die
347 1165 378 1230 9.
412 1166 602 1247 Septembris
634 1167 716 1230 hora
733 1166 762 1230 2.
795 1177 826 1230 et
859 1167 889 1232 3.
925 1169 1052 1231 vidimus
1085 1176 1164 1242 tres;
1198 1168 1273 1231 duos
1307 1167 1520 1243 occidentales,

168 1257 367 1321 clarissimum
393 1257 441 1337 qui
464 1255 534 1316 Jovi
558 1256 692 1334 propior,
721 1258 818 1320 miuus
843 1258 992 1320 distantes
1021 1275 1109 1337 quem
1133 1255 1317 1344 clarissimus
1344 1256 1480 1318 distabat
1503 1276 1523 1316 a

168 1347 257 1409 Jove.
304 1345 444 1407 Extimus
473 1343 571 1406 minus
601 1345 723 1407 dimidio
756 1346 946 1410 instrumenti
975 1345 1112 1408 distabat
1135 1365 1154 1407 a
1176 1345 1264 1408 Jove.
1310 1347 1395 1408 Unus
1420 1349 1521 1408 oricu-

168 1436 242 1496 talis
266 1434 321 1496 sub
344 1433 419 1513 ipsis
442 1432 535 1494 radiis
559 1431 645 1495 Jovis
668 1435 778 1509 clarus,
805 1457 823 1496 a
844 1435 922 1500 Jove
945 1433 1067 1497 dimidio
1096 1435 1215 1496 distans
1239 1435 1317 1515 ejus,
1342 1433 1421 1515 quod
1443 1433 1522 1497 inter

168 1543 201 1584 se
236 1521 393 1584 distabant
425 1520 640 1582 occidentales.
692 1521 845 1602 Segethua
878 1543 983 1606 omnes
1016 1530 1078 1586 tres
1115 1523 1192 1586 vidit
1222 1529 1253 1584 et
1290 1523 1395 1585 eodem
1431 1521 1520 1584 modo

169 1611 328 1692 disposuit.
373 1611 412 1672 D.
438 1609 613 1671 Schultetus
639 1607 781 1672 Caesaris
804 1611 934 1674 Fiscalis
961 1630 1014 1692 per
1039 1610 1180 1674 Silesiam
1212 1613 1338 1693 agnovit
1370 1612 1438 1684 (sed
1462 1611 1519 1672 ad-

170 1699 316 1772 monitus)
340 1697 546 1761 clarissimum
564 1697 806 1762 occidentalium.

256 1787 349 1850 Hisce
378 1785 638 1849 observationibus
667 1787 781 1850 habitis
809 1795 840 1850 et
869 1789 926 1852 fide
957 1796 1146 1851 narratorum
1171 1785 1305 1850 Galilaei
1336 1787 1520 1850 sufficienter

104 1953 113 1966 .
169 1877 353 1951 confirmata,
378 1895 446 1938 cum
468 1882 499 1936 et
523 1874 711 1938 discessurus
733 1885 891 1956 putaretur
914 1876 1046 1952 Elector,
1071 1877 1191 1938 restitui
1215 1878 1457 1940 instrumentum.

257 1963 323 2026 Tibi
337 1983 408 2025 vero
422 1965 534 2025 Lector
549 1964 643 2026 amice
658 1965 713 2026 hoo
729 1965 869 2047 quicquid
884 1974 932 2028 est
945 1985 1108 2045 paucarum
1123 1973 1153 2026 et
1167 1973 1395 2046 properatarum
1411 1964 1518 2026 obser-

168 2054 325 2116 vationum
354 2050 583 2132 impertiendum
615 2052 733 2132 publice
764 2055 882 2128 censui,
916 2065 950 2116 ut
973 2062 1026 2116 aut
1049 2073 1147 2116 meam
1178 2073 1367 2134 meorumque
1396 2053 1520 2115 testium

165 2143 253 2206 iidem
285 2149 428 2221 sequutus
463 2139 590 2220 posthac
623 2143 703 2204 omni
735 2143 870 2222 seposita
911 2143 1098 2206 dubitatione
1134 2144 1296 2208 veritatem
1332 2142 1520 2223 patefactam

166 2249 328 2312 agnoscas,
352 2237 405 2292 aut
427 2230 483 2291 tibi
506 2230 543 2292 de
567 2229 644 2292 bono
668 2231 867 2296 instrumento
890 2232 1068 2312 prospicias,
1095 2234 1173 2312 quod
1191 2233 1223 2294 iu
1242 2251 1305 2295 rem
1328 2239 1520 2313 praesentem

165 2329 196 2384 te
220 2321 351 2383 deducat
373 2317 530 2398 adruumpa
579 2319 657 2381 Vale
681 2329 714 2381 et
739 2321 836 2400 Deprn
866 2321 895 2383 in
924 2321 1064 2400 operibus
1094 2323 1157 2384 suis
1185 2322 1337 2384 celebrare
1368 2337 1518 2400 nunqnam

165 2410 277 2472 desine.
324 2408 445 2488 Pragae
472 2407 522 2468 ll.
547 2406 736 2487 Septembris
759 2429 837 2472 anuo
861 2407 994 2472 MDOX.

164 2552 320 2614 Thomae
344 2546 499 2628 Segethi
522 2548 693 2612 Britanni
717 2550 746 2610 in
771 2548 966 2612 illustrissimi
994 2549 1059 2611 Viri
1083 2547 1216 2611 Galilaei
1237 2545 1369 2611 Galilaei
1392 2547 1518 2613 Patricii

163 2638 332 2704 Florentiui
366 2644 398 2698 et
430 2635 581 2700 Sereniss.
615 2638 722 2718 Magni
753 2638 914 2701 Hetruriae
946 2639 1040 2701 Ducis
1075 2637 1177 2701 Cosmi
1207 2639 1245 2700 Il.
1277 2637 1453 2720 Philosophi
1487 2644 1518 2700 et

390 2725 601 2790 Mathematici
625 2727 853 2790 observationes
878 2729 1025 2789 coelestes
1048 2727 1288 2808 Epigrammata.

252 2835 277 2896 I.
325 2829 411 2903 Quae
435 2831 549 2894 latuere
573 2833 631 2895 soli
654 2834 764 2896 saeclis
787 2834 942 2913 incognita
963 2833 1081 2913 priscis,

376 2920 488 3000 Magno
513 2921 611 2983 animo
635 2921 666 2984 iu
690 2923 786 2985 lucem
810 2924 921 3004 potulit
945 2932 1016 2984 aute
1040 2923 1144 3002 Ligur.

323 3009 440 3072 Accola
461 3028 538 3071 nunc
560 3010 648 3086 Arni,
673 3012 782 3074 saeclis
806 3011 961 3091 incognita
984 3013 1109 3086 cunctis,

375 3098 507 3160 Protulit
530 3098 559 3159 iu
583 3101 690 3176 lucem,
717 3120 792 3180 quae
816 3102 932 3163 latuere
956 3100 1027 3181 poli.

289 3247 293 3254 ,
322 3186 378 3248 Ille
401 3187 486 3248 dedit
509 3189 602 3250 multo
625 3189 789 3250 vincendas
814 3189 959 3269 sanguiue
983 3197 1081 3251 terras
1089 3207 1099 3262 ;

375 3273 485 3338 Sidera
509 3283 541 3336 at
564 3277 612 3339 hic
636 3278 709 3339 nulli
732 3277 832 3340 noxia.
880 3278 981 3356 Major
1005 3277 1114 3338 uteri!

214 3405 278 3485 ⁴ll.
326 3401 385 3464 Uni
409 3419 485 3480 quae
509 3402 658 3482 quondam
683 3403 824 3465 lucebant
847 3403 947 3464 sidera
970 3403 1063 3474 coelo,

375 3486 461 3560 Quae
486 3491 605 3552 fuerant
629 3492 701 3552 solis
726 3491 849 3571 cognita
872 3489 1039 3565 coelitibus,

325 3579 463 3640 Humano
486 3579 661 3659 aspicienda
684 3579 768 3642 dedit
790 3578 892 3659 generi
918 3577 1084 3642 Galilaeus.

376 3667 523 3729 Mortales
546 3668 602 3730 hoc
626 3675 675 3730 est
697 3669 823 3732 reddere
846 3665 903 3734 Dis
929 3667 1054 3730 similes.

227 3791 282 3853 lll.
329 3791 487 3854 Lucebant
511 3791 613 3868 Coelo,
634 3793 697 3873 jam
722 3799 752 3854 et
776 3791 878 3854 Terris
902 3792 1003 3853 sidera
1025 3789 1137 3852 lucent.

378 3879 425 3941 An
449 3899 508 3941 non
532 3882 587 3943 hoc
611 3882 705 3942 lucem
730 3890 777 3943 est
801 3881 911 3943 addere
935 3879 1108 3942 sideribus?

323 3969 477 4040 Quantum
500 3968 534 4032 ol
558 3989 646 4050 quam
669 3971 803 4050 pulcrum
826 3969 899 4042 (uisi
923 3976 956 4030 tu
981 3966 1121 4030 Galilaea
1144 3963 1271 4034 luisses)

374 4057 503 4119 Divinae
527 4059 636 4120 ruentis
661 4059 831 4121 delituisset
855 4058 948 4138 opus!

321 4147 438 4208 Abdita
461 4148 539 4227 quod
561 4147 688 4226 primum
711 4157 817 4226 perte
840 4145 988 4228 patefecit
1011 4142 1143 4226 Olympi,

374 4235 556 4298 Permultum
581 4235 673 4298 debes
697 4244 730 4296 tu
755 4235 895 4300 Galilaee
919 4235 994 4308 Deo,

321 4325 366 4386 At
389 4324 445 4386 tibi
468 4325 594 4386 multum
618 4325 763 4398 homines,
789 4325 901 4388 debent
924 4323 978 4384 tibi
1003 4321 1103 4384 sidera
1125 4321 1268 4388 multuur;

371 4413 501 4475 Multum
527 4411 618 4472 etiam
643 4411 733 4473 debet
754 4413 895 4494 Juppiter
917 4411 982 4491 ipse
1007 4409 1072 4472 tibi.
1232 4424 1234 4426 ·

222 4537 277 4600 lV.
323 4536 457 4598 Aethere
481 4535 660 4596 subductum
683 4534 860 4598 mortalibus
884 4537 986 4598 intulit
1009 4535 1118 4616 iguem,

372 4624 413 4686 Et
437 4623 563 4686 meritus
585 4641 712 4703 poenam
737 4631 785 4686 est
807 4621 1028 4704 Japetionides.
1115 4627 1116 4630 ’

321 4713 364 4774 At
387 4721 419 4774 tu
444 4713 494 4792 qui
517 4712 651 4790 occultos
675 4713 803 4775 antehac
828 4712 966 4775 Galilaee
989 4719 1037 4774 tot
1059 4711 1145 4791 ignes

373 4800 491 4862 Invexti
515 4799 628 4874 Terris,
653 4802 722 4880 quid
746 4803 902 4863 mereare?
925 4801 1042 4864 Polum.

138 4933 142 4940 .
241 4904 327 4952 supteri
341 4907 415 4954 open.
430 4907 456 4945 ll.
