3694 5528
714 208 887 334 eaerum
907 279 1015 335 suerso.
1472 251 1537 349 50'3

188 455 312 536 sophico
337 457 445 531 dicam,
471 455 609 516 doctrina
631 457 667 517 de
691 457 877 536 aspectibus,
903 475 969 533 cum
996 471 1147 516 numerum
1176 451 1365 530 planetarum
1395 441 1537 534 aspectus

189 545 361 608 facientium
397 545 436 606 ad
469 544 545 606 hanc
573 563 667 625 usque
698 547 776 608 diem
799 545 1044 626 ignoraverimus.
1092 541 1207 604 Verum
1242 539 1263 600 ii
1302 541 1415 604 trustra
1451 549 1536 604 sunt:

189 641 275 696 aetra
298 633 376 696 enim
400 633 430 692 in
454 651 509 694 uos
532 639 627 711 agunt
649 632 686 695 iis
710 635 853 711 modulis,
885 633 990 715 quibus
1019 647 1119 694 eorum
1148 635 1245 690 motus
1274 647 1342 688 sese
1365 629 1412 692 his
1436 629 1538 691 Terris
1641 655 1644 666 ·

192 721 356 784 insinuant.
403 721 463 782 Per
488 728 630 800 aspectus
654 721 731 784 euim
764 731 874 802 agunt3
908 731 941 784 at
963 724 1104 800 aspectus
1137 717 1263 778 affectus
1296 723 1344 776 est
1376 717 1476 796 anguli
1508 718 1538 779 in

190 817 293 872 centro
325 810 437 870 Terrae
467 809 516 870 vel
548 809 636 872 oculi.
682 809 808 873 Scilicet
837 830 893 873 non
932 811 999 889 ipsa
1027 808 1056 868 in
1083 823 1138 867 nos
1175 810 1282 883 agunt,
1312 805 1368 865 sed
1397 812 1538 886 aspectus

191 915 289 960 eorum
323 898 398 958 liunt
430 897 579 975 objectum
612 905 643 959 et
675 899 812 960 stimulus
849 899 1026 960 facultatum
1057 894 1245 956 terrestrium
1273 892 1389 954 ratione
1413 893 1539 974 partici-

190 986 324 1065 pantium
349 987 425 1048 citra
448 986 616 1048 discursum
639 987 704 1048 solo
728 987 881 1050 instinctu.
927 986 999 1048 Jam
1018 1001 1088 1046 vero
1113 990 1240 1062 quatuor
1263 979 1310 1050 hi,
1344 991 1379 1042 ut
1410 1001 1448 1044 ex
1480 981 1540 1043 tuis

192 1072 330 1138 Galilaea
354 1073 614 1136 observationibus
637 1081 733 1152 patet,
758 1082 789 1136 et
812 1074 925 1138 minimi
948 1081 1018 1136 sunt
1041 1079 1073 1134 et
1095 1089 1242 1150 nunquam
1259 1066 1367 1130 aJove
1386 1071 1467 1132 ultra
1488 1065 1539 1136 14⁴

193 1161 419 1241 digrediuntur:
444 1169 478 1222 ut
500 1169 582 1223 totus
606 1162 708 1224 extimi
727 1165 868 1242 planetae
892 1162 973 1224 orbis
996 1161 1090 1222 minor
1109 1159 1151 1220 sit
1168 1159 1250 1220 disco
1266 1156 1347 1221 Solis
1362 1159 1411 1220 vel
1424 1159 1539 1221 Lunae.

191 1247 293 1321 Quare
325 1257 361 1312 ut
392 1252 478 1326 dem,
511 1250 595 1329 ipsos
626 1269 685 1311 nou
718 1251 897 1331 impediente
930 1249 1046 1312 minuta
1077 1247 1245 1329 quantitate
1280 1264 1455 1310 concurrere
1487 1265 1542 1326 per

192 1345 333 1417 aspectus
352 1339 391 1400 ad
415 1339 578 1400 movendas
603 1338 765 1401 facultates
789 1341 974 1412 sublunares,
998 1357 1056 1398 non
1080 1345 1181 1398 tamen
1205 1334 1333 1414 amplius
1356 1333 1426 1415 quid
1450 1342 1541 1416 pote-

191 1435 277 1500 runt,
313 1445 400 1507 quam
432 1435 467 1488 at
499 1433 530 1488 et
561 1426 619 1505 ipsi
653 1436 781 1505 quatuor
811 1437 842 1489 et
863 1426 1001 1505 Jupiter,
1035 1433 1170 1488 centrum
1185 1423 1404 1486 curriculorum
1428 1441 1539 1498 eorum,

159 1581 165 1586 ,
187 1515 317 1594 junctim
340 1522 469 1595 aequent
491 1517 560 1586 (nec
584 1515 613 1576 id
637 1516 755 1589 crebro)
771 1515 874 1578 Solem
896 1515 926 1576 in
951 1514 1147 1576 diuturnitate
1170 1511 1313 1574 nonnulla
1326 1520 1478 1592 aspectus,
1503 1511 1541 1573 cb

194 1603 333 1666 diametri
355 1603 554 1666 latitudinem.
1357 1647 1361 1655 .

279 1691 381 1772 Atque
410 1691 467 1752 hoc
499 1699 588 1770 pacto
612 1700 713 1754 manet
741 1691 907 1771 astrologia
936 1707 989 1750 suo
1018 1689 1083 1750 loco
1111 1695 1255 1768 patetque
1283 1687 1384 1763 simul,
1414 1695 1542 1770 quatuor

193 1778 248 1841 bos
263 1797 356 1842 novos
371 1799 429 1842 non
445 1780 585 1858 primario
609 1782 695 1842 nobis
719 1780 748 1840 in
765 1779 884 1840 Tellure
903 1777 1104 1852 versantibus,
1129 1777 1183 1838 sed
1206 1776 1309 1854 procul
1330 1776 1419 1840 dubio
1432 1777 1541 1840 Jovia-

194 1867 272 1930 libns
295 1867 441 1930 creaturis
465 1868 585 1946 globum
607 1866 694 1929 Jovis
718 1866 1036 1928 circumhabitantibus
1059 1872 1260 1944 comparatos.

282 1956 318 2016 ld
345 1955 514 2018 evidentius
544 1963 633 2034 patet
664 1957 726 2028 illi,
764 1955 823 2034 qui.
845 1963 944 2016 tecum
969 1953 1106 2016 Galilaea
1139 1971 1312 2034 mecumque
1344 1951 1543 2034 Oopernicum

195 2045 330 2123 sequitur
352 2044 382 2106 in
404 2051 571 2124 systemate
595 2044 759 2109 mundano:
797 2042 932 2105 videmus
960 2040 1091 2104 enimin
1115 2059 1150 2102 eo
1175 2042 1306 2116 Lunam,
1332 2042 1541 2106 circumterm-

196 2139 289 2194 strem
312 2134 483 2211 planetam,
508 2132 553 2193 sic
576 2140 802 2212 comparatam,
826 2139 859 2193 ut
886 2149 944 2192 uon
968 2129 1067 2210 possit
1093 2129 1189 2192 videri
1212 2129 1280 2192 aliis
1303 2131 1543 2211 globis„quam

195 2221 253 2282 soli
276 2221 398 2296 Telluri,
424 2239 511 2301 quam
536 2221 671 2298 cursibus
696 2220 759 2282 suis
783 2219 886 2298 cingit,
911 2219 1074 2281 destinata.
1120 2217 1196 2296 Ejus
1229 2218 1366 2280 curriculi
1396 2218 1543 2282 diameter

195 2308 323 2372 habetur
346 2327 399 2389 pro
423 2308 567 2372 vicesima
589 2308 727 2370 diametri
752 2306 831 2370 orbis
859 2308 958 2386 magni
982 2305 1112 2368 Telluris
1144 2305 1225 2367 circa
1247 2304 1368 2382 Solem,
1403 2324 1459 2386 ego
1492 2306 1544 2368 vix

194 2396 375 2460 tricesimam
399 2397 548 2459 existimo.
596 2393 759 2459 Subtendit
780 2395 871 2475 igitur
893 2395 990 2458 minus
1014 2391 1061 2469 3⁰,
1087 2395 1149 2464 vel,
1174 2401 1208 2456 ut
1231 2413 1297 2474 ego,
1322 2395 1420 2456 minus
1443 2389 1482 2458 2⁰.
1505 2411 1544 2457 ex

194 2483 267 2548 Sole
289 2485 465 2565 inspectus„
500 2485 547 2546 Ac
570 2504 637 2548 curn
657 2483 781 2548 Saturni
804 2484 933 2546 altitudo
957 2484 998 2545 sit
1020 2483 1161 2562 decupla,
1189 2481 1277 2544 Jovis
1301 2483 1458 2562 quintupla
1480 2482 1542 2546 cir-

195 2573 279 2648 citer,
305 2593 343 2636 ea
366 2571 498 2636 Saturno
521 2574 613 2653 igitur
636 2575 774 2653 inspecta
796 2579 902 2634 nostra
924 2573 1012 2634 Luna
1034 2589 1091 2632 noa
1116 2571 1196 2632 ultra
1222 2567 1407 2632 18‘v0112‘
1430 2569 1544 2651 poterit

117 2702 124 2711 -
196 2662 347 2724 aTellnre
366 2663 530 2736 discedere,
555 2681 592 2724 ex
606 2662 683 2724 Jove
707 2662 745 2724 ad
770 2656 823 2722 36¹
839 2661 887 2722 vel
901 2656 971 2724 24¹:
997 2677 1054 2739 quo
1077 2666 1167 2737 pacto
1191 2665 1239 2720 est
1262 2659 1327 2737 ejus
1350 2659 1428 2721 ratio
1451 2660 1542 2739 plane

196 2749 300 2812 eadem
324 2749 474 2816 Saturniis
498 2757 529 2812 et
550 2750 650 2812 Joviis
672 2749 793 2824 incolis,
826 2767 901 2828 quae
924 2749 1114 2828 planetarum
1137 2744 1432 2810 circum-Jovialinm
1454 2746 1542 2810 nobis

196 2839 401 2900 Terrestribus
433 2839 588 2902 creaturis.
644 2839 710 2900 Nec
742 2838 858 2900 abludit
888 2835 1103 2917 magnitudinis
1135 2834 1222 2896 ratio.
1268 2833 1345 2899 Esto
1378 2835 1476 2912 enim,
1508 2841 1544 2897 ut

195 2915 360 3006 parallaxis
383 2925 464 2989 Solis
491 2926 534 2989 sit
555 2923 598 3002 3‘,
632 2927 691 2990 atsi
720 2927 814 2989 multo
842 2924 986 2988 minorem
1014 2943 1081 2988 esse
1108 2931 1228 3003 putem,
1262 2924 1357 2988 Terra
1384 2923 1478 3004 igitur
1505 2939 1544 2985 ex

195 3014 267 3078 Sole
290 3015 428 3096 inspecta
450 3015 575 3078 habebit
598 3012 640 3089 θ’,
672 3017 760 3077 Luna
791 3014 902 3094 sesqui.
947 3014 1011 3076 Imo
1035 3013 1149 3088 Terra,
1183 3013 1277 3075 multo
1307 3013 1417 3084 minor,
1450 3011 1543 3074 etiarn

162 3125 164 3128 ’
194 3104 300 3168 Lunae
324 3104 466 3184 relinquit
487 3104 604 3180 minus,
627 3123 735 3185 nempe
758 3122 816 3166 non
844 3103 881 3166 1‘.
928 3103 1030 3183 Atque
1062 3101 1120 3163 hoc
1151 3121 1189 3163 ex
1212 3100 1344 3164 Saturno
1375 3101 1544 3182 inspectum

196 3189 238 3256 6⁰
263 3195 340 3256 forte
364 3191 522 3268 videbitur,
548 3211 586 3256 ex
607 3193 684 3255 Jove
711 3190 785 3256 12¹¹.
832 3192 925 3255 Plane
949 3190 1041 3271 igitur
1064 3189 1108 3252 sic
1133 3199 1196 3264 est,
1230 3189 1309 3270 quod
1331 3187 1418 3252 nobis
1441 3189 1543 3252 estin

195 3280 314 3344 Tellure
337 3289 442 3344 nostra
465 3282 563 3356 Luna,
586 3281 642 3344 hoc
674 3299 733 3342 non
766 3287 813 3342 est
836 3279 935 3360 globis
958 3280 1086 3350 ceteris,
1119 3287 1151 3340 et
1180 3277 1257 3361 qnod
1280 3278 1351 3341 Jovi
1380 3286 1452 3342 sunt
1473 3273 1543 3340 illae

197 3376 325 3450 quatuor
347 3371 477 3444 lunulae,
503 3369 534 3431 id
556 3389 613 3432 non
639 3378 709 3432 eunt
731 3369 832 3444 nobis,
858 3376 890 3430 et
918 3367 1051 3430 vicissim
1083 3366 1209 3448 singulis
1232 3367 1422 3448 planetarum
1445 3363 1545 3447 globis

197 3475 354 3538 eorumque
385 3459 491 3520 incolis
527 3459 574 3521 sui
611 3459 748 3522 serviunt
790 3457 996 3519 circulatores.
1055 3455 1104 3518 Ex
1136 3476 1195 3536 qua
1230 3456 1470 3518 consideratione
1508 3456 1545 3516 de

197 3545 302 3608 incolis
324 3545 493 3609 Jovialibus
523 3545 885 3638 summa‘probabilitate
907 3545 1124 3614 concludimus,
1156 3545 1233 3624 quod
1266 3533 1395 3626 quidem'
1416 3551 1449 3606 et
1480 3543 1544 3624 Ty-

197 3633 285 3696 choni
306 3635 426 3697 Braheo
459 3645 501 3696 ‘ex
538 3637 604 3700 sola
639 3634 880 3698 consideratione
913 3633 1069 3696 vastitatis
1106 3633 1222 3695 illorum
1259 3633 1415 3712 globorum
1449 3649 1544 3710 aeque

198 3723 295 3784 risum
318 3723 384 3786 fuit.
431 3721 576 3805 Adeoque
600 3731 631 3787 et
653 3724 709 3787 hoc
733 3722 925 3803 argutissime
948 3720 1148 3786 Waclrherius
1171 3721 1294 3797 monuit,
1319 3721 1413 3783 etiam
1434 3720 1544 3783 Jovem

197 3811 279 3875 circa
300 3830 388 3874 sunm
410 3812 492 3876 volvi
514 3831 600 3875 axem
631 3820 667 3877 nt
697 3819 833 3875 noemam
857 3811 1025 3886 Tellurem,
1058 3816 1092 3870 nt
1123 3809 1163 3870 ad
1192 3809 1274 3870 illam
1303 3808 1544 3871 convolutionem

196 3899 317 3981 gyratio
340 3900 394 3962 illa
415 3895 604 3964 leuraam
626 3909 778 3982 sequatur,
803 3899 847 3962 uti
871 3900 909 3962 ad
933 3907 1053 3961 noemae
1068 3896 1197 3959 Telluris
1212 3896 1398 3978 gyrationem
1420 3899 1543 3957 nostrae

198 3989 303 4050 Lunae
327 3987 482 4052 conversio
505 3988 535 4052 iu
560 3990 685 4052 eandem
706 3991 829 4070 plagam
852 3987 1003 4070 sequitur:
1028 3985 1162 4068 adeoque
1184 4003 1263 4046 nunc
1277 3985 1395 4046 demum
1417 4001 1451 4044 se
1473 3999 1542 4043 cre-

199 4077 269 4140 dere
291 4075 460 4144 raticnibne
484 4077 675 4158 magneticis,
707 4078 812 4158 quibus
835 4076 865 4138 in
890 4095 1001 4156 nupero
1025 4093 1091 4136 meo
1119 4071 1262 4154 physicae
1290 4069 1431 4133 coelestis
1459 4087 1542 4131 com-

195 4164 343 4228 mentario
368 4171 412 4236 (de
429 4180 499 4226 motu
517 4175 605 4226 nouas
617 4171 896 4238 neccessitas.)
918 4163 1069 4226 volutione
1085 4160 1167 4224 Solis
1191 4161 1271 4222 circa
1293 4176 1382 4220 axem
1404 4163 1436 4219 et
1457 4156 1545 4236 polos

197 4254 331 4334 corporis
355 4274 465 4318 canses
488 4263 619 4319 motuum
642 4253 877 4334 planetariorum
910 4250 1059 4330 expedivi.
1105 4248 1253 4312 Nimirum
1277 4247 1326 4322 (at
1347 4252 1381 4307 tn
1405 4239 1544 4307 Galilaea

194 4342 318 4420 pulchre
350 4343 460 4417 iniere)
492 4345 520 4406 si
546 4343 654 4405 Jovem
685 4342 829 4404 curriculo
864 4339 904 4404 12
927 4355 1070 4402 annorum
1102 4344 1281 4417 occupatum
1306 4330 1328 4397 4
1351 4331 1545 4395 circulatores

195 4435 345 4512 antepone
368 4433 504 4512 cingunt,
531 4431 600 4512 quid
624 4429 747 4494 absurdi
769 4429 847 4490 dixit
870 4427 1071 4508 Cepernicus,
1094 4423 1219 4499 Telluri,
1250 4425 1319 4508 dnm
1342 4437 1440 4484 annno
1463 4427 1546 4483 mota

194 4519 282 4595 redit,
308 4540 398 4584 unam
420 4521 540 4582 Lunam
563 4519 668 4581 eadem
692 4517 808 4580 ratione
832 4517 1060 4578 adhaerescere.

287 4605 368 4678 Quid
390 4608 503 4688 igitur,
536 4607 673 4688 inquies,
701 4605 727 4668 si
759 4612 828 4667 aaut
854 4604 991 4666 incaelo
1016 4601 1097 4682 globi
1121 4598 1234 4662 similes
1258 4603 1381 4660 nostrae
1404 4593 1544 4670 Telluris,

197 4711 273 4756 anne
296 4695 389 4776 igitur
420 4715 488 4763 cum
509 4696 572 4760 illis
595 4696 625 4756 iu
649 4701 801 4756 certamen
832 4693 981 4767 venimus,
1014 4689 1075 4752 utri
1106 4688 1257 4750 meliorem
1290 4683 1390 4748 mundi
1421 4684 1545 4764 plagam

196 4782 343 4846 mearet
378 4783 471 4848 ¹Nam
493 4783 522 4848 si
548 4781 710 4846 nobiliores
741 4780 859 4843 illoram
891 4777 992 4860 globi,
1028 4795 1088 4840 non
1120 4793 1222 4840 snmus
1254 4793 1309 4839 ros
1342 4780 1559 4837 creaturarum,
