3730 5528
306 305 374 373 ιιι
902 307 932 356 112
954 303 1070 372 ocrem

307 504 389 561 quam
410 505 469 543 cum
491 485 583 542 abiret
602 486 639 539 ab
659 483 734 556 ipsis.
777 483 853 538 ‘lunc
877 483 949 538 enim
980 490 1089 540 tantum
1116 483 1153 539 23
1175 484 1249 538 horis
1280 489 1442 548 caruerant,
1473 483 1520 538 hic
1546 483 1665 554 amplius

308 571 494 624 Smeusibus.
541 565 617 621 Nihil
646 566 699 618 buc
731 563 799 618 iacit
829 565 925 618 e'adem
954 565 1100 636 utrobique
1130 565 1249 620 altitudo
1280 565 1518 635 crepusculornm,
1552 579 1667 636 quorum

306 650 426 704 materia
445 647 519 702 sicca
539 653 569 699 et
593 645 696 698 fumida
716 651 774 708 est,
796 661 851 697 non
875 645 1069 700 retractionem
1090 647 1137 698 sed
1159 645 1381 700 obscurationem
1401 651 1431 698 et
1451 643 1665 698 occultationem

308 747 444 791 causans;
466 734 498 782 ut
518 733 634 790 taceam,
657 727 727 795 quod
748 723 822 778 intra
837 723 875 778 24
889 725 972 779 horas
994 732 1138 798 utrumque
1160 743 1247 796 penes
1262 742 1312 780 nos
1333 723 1440 788 accidit,
1463 725 1521 778 illic
1541 724 1664 786 minime;

308 827 393 882 quare
413 825 464 863 nec
485 807 519 860 de
539 807 595 860 illis
616 805 706 860 dicere
727 811 816 875 potes,
839 805 884 876 qui
905 811 1036 875 autoptes
1058 823 1113 860 nou
1134 805 1219 860 fuisti.

395 889 434 942 Et
454 887 517 958 quid
537 887 653 941 multis?
687 885 820 955 Equidem
849 902 905 940 non
926 887 1059 950 aberrem,
1083 886 1106 940 si
1128 883 1199 940 50¹⁶·
1221 883 1473 942 sustulerimus
1501 884 1666 954 exsuperari

307 969 478 1040 superficiem
492 968 567 1022 adria
581 967 773 1022 refractoriem
787 972 816 1018 et
829 965 967 1020 humidam
978 982 1111 1020 asumma
1125 966 1347 1036 crepusculorurn
1360 965 1495 1020 materiae
1509 963 1665 1022 altitudine.

395 1068 438 1120 De
460 1064 542 1118 claris
564 1064 661 1118 diebus
683 1069 711 1116 te
733 1062 807 1132 loqui
829 1061 888 1123 ais;
918 1067 948 1115 at
968 1062 1021 1115 nisi
1049 1063 1168 1116 luissent
1188 1062 1225 1116 ibi
1249 1063 1329 1117 multi
1350 1063 1408 1116 lere
1429 1062 1499 1115 clari
1520 1061 1594 1126 dies,
1616 1063 1665 1115 aed
1706 1127 1712 1139 ⁹

306 1153 442 1217 perpetuo
462 1143 569 1215 ningidi
591 1151 621 1198 et
640 1143 775 1206 nebulosi,
799 1145 870 1212 quod
891 1142 1008 1196 historia
1028 1147 1159 1208 testatur,
1181 1142 1313 1198 retractio
1334 1149 1416 1198 tanta
1435 1159 1491 1196 non
1511 1142 1617 1197 luisset.

394 1226 489 1280 Movet
510 1231 539 1278 et
560 1223 722 1296 magnitudo
745 1223 784 1276 5⁰.
823 1226 862 1275 At
882 1223 1073 1276 Rothmannus
1096 1224 1232 1278 Venerem
1262 1222 1373 1296 integro
1399 1223 1487 1277 horae
1516 1223 1668 1294 quadrante

306 1308 401 1362 eodem
422 1307 482 1359 loco
504 1304 621 1360 haerere
643 1303 711 1357 vidit
724 1302 752 1356 in
766 1301 876 1356 Bassia
906 1303 1071 1357 Maestlinus
1093 1303 1120 1356 in
1142 1304 1237 1374 eclipsi
1259 1303 1367 1359 Lunam
1387 1303 1456 1356 vidit
1474 1301 1508 1356 2⁰
1530 1303 1670 1358 elevatam

306 1386 412 1442 oriente
433 1385 498 1440 Sole
520 1389 550 1438 et
577 1383 704 1438 similiter
724 1383 816 1437 Solem
837 1382 870 1436 2⁰
891 1383 1031 1437 elevatum
1059 1383 1199 1440 occidente
1219 1383 1308 1438 Luna.
1351 1384 1396 1440 De
1422 1383 1581 1438 borealibus
1602 1399 1669 1438 vero

307 1465 514 1521 Groenlaudiae
536 1463 632 1518 scribit
652 1463 743 1516 nescio
766 1463 834 1532 quis,
857 1463 973 1518 nebulas
988 1463 1025 1516 ibi
1045 1464 1167 1519 existere
1188 1471 1317 1518 rorantes
1332 1463 1421 1534 guttis
1435 1469 1493 1516 tam
1507 1463 1668 1536 grandibus,

308 1554 341 1600 ιιι
363 1545 511 1599 enunciare
532 1561 587 1597 non
608 1543 705 1597 ausim.
733 1544 779 1596 lta
799 1541 849 1595 tibi
864 1543 989 1597 sathinc
1008 1543 1262 1598 verisimilitudinis.
1291 1543 1349 1596 Nec
1370 1543 1454 1597 sliam
1474 1559 1537 1596 esse
1559 1559 1671 1597 cansam

308 1632 434 1680 testatur
455 1624 627 1695 sequentium
649 1625 753 1677 dierum
775 1621 905 1686 historia,
928 1639 988 1676 curn
1010 1625 1093 1695 longe
1116 1625 1178 1694 plus
1200 1623 1331 1693 temporis
1353 1622 1557 1692 praeteriisset,
1589 1639 1671 1695 quam

307 1721 359 1777 pro
381 1705 492 1758 tantulo
515 1709 664 1774 augmento
685 1703 875 1756 declinationis
898 1719 916 1756 a
936 1704 1025 1772 prima
1045 1705 1238 1774 apparitione;
1261 1703 1307 1758 Sol
1330 1709 1436 1766 tamen,
1455 1701 1516 1772 jam
1536 1719 1671 1774 vaporum

307 1785 400 1839 densis
422 1783 556 1854 superior,
578 1784 721 1854 pristinam
743 1783 906 1836 monstravit
921 1783 979 1852 poli
1001 1783 1183 1849 altitudinem,
1207 1799 1278 1856 quae
1293 1782 1347 1836 fuit
1361 1790 1427 1837 ante
1447 1783 1669 1840 occultationem.

396 1883 440 1936 De
454 1881 591 1936 montanis
606 1897 706 1936 novam
719 1880 785 1934 un‘hi
799 1881 878 1936 litem
891 1898 991 1938 mores.
1029 1887 1127 1953 (Comp.
1148 1887 1204 1938 Vol.
1224 1888 1244 1938 ι.
1264 1903 1288 1951 p.
1309 1883 1382 1947 ³27.)
1421 1881 1492 1942 Quid
1505 1881 1557 1936 tibi
1572 1881 1669 1936 misae

312 1969 378 2018 sunt
397 1962 451 2018 bae
473 1962 621 2032 regiones?
643 1961 720 2016 Unde
742 1977 810 2032 ergo
831 1967 875 2014 tot
894 1961 1027 2016 flumina?
1047 1963 1086 2016 Et
1105 1963 1178 2015 unde
1198 1963 1298 2015 vadum
1312 1960 1340 2013 iu
1362 1959 1498 2016 altissimo
1519 1961 1671 2025 cacumine,

307 2043 361 2098 uisi
382 2059 433 2112 per
454 2041 679 2111 evaporationem
700 2040 823 2094 marinae
844 2041 917 2094 intus
939 2041 967 2094 in
993 2043 1079 2096 Terra
1099 2042 1229 2095 facultati
1249 2039 1400 2110 vegetandi
1422 2045 1591 2095 concoctae?
1626 2045 1670 2094 An

307 2130 338 2178 tu
360 2137 449 2193 negas
471 2121 537 2175 mihi
557 2137 654 2174 nasum
675 2137 737 2174 esse
759 2121 897 2174 humidum
918 2127 1076 2191 propterea,
1099 2123 1170 2192 quod
1191 2127 1300 2175 tantum
1322 2135 1411 2190 aquae
1433 2138 1487 2174 non
1507 2121 1590 2174 sitin
1610 2137 1670 2174 meo

309 2217 434 2272 corpore,
458 2201 639 2271 quantumin
660 2201 766 2254 situla?
802 2201 854 2255 Ubi
876 2217 979 2272 quaeso
1006 2203 1070 2271 plus
1095 2200 1321 2272 evaporationisl
1355 2201 1400 2254 Ab
1421 2201 1501 2272 igne,
1524 2199 1631 2264 aleco,
1654 2217 1673 2254 a

309 2283 404 2336 calore
427 2287 471 2334 est
493 2280 667 2350 evaporatio,
689 2298 744 2334 non
764 2286 873 2334 tanturn
888 2297 906 2334 a
919 2283 1045 2335 materia.
1073 2283 1143 2336 Esse
1164 2282 1242 2334 vobis
1264 2281 1374 2334 crebros
1396 2297 1513 2352 vapores
1531 2282 1566 2334 ad
1587 2281 1672 2338 litora

310 2364 400 2425 credo,
422 2360 548 2432 equidem
570 2361 649 2414 video
671 2363 704 2416 ad
725 2361 856 2416 bleldam.
896 2364 937 2414 At
957 2361 986 2414 hi
1014 2361 1068 2414 cito
1099 2362 1296 2432 depelluntur,
1322 2360 1353 2414 bi
1384 2361 1577 2417 refractionem
1608 2378 1671 2416 con·

311 2448 436 2496 stantem
456 2458 510 2494 non
531 2439 646 2496 faciunt.
688 2439 873 2494 Meministine
895 2459 932 2496 ex
953 2442 1084 2512 Tychone
1112 2441 1215 2504 estne,
1244 2440 1333 2496 minus
1354 2439 1399 2494 hic
1418 2458 1480 2498 esse
1501 2441 1671 2504 serenitatis,

311 2538 393 2592 quam
413 2519 441 2575 iu
463 2520 551 2574 medio
573 2522 645 2574 freto
668 2520 802 2576 Cimbrico
823 2521 904 2591 inque
925 2521 1046 2578 Euenua
1066 2527 1136 2576 sual
1164 2523 1263 2592 ltaque
1282 2537 1338 2574 non
1363 2528 1440 2576 terra
1466 2538 1503 2574 ex
1523 2521 1670 2584 montibus,

311 2604 359 2658 sed
381 2601 477 2656 humor
498 2605 634 2670 evaporat
648 2600 736 2654 mixto
750 2601 850 2670 spiritu
864 2601 1014 2664 metallico,
1036 2603 1231 2671 sulphuream,
1254 2601 1409 2674 oleagineo,
1432 2601 1478 2672 qui
1499 2600 1528 2656 in
1548 2601 1673 2656 tonitrua

309 2683 430 2751 erumpit
449 2687 479 2733 et
499 2680 653 2734 chasmate.

398 2761 484 2814 Porro
504 2761 584 2813 iidem
605 2759 809 2813 itinerariorum
830 2767 960 2814 temerae.
1002 2765 1044 2816 Ad
1066 2761 1151 2814 litora
1172 2776 1239 2814 sane
1260 2759 1424 2831 navigatur,
1451 2760 1478 2814 in
1499 2761 1670 2833 planitiebus

309 2840 463 2904 habitatur,
486 2842 520 2894 ad
541 2846 674 2894 montana
694 2841 893 2894 mercatoribus
915 2841 1081 2896 ascenditur.
1117 2841 1268 2896 'testantur
1289 2847 1383 2894 tamen
1404 2846 1434 2892 et
1454 2841 1578 2895 hodierni
1598 2842 1670 2914 phy-

312 2921 370 2986 sici,
394 2928 431 2984 et,
455 2939 489 2974 ne
511 2921 617 2975 flustra
631 2922 664 2974 de
683 2920 735 2974 hoc
756 2921 919 2991 glorientur,
936 2921 1065 2992 antiquus
1079 2921 1189 2984 Strabo,
1205 2921 1374 2976 incrementa
1387 2919 1452 2986 Nili,
1473 2921 1519 2977 ubi
1535 2932 1673 2994 perpetua

218 3007 222 3018 ’
310 3001 463 3064 serenitas,
497 3017 515 3056 a
545 3000 681 3054 continuis
711 3001 813 3070 pluviis
843 3018 905 3056 esse
930 3001 957 3056 in
978 3002 1075 3056 Lunae
1105 2999 1243 3056 montibus
1274 3003 1308 3055 ad
1339 3000 1473 3058 interiora
1493 3001 1669 3070 Aethiopiae.

309 3080 520 3152 Theophrastus
541 3097 608 3134 vero
629 3097 689 3134 curn
710 3081 862 3134 Aristotele
883 3081 928 3136 hic
948 3099 1115 3138 communem
1137 3098 1196 3135 cum
1217 3080 1278 3152 ipsc
1300 3089 1398 3137 narrat
1417 3081 1552 3147 reomau.
1580 3083 1667 3144 nubes

308 3163 428 3230 desuper
450 3178 486 3216 ex
508 3159 580 3215 adria
602 3161 721 3232 coagulo
742 3161 872 3218 existere.

400 3237 469 3302 Quid
491 3257 544 3311 ego
566 3240 617 3294 tihi
639 3241 749 3294 dicam?
780 3242 857 3304 Quod
878 3257 927 3295 nos
949 3247 1042 3295 adrem
1063 3241 1188 3304 dicimus,
1218 3240 1277 3294 sine
1298 3257 1351 3312 quo
1373 3247 1430 3298 taur
1450 3257 1505 3295 non
1525 3255 1669 3311 ροιιιιιιιι

308 3319 431 3375 retinere
452 3320 587 3389 spiritum,
610 3336 690 3390 quarn
704 3338 758 3374 non
779 3328 895 3390 possent
915 3322 1004 3391 pisces
1026 3337 1101 3392 aqua
1119 3337 1171 3375 sua
1193 3337 1296 3385 carere,
1321 3321 1347 3375 id
1362 3337 1430 3392 ergo
1444 3338 1499 3374 uon
1513 3329 1558 3375 est
1570 3327 1670 3376 tantae

311 3398 479 3466 altitudinis,
510 3407 543 3453 nt
564 3400 655 3453 omnia
675 3401 805 3454 montium
828 3402 971 3455 cacumina
1001 3407 1122 3472 superet.
1164 3401 1255 3454 Extat
1275 3402 1371 3466 Atlas,
1394 3401 1540 3474 Olympus,
1572 3409 1601 3456 et
1620 3401 1670 3456 ille

308 3481 382 3534 inter
401 3483 517 3543 Acorea,
540 3479 625 3534 Culus
645 3481 747 3534 Terrae
769 3480 867 3535 dictus.

400 3559 442 3614 Tu
463 3560 577 3613 tabulae
600 3566 777 3629 praetextum
798 3561 908 3631 quaeris
924 3561 960 3615 ab
976 3567 1112 3616 astrorum
1135 3560 1305 3630 operatione,
1326 3577 1396 3630 quae
1411 3559 1567 3631 propiorem
1583 3560 1672 3614 habet

310 3645 415 3696 aerem.
458 3639 587 3694 Edissere
609 3639 673 3694 mihi
695 3641 867 3712 elegantule,
893 3648 996 3713 quanto
1018 3641 1131 3711 propior
1151 3657 1205 3711 ego
1220 3658 1279 3696 sum
1293 3641 1357 3694 lixis
1379 3657 1460 3711 quam
1480 3645 1529 3698 tut
1551 3642 1671 3696 Causam

310 3719 480 3794 operationis
503 3726 641 3776 astrorum
662 3719 785 3776 iuvenies
808 3722 835 3775 in
856 3723 922 3776 meis
937 3721 1175 3792 Meteorologieis,
1197 3720 1225 3774 in
1247 3720 1345 3791 quibus
1367 3721 1427 3790 jam
1447 3722 1552 3790 pridem
1574 3729 1603 3774 te
1624 3723 1671 3778 da·

308 3801 428 3856 sideravi
450 3809 644 3871 opponentem,
666 3802 713 3856 sed
735 3801 836 3858 serium
849 3820 903 3856 non
925 3807 1112 3872 gymnaatenr
1134 3817 1183 3856 carr
1203 3800 1275 3854 enim
1288 3801 1315 3854 id
1330 3817 1386 3872 ego
1407 3817 1523 3870 operose
1543 3801 1670 3862 refutem,

311 3883 382 3951 quod
404 3881 464 3950 ipse
486 3881 557 3934 olam
580 3883 716 3935 damnas?
746 3882 873 3937 Invenies
902 3881 1002 3935 ibidem
1031 3882 1099 3934 boc:
1131 3887 1243 3934 terrane
1267 3898 1304 3934 an
1329 3897 1404 3951 aqua
1433 3881 1523 3952 magis
1545 3887 1614 3952 apta
1634 3879 1672 3936 ait

311 3961 415 4019 mutari
429 3967 459 4014 et
478 3961 582 4033 agitari
602 3963 638 4015 ab
660 3961 752 4026 astris,
775 3964 845 4032 quod
865 3963 979 4032 perinde
994 3968 1038 4015 est
1052 3977 1085 4014 ac
1099 3961 1123 4014 si
1143 3961 1226 4025 dicas,
1249 3961 1344 4016 aviene
1365 3960 1455 4032 magia
1470 3963 1504 4015 ad
1524 3961 1671 4015 rolandum

310 4047 381 4112 apta
402 4041 440 4096 sit
460 4057 498 4095 an
518 4058 637 4111 pennae,
660 4043 695 4095 ad
717 4044 877 4096 currendum
898 4059 984 4113 equus
1006 4059 1042 4098 an
1063 4046 1164 4095 rotae?
1194 4041 1248 4095 Sed
1268 4040 1322 4094 buc
1342 4048 1451 4096 tautum
1471 4043 1617 4098 verborum
1637 4042 1672 4094 de

309 4121 467 4185 Hollaudis,
490 4122 585 4191 quite
607 4129 748 4176 extorrem
768 4123 863 4193 patria
883 4124 950 4176 sede
970 4123 1112 4185 iecerunt3
1134 4121 1231 4176 missos
1253 4121 1395 4176 faciamus.
1419 4149 1457 4162 -··

400 4215 506 4281 Spectat
523 4215 647 4280 Keplems
665 4217 703 4266 bis
721 4219 802 4268 verbis
821 4218 987 4273 calamitates,
1007 4229 1071 4281 quae
1083 4217 1204 4274 Fabricio,
1224 4219 1290 4281 prius
1307 4219 1399 4281 pastori
1411 4215 1592 4266 Resterharias
1611 4213 1671 4264 Ost-

307 4288 441 4348 triaiorurn,
461 4301 475 4337 e
493 4288 639 4338 tumultibus
656 4287 751 4338 bellicis
775 4296 844 4339 ortae
870 4297 936 4344 sant,
963 4288 1050 4353 quibus
1068 4295 1149 4338 motus
1167 4291 1233 4352 prius
1252 4290 1385 4344 Anticum,
1410 4287 1515 4354 posthum
1537 4288 1672 4350 principem

308 4371 381 4411 saum
409 4365 509 4410 secutus
528 4359 637 4412 Ειοιιιιιιι
661 4367 687 4410 et
714 4360 774 4410 lude
792 4359 905 4410 Ostelarn
925 4373 952 4410 se
971 4360 1072 4422 recepit.
1112 4358 1338 4424 ,ιιιιιιιιιιιοιιιςιιιιιι
1361 4373 1426 4424 qnae
1445 4357 1569 4423 Keplems
1596 4371 1673 4420 supra

310 4431 383 4480 verbo
401 4432 493 4495 tangit,
512 4431 598 4482 insunt
616 4430 800 4482 dissertationi:
828 4429 869 4481 De
892 4431 1070 4482 Fundameutis
1096 4431 1245 4495 astrologiae
1270 4431 1413 4482 certioribus
1433 4429 1501 4492 (Vol.
1521 4430 1541 4480 ι,
1560 4445 1584 4494 p.
1596 4424 1672 4489 ιιι).

397 4501 576 4551 Fabricius
595 4502 721 4564 respondit
739 4499 821 4564 (llll.
840 4502 900 4554 Feb.
921 4499 1019 4564 1603lt
1039 4500 1196 4552 Sententiam
1213 4509 1283 4552 tuam
1301 4517 1351 4554 non
1369 4503 1468 4554 omnium
1486 4502 1604 4565 improbo,
1622 4501 1671 4552 uisi

308 4571 432 4637 quodvis
450 4573 495 4623 soli
513 4572 655 4624 sabaotioni
682 4580 781 4624 tantam
810 4573 976 4626 differentiam
1003 4573 1141 4624 adscribere
1170 4574 1285 4623 audeam.
1323 4573 1386 4624 Puto
1413 4573 1503 4638 glaciei
1526 4572 1603 4623 moles
1621 4587 1672 4620 uno

307 4649 418 4706 ternpore
439 4645 498 4692 anni
516 4646 623 4706 majores
643 4651 687 4694 aut
704 4645 811 4695 minores
830 4661 884 4696 esse
902 4647 1011 4710 potuisse
1030 4651 1130 4708 propter
1153 4645 1277 4695 diversum
1300 4651 1427 4696 ventorum
1446 4643 1548 4701 flatum,
1576 4642 1672 4716 glacies

309 4713 365 4762 illas
384 4721 429 4763 ant
446 4713 621 4764 advehentium
640 4715 678 4766 vel
698 4717 872 4766 deducentium
891 4731 908 4767 a
925 4717 1014 4775 litore,
1041 4716 1107 4765 unde
1126 4716 1164 4766 rel
1191 4717 1264 4764 unius
1283 4715 1321 4765 vel
1347 4716 1449 4765 duorum
1474 4717 1594 4780 paduam
1614 4714 1670 4764 alti·

310 4784 423 4834 tudinem
441 4785 515 4835 tacite
534 4785 659 4836 occultare
677 4790 792 4851 potuerit.

398 4863 564 4928 Keplerus
582 4873 670 4916 eontra
687 4863 724 4928 (t.
745 4867 795 4920 tul.
817 4863 897 4930 11103)
915 4866 979 4919 haec
998 4865 1087 4917 affert:
1122 4861 1166 4914 De
1200 4859 1367 4914 retractione
1402 4859 1550 4916 hollandis
1578 4857 1671 4913 Solem
