3652 5532
361 281 427 352 ott
838 285 1064 340 cessuras
1081 283 1231 354 emanas

361 465 482 530 Boeotii
511 465 737 541 interfectores,
768 463 818 526 vel
846 465 1008 542 Jasonem,
1037 464 1088 547 qui
1112 464 1275 530 Colchidos
1305 465 1465 530 draconem
1494 465 1626 548 sopivit,
1657 463 1701 526 vel

360 555 526 631 Aesacum,
556 555 683 636 Egeries
705 553 853 637 nymphae
876 574 979 618 necem
1001 555 1032 617 in
1056 562 1195 636 serpente
1217 554 1428 630 ulciscentem,
1458 554 1506 618 vel
1527 573 1623 638 quam
1642 554 1700 635 ipse

360 643 434 708 dicit
455 643 633 727 Eurydicen.
678 643 724 706 At
745 642 816 725 quid
837 643 864 706 si
885 644 1029 708 Lesbium
1052 645 1136 708 illum
1159 645 1318 708 draconem
1342 644 1464 720 dixeris,
1487 665 1506 706 a
1526 643 1703 710 Phoeboin

361 753 466 796 saxum
489 752 679 809 conversum,
710 733 794 796 illum
823 733 874 815 qui
903 742 994 816 caput
1017 733 1131 817 Orphei
1162 734 1259 798 rosit?
1306 733 1414 798 Cernis
1436 741 1471 798 ut
1491 736 1607 798 reflexo
1629 733 1701 796 eollo

183 873 189 880 .
280 895 284 904 A
359 823 399 885 ad
423 823 591 899 Ooronam,
624 831 754 904 atquae
785 820 863 885 hanc
895 843 955 886 non
978 823 1067 904 longo
1098 823 1259 887 intervallo
1288 825 1423 907 sequitur
1445 823 1560 906 Orphei
1583 825 1702 906 Lyram,

358 913 520 976 etiamnum
543 914 573 976 in
590 912 713 977 corona
735 919 825 993 ceput
848 911 971 994 Orphei,
997 914 1047 996 qui
1071 914 1154 997 lyrae
1171 912 1309 977 dominus
1332 921 1407 990 erat,
1431 933 1576 997 quaerere
1601 914 1703 976 videa-

355 1003 424 1066 tur?
468 1003 523 1066 Sin
546 1002 603 1065 hco
624 1003 722 1065 minus
744 1001 855 1084 placet,
878 1002 1055 1066 Aristaeum
1076 1004 1108 1066 in
1131 1003 1326 1084 serpentaria
1348 1003 1516 1084 agnoscito,
1537 1006 1656 1068 Protea
1676 1003 1705 1067 iu

356 1091 522 1174 Serpente3
545 1100 581 1155 ut
602 1092 701 1154 luctae
725 1112 818 1154 causa
839 1100 953 1173 pateat
1226 1165 1228 1172 Α

441 1182 487 1245 At
508 1180 584 1244 nihil
602 1181 857 1244 accommodatius
872 1181 1046 1244 Laocoonte
1063 1180 1244 1262 Virgilianc‚
1268 1201 1355 1266 quem
1370 1190 1526 1264 serpentes
1548 1182 1591 1246 ab
1615 1180 1704 1244 exitio

354 1270 481 1335 filiorum
504 1277 690 1334 avertentem

619 1397 776 1468 Oorripiunt
796 1395 930 1469 spirisque
951 1396 1045 1470 ligant
1063 1395 1240 1470 ingentibus:
1261 1397 1368 1467 etjam

617 1478 665 1532 Bis
685 1477 802 1534 medium
823 1477 954 1548 amplexi,
977 1477 1019 1532 his
1040 1479 1111 1532 eollo
1132 1493 1266 1550 squamea
1286 1477 1387 1535 circum

619 1559 713 1630 Terga
732 1559 792 1614 dati
813 1565 946 1629 superant
966 1557 1059 1628 capite
1080 1564 1110 1613 et
1130 1559 1279 1614 cervicibus
1301 1559 1376 1626 altis,

617 1639 669 1696 llle
690 1639 771 1695 simul
790 1639 916 1695 manibus
936 1645 1030 1696 tentat
1049 1639 1180 1694 divellere
1200 1641 1293 1696 nodos.

443 1771 572 1834 Frustra
594 1770 713 1852 quidem
742 1771 851 1835 omnia.
895 1770 988 1834 Nulla
1016 1771 1117 1833 fabula
1145 1771 1284 1853 quadrat.
1329 1769 1458 1834 Refutat
1480 1769 1627 1834 Manilius
1650 1789 1704 1832 uno

352 1877 459 1924 versu:

616 1967 730 2040 Semper
750 1969 804 2023 erit
822 1966 936 2040 paribus
957 1967 1078 2023 bellum:
1100 1966 1166 2040 quia
1185 1967 1289 2022 viribus
1310 1975 1441 2040 aequant

441 2072 555 2138 Omnes
576 2093 648 2137 vero
671 2073 817 2138 hacteuus
835 2073 1061 2136 commemorati
1083 2080 1136 2135 aut
1157 2073 1293 2136 vicerunt
1315 2072 1464 2137 astricti
1486 2083 1567 2138 sunt

439 2163 527 2226 Nunc
550 2182 570 2225 a
591 2162 715 2226 ludicris
738 2164 778 2226 ad
800 2163 943 2238 calculos,
967 2182 986 2224 a
1008 2163 1108 2244 poetis
1132 2162 1171 2224 ad
1184 2163 1415 2228 mathematicos
1431 2164 1601 2228 veniamus.
1640 2163 1703 2228 Nu-

352 2253 484 2316 meravit
504 2253 700 2318 Ptolemaeus
726 2271 792 2316 eum
814 2251 989 2334 Hipparcho
1020 2251 1127 2315 stellas
1149 2247 1192 2315 47
1223 2253 1254 2316 in
1277 2253 1470 2336 Serpentario
1502 2262 1534 2316 et
1555 2255 1703 2336 Serpente

351 2349 384 2406 et
406 2341 527 2418 circum,
551 2342 581 2405 in
604 2341 770 2424 Scorpione
794 2338 847 2417 24,
870 2343 902 2404 in
924 2341 1092 2422 Sagittario
1115 2338 1167 2405 31.
1205 2343 1357 2406 Braheum
1380 2344 1528 2425 sphaerae
1543 2344 1703 2408 declivitas

353 2439 384 2495 et
407 2439 460 2496 abr
481 2431 649 2495 horizontis
673 2451 794 2494 crassus
817 2431 983 2511 impedivit,
1007 2437 1121 2494 utnon
1143 2431 1245 2512 plnres
1268 2452 1357 2514 quam
1379 2432 1442 2496 illic
1465 2429 1517 2507 26,
1540 2433 1593 2496 hic
1614 2431 1653 2497 10
1676 2438 1704 2492 et

356 2517 394 2586 13
417 2541 539 2586 mensas
563 2523 626 2585 suis
647 2521 856 2586 instrumentis
880 2520 1018 2582 ediderit.
1063 2522 1200 2602 Bayerns
1223 2522 1446 2586 oculatissimus
1468 2521 1541 2600 icit,
1564 2523 1632 2588 illic
1655 2517 1702 2597 67,

351 2610 401 2676 hic
425 2609 466 2678 29
490 2618 522 2674 et
545 2608 587 2675 32
619 2611 745 2675 notavh.
792 2609 869 2673 Mihi
898 2609 1039 2672 voluntas
1071 2629 1222 2694 uunquam
1252 2611 1349 2674 defuit
1377 2611 1537 2694 supplendi
1568 2612 1703 2676 deiectus

350 2702 443 2765 hosce
466 2699 497 2763 in
512 2700 642 2776 Brahec,
666 2708 810 2782 quantum
826 2699 890 2781 poli
905 2698 1068 2780 Pragensis
1084 2699 1213 2762 altitudo
1235 2707 1403 2782 pateretur;
1427 2709 1462 2763 at
1478 2701 1612 2766 facultas
1635 2719 1702 2784 pcr-

351 2811 441 2874 quam
462 2791 572 2854 tenuis.
609 2793 688 2853 Nam
703 2797 734 2852 et
748 2808 824 2872 pene
841 2789 924 2852 solus
948 2797 979 2851 et
1000 2789 1103 2852 hebeti
1124 2789 1192 2852 visu
1215 2807 1297 2852 sum:
1322 2790 1463 2854 stellulae
1486 2811 1559 2854 vero
1579 2809 1701 2874 parvae,

350 2879 502 2945 horizonti
531 2880 648 2942 vicinae
679 2888 711 2942 et
738 2879 769 2942 in
799 2878 959 2961 splendore
988 2879 1056 2939 viae
1079 2877 1213 2941 lacteae:
1246 2886 1277 2941 et
1299 2880 1469 2943 Braheanis
1496 2879 1702 2945 instrumentis

352 2989 456 3048 careo,
489 2988 545 3032 nec
568 2970 684 3032 coelum
706 2969 738 3030 in
759 2969 906 3032 Bohemia
929 2967 1033 3030 crebro
1058 2974 1106 3030 est
1135 2967 1175 3030 ad
1196 2976 1307 3032 votum.
1354 2971 1459 3052 ltaque
1482 2971 1535 3033 vix
1557 2973 1648 3034 unius
1670 2987 1703 3030 ex

287 3074 290 3087 “
352 3060 473 3125 omissis
492 3059 578 3140 justa
599 3058 767 3122 invenietur
783 3055 972 3133 observati03
994 3057 1177 3138 reliquarum
1200 3057 1309 3121 seriem
1327 3059 1554 3124 culminantium
1578 3070 1612 3124 et
1633 3057 1702 3122 alti-

351 3150 472 3212 tudines
494 3148 693 3223 meridianas,
717 3154 861 3230 quantum
887 3146 955 3209 visu
977 3147 1062 3228 potui
1084 3148 1243 3228 consequi,
1275 3150 1435 3212 annomvi:
1466 3151 1654 3232 quarundam
1675 3154 1703 3208 et

351 3239 421 3302 loca
442 3237 639 3301 determinavi
662 3255 826 3318 congressu
850 3236 959 3300 stellae
978 3235 1098 3310 Martis,
1123 3236 1208 3317 cnjus
1223 3237 1370 3301 calculum
1385 3238 1483 3302 habeo
1497 3238 1702 3324 exquisitissi-

352 3347 441 3392 mum.
487 3328 522 3392 In
551 3327 702 3409 plerisque
728 3325 810 3407 juvit
837 3343 885 3389 me
914 3324 1088 3388 mechanica
1117 3332 1149 3387 et
1178 3327 1334 3390 annotatio
1365 3337 1515 3392 rectarum
1538 3329 1701 3402 linearum

354 3417 471 3502 quoties
490 3423 593 3479 ternae
610 3415 717 3479 stellae
740 3415 772 3477 in
786 3433 876 3478 unam
894 3423 1007 3477 rectam
1024 3423 1076 3477 aut
1096 3415 1233 3495 proxime
1250 3435 1339 3481 unam
1353 3418 1571 3501 competebant
1610 3418 1703 3498 Cujus

353 3507 398 3570 rei
421 3525 514 3570 cansa
537 3506 664 3568 exhibeo
687 3503 742 3567 tibi
765 3511 868 3586 typum
892 3503 1131 3568 constellationis
1153 3503 1251 3584 hujus.

442 3597 522 3661 Nam
550 3604 585 3660 nt
613 3603 714 3657 rectae
747 3593 903 3656 stellarum
932 3593 1111 3674 praesertim
1140 3593 1230 3674 paulo
1259 3597 1453 3660 remotiorum
1484 3615 1552 3660 sese
1582 3615 1701 3660 accom-

354 3689 478 3753 modent
499 3684 706 3762 mechanicae,
726 3682 824 3764 paulo
849 3683 938 3746 aliter
961 3681 1137 3746 adornanda
1159 3691 1229 3745 sunt
1252 3684 1422 3762 schemata,
1454 3705 1544 3768 quam
1566 3686 1702 3749 ordinata

352 3779 439 3842 vides
462 3777 642 3860 Bayeriana.
690 3773 766 3838 Cum
796 3772 874 3836 euim
896 3772 1072 3834 mechanica
1099 3779 1238 3835 versetur
1260 3773 1292 3836 in
1313 3776 1516 3857 planitiebus,
1550 3783 1582 3838 et
1603 3783 1700 3838 rectae

339 3909 340 3914 κ
355 3887 458 3934 omnes
476 3874 657 3950 apparentes
682 3862 743 3927 sint
765 3861 869 3925 circuli
891 3860 1013 3924 maximi
1036 3863 1068 3924 in
1083 3862 1178 3938 coelo,
1201 3869 1234 3923 et
1247 3864 1326 3926 oculi
1341 3865 1439 3928 nostri
1452 3867 1539 3948 qnasi
1553 3865 1585 3928 in
1600 3873 1700 3928 centro

354 3956 466 4033 mundi,
482 3965 587 4020 tenere
600 3962 728 4036 oportet,
752 3951 832 4036 quod
854 3951 983 4014 circulus
999 3969 1126 4032 magnus
1139 3969 1177 4012 ex
1191 3960 1294 4015 centro
1311 3954 1507 4036 sphaerarum
1528 3956 1560 4018 in
1582 3956 1700 4036 planum

353 4049 506 4130 prejectus
528 4048 581 4109 fiat
599 4051 692 4106 recta.
732 4039 848 4114 Quodsi
862 4040 986 4122 planum
1003 4047 1110 4122 tangat
1124 4041 1285 4123 sphaeram
1302 4041 1333 4105 in
1347 4045 1448 4126 aliquo
1462 4051 1573 4126 puncto
1588 4042 1700 4107 zodiaci

355 4141 405 4215 (nt
425 4137 484 4201 hoc
505 4143 642 4199 nostrum
655 4132 778 4214 planum
793 4131 892 4212 tangit
904 4130 1061 4194 zodiacum
1074 4129 1105 4192 in
1124 4127 1165 4194 18
1177 4126 1189 4162 ⁰
1203 4135 1259 4206 β’),
1285 4151 1388 4196 omnes
1404 4134 1586 4198 semicirculi
1604 4131 1699 4212 magni

354 4227 546 4291 latitudinum
567 4223 599 4287 in
621 4223 679 4285 hcc
701 4222 823 4303 planum
844 4219 973 4302 projecti
996 4221 1070 4282 fiunt
1092 4219 1189 4282 lineae
1212 4221 1377 4300 parallelae
1400 4223 1544 4299 infinitae,
1568 4224 1608 4286 ad
1629 4241 1698 4304 pro-

350 4318 466 4400 jectam
488 4313 657 4395 eclipticam
679 4318 790 4374 rectae.
830 4308 942 4373 Omnes
957 4316 1116 4391 praeterea
1132 4309 1364 4374 declinationum
1380 4312 1560 4376 semicirculi
1584 4316 1697 4393 (utpote

355 4404 536 4470 semicirculi
557 4400 695 4475 maximi)
719 4407 896 4462 concurrent
922 4399 953 4462 in
975 4417 1035 4460 uno
1064 4397 1147 4480 plani
1171 4399 1337 4464 continuati
1358 4410 1487 4483 puncto,
1519 4403 1598 4486 qnod
1620 4407 1698 4464 recta

355 4517 393 4560 ex
415 4504 519 4560 centro
543 4492 689 4574 sphaerae
711 4509 765 4572 per
787 4489 889 4570 polum
911 4487 1029 4562 mundi,
1059 4488 1110 4570 qui
1133 4494 1181 4550 est
1203 4487 1234 4550 in
1256 4487 1477 4572 hemisphaerio
1504 4490 1694 4574 proJiciendo,

356 4587 503 4668 designat.
541 4581 677 4646 Minores
701 4577 829 4642 circulos
853 4578 932 4660 quod
954 4579 1073 4652 attinet,
1096 4586 1170 4657 puta
1191 4579 1355 4659 parallelos
1369 4581 1589 4664 aequatorivel
1606 4579 1696 4660 eclip-

355 4675 434 4738 ticae
458 4681 490 4736 et
512 4671 642 4737 similes:
674 4669 697 4732 ii
718 4667 846 4750 projecti
874 4669 948 4731 fiunt
980 4666 1131 4729 sectiones
1163 4667 1293 4731 conicae.
1340 4669 1446 4734 Omnis
1474 4670 1553 4733 enim
1575 4669 1696 4733 circulus

355 4761 569 4846 hemisphaerii
591 4761 699 4835 minor,
722 4758 807 4839 cujus
822 4755 1063 4820 circumferentia
1084 4763 1254 4820 removetur
1277 4767 1419 4842 apnnctc
1432 4767 1590 4824 conmotus
1610 4775 1695 4842 prae-

358 4853 418 4916 cise
449 4853 616 4935 quadrante
649 4846 768 4923 circuli,
799 4847 951 4927 projectus
983 4845 1014 4908 in
1042 4843 1165 4926 planum
1191 4847 1226 4910 nt
1252 4850 1405 4930 parabole.
1455 4849 1571 4922 Quodsi
1602 4849 1696 4931 aliqua
