3674 5538
276 233 320 304 88
692 240 793 290 Literna
814 236 916 302 Keplori
936 238 1086 302 aliorumque
1105 243 1205 288 mutuae

277 438 401 498 corpore
424 418 543 500 lapidis,
569 424 601 478 et
624 415 722 477 nullus
745 413 823 492 lapis
848 413 1013 492 quadrante
1038 414 1185 487 milliaris,
1211 415 1266 476 hoo
1286 421 1334 475 est
1360 405 1460 495 'imm
1478 422 1566 494 parte
1581 435 1631 478 se-

277 509 454 570 midiametri
483 508 643 580 Terraea
673 505 766 564 Terra
794 501 933 562 discedit.
980 495 1111 580 Superat
1135 503 1225 582 igitur
1249 503 1329 564 illam
1363 505 1492 582 quietem
1516 505 1632 566 infinito

276 615 370 677 pene:
403 604 467 658 tam
496 597 586 674 igitur
618 592 762 652 velociter
791 591 888 651 instar
921 599 1046 652 catenae
1078 591 1173 652 trahit
1198 592 1346 671 lapidem,
1376 611 1463 672 quarn
1488 593 1633 654 velociter

277 686 341 764 ipse
370 705 437 746 enm
460 685 579 744 Tellure
612 681 812 741 transfertur:
845 679 946 757 itaque
980 699 1103 740 necesse
1137 687 1202 751 est,
1234 680 1353 756 globum
1387 681 1415 743 in
1449 690 1630 744 tormentum

276 774 420 844 recidere,
444 772 469 833 si
493 769 637 851 possibile
661 776 758 841 esset,
784 777 818 828 ut
841 787 856 826 e
881 775 1029 829 tormento
1062 768 1351 847 perpendiculariter
1385 770 1412 832 in
1438 771 1531 832 altum
1556 789 1630 830 eve-

277 864 406 924 heretur.
445 860 518 921 Plns
542 857 654 934 negotii
674 855 794 917 videtur
818 857 968 918 lacessere
988 856 1149 934 ejaculatio
1169 858 1249 936 globi
1268 857 1294 918 in
1318 867 1414 919 ortum
1431 867 1462 920 et
1481 877 1630 945 occasum,

277 970 352 1030 quas
376 947 477 1029 Tyoho
501 947 628 1008 miratur
651 945 794 1025 aequales
818 963 885 1005 esse
910 963 1009 1024 posse,
1035 945 1059 1004 si
1078 945 1173 1030 Terra
1197 954 1364 1010 moueatur.
1403 948 1511 1026 Inepta
1533 946 1630 1009 ratio-

277 1039 390 1099 cinatio
409 1036 552 1114 seipsam
576 1034 740 1095 confundit.
778 1034 856 1094 Nam
877 1042 1016 1113 respectu
1035 1034 1200 1112 spatiorum
1221 1035 1321 1096 mnndi
1345 1035 1435 1114 plane
1462 1035 1633 1115 inaequalia

277 1129 349 1188 liunt
373 1124 483 1204 spatia.
530 1125 624 1185 Terra
648 1124 677 1182 in
702 1130 797 1183 ortum
822 1122 926 1182 voluta
950 1123 977 1182 in
1002 1123 1120 1196 mundo,
1146 1123 1170 1183 si
1196 1133 1227 1183 et
1259 1124 1366 1202 globus
1390 1124 1418 1184 in
1443 1133 1539 1190 ortum
1564 1124 1631 1185 rol-

202 1277 206 1282 ,
277 1223 383 1287 rainl,
409 1214 437 1274 in
463 1213 557 1274 Terra
587 1212 754 1290 duplicatur
784 1211 914 1288 spatium
939 1211 1040 1271 mundi
1064 1215 1135 1278 (non
1161 1212 1289 1286 Terrae,
1320 1212 1470 1292 quianon
1496 1219 1632 1273 movetur

277 1304 372 1364 Terra
395 1301 425 1362 in
449 1302 559 1362 Terrae
591 1299 745 1378 superficie
776 1319 829 1359 eeu
862 1299 889 1358 in
925 1301 1010 1371 loco,
1040 1300 1118 1378 quod
1143 1299 1235 1360 stulte
1267 1301 1350 1382 ponit
1383 1301 1458 1363 haec
1492 1300 1633 1378 objectio,

278 1391 413 1470 quamvis
438 1408 495 1450 non
521 1389 627 1461 dicat),
652 1395 684 1448 at
708 1388 796 1466 globo
822 1387 849 1447 irr
875 1406 1014 1448 oceasum
1046 1389 1149 1448 rolnto
1174 1407 1263 1467 super
1287 1390 1419 1462 Terram,
1454 1389 1634 1450 deminuitur

278 1479 392 1558 aliquid
416 1478 453 1538 de
477 1479 576 1556 spatio
610 1475 728 1549 altrudi,
763 1477 840 1556 qnod
865 1477 946 1555 prior
976 1476 1056 1554 globi
1091 1477 1173 1538 locus
1206 1479 1389 1555 peragrarit.
1438 1476 1578 1539 Ceterum
1604 1477 1632 1537 in

277 1568 344 1647 ipsa
367 1567 461 1628 Terra
485 1575 516 1626 et
540 1575 677 1645 respectu
702 1565 765 1643 ejus
790 1565 899 1644 spatii,
925 1565 1002 1644 qnod
1028 1584 1092 1626 eum
1117 1565 1212 1626 Terra
1235 1565 1389 1638 circumit,
1418 1573 1534 1627 remota
1557 1585 1633 1626 con-

278 1655 460 1717 sideratione
484 1656 575 1734 spatii
601 1654 751 1728 mundani,
776 1672 902 1733 aequrun
928 1654 1044 1714 omnino
1070 1661 1118 1713 εει
1141 1661 1175 1714 ut
1197 1653 1327 1732 spatium
1356 1654 1530 1716 conficiatur
1552 1653 1632 1714 idem

277 1745 387 1807 ceteris
410 1743 543 1824 paribus.
591 1743 692 1803 Motus
716 1761 821 1821 nempe
849 1743 996 1803 violentus
1021 1751 1144 1821 separat
1174 1741 1303 1821 lapidem
1328 1765 1347 1802 a
1370 1745 1479 1804 uirtute
1503 1742 1633 1804 Telluris

278 1833 425 1894 tractoria
445 1851 499 1912 per
523 1833 623 1910 spatia
646 1831 763 1904 diffusa,
789 1833 890 1910 itaque
909 1831 983 1891 haec
999 1838 1046 1890 est
1066 1832 1150 1910 quasi
1175 1832 1293 1911 quidam
1318 1833 1409 1906 locus,
1435 1832 1481 1892 ris
1502 1832 1635 1892 violenta

279 1923 519 1982 instarcurrus:
545 1919 594 1981 uhi
618 1918 739 2000 perinde
768 1928 815 1980 est
838 1919 866 1981 in
892 1937 1096 1998 quamcunque
1130 1921 1251 2000 plagam
1286 1939 1388 1981 crrrrus
1413 1922 1471 1982 iste
1505 1920 1633 1998 lapidem

278 2009 467 2071 transvehat.
515 2007 645 2088 Siren.
680 2027 733 2082 eo,
768 2027 824 2086 quo
857 2009 903 2067 ris
938 2009 1003 2086 ipsa
1026 2008 1154 2069 Telluris
1188 2009 1316 2086 lapidem
1341 2010 1380 2070 ad
1404 2010 1527 2071 Terram
1553 2017 1635 2069 recta

279 2098 451 2172 attrahens,
486 2097 549 2158 sire
582 2097 610 2157 in
642 2097 843 2158 contrarium:
883 2114 1001 2175 semper
1036 2096 1081 2157 ris
1114 2098 1240 2158 infertur
1265 2099 1470 2160 attractoriae
1496 2095 1635 2158 Telluris

278 2186 382 2248 virtuti
408 2195 438 2248 et
461 2185 597 2264 aequalis
628 2185 765 2264 utrinque
794 2185 857 2245 illio
880 2185 1112 2264 praecurrendo,
1145 2185 1192 2246 hic
1216 2186 1374 2247 obviando.
1422 2185 1583 2247 Violentus
1607 2205 1635 2245 ιι.

278 2284 378 2337 motus
404 2275 513 2354 lapidis
537 2293 594 2334 non
628 2293 702 2353 opns
735 2273 828 2334 habet
858 2273 989 2352 lapidem
1022 2272 1145 2334 morehs
1170 2281 1202 2334 nt
1236 2283 1379 2353 sequatur
1403 2276 1545 2348 Terram,
1570 2293 1635 2334 cum

279 2363 356 2442 lapis
380 2363 471 2426 etiarn
495 2363 560 2423 sine
584 2362 715 2423 violento
739 2370 820 2422 motu
843 2363 966 2422 Tenem
989 2369 1145 2423 secuturus
1169 2364 1218 2436 sit,
1243 2363 1288 2422 cui
1320 2381 1373 2443 per
1397 2365 1537 2424 effluxum
1557 2362 1633 2424 adeo

280 2451 398 2512 fortiter
420 2460 469 2512 εει
492 2459 717 2512 concatenatus.
756 2450 798 2511 Et
826 2449 924 2524 nrirur,
952 2449 1124 2530 Tychonem
1144 2451 1279 2512 haesisse
1299 2451 1327 2510 in
1350 2452 1483 2512 violento
1505 2451 1635 2530 obliquo,

279 2559 344 2601 curn
378 2539 407 2600 in
440 2540 572 2601 violento
605 2539 845 2620 perpendiculari
879 2559 945 2600 sese
980 2539 1166 2619 expediverit
1198 2540 1282 2618 ipse:
1317 2560 1440 2621 curaque
1473 2539 1522 2600 hie
1555 2539 1633 2600 illius

280 2630 504 2690 fundamentum
528 2629 579 2690 sit.

352 2718 428 2780 vSed
454 2717 593 2798 objicitur
617 2723 648 2776 et
675 2715 819 2776 violentia
847 2715 1031 2777 occurrentis
1062 2715 1150 2778 medii
1175 2716 1203 2777 in
1228 2717 1305 2777 hunc
1336 2717 1475 2777 modum:
1501 2718 1632 2791 Terram,

280 2805 352 2867 nulli
370 2805 465 2868 solido
486 2806 548 2868 orbi
575 2806 722 2880 innexam,
747 2805 905 2884 palpamus
929 2805 1084 2866 manibus:
1110 2806 1237 2883 undique
1253 2823 1358 2884 nempe
1383 2803 1511 2884 liquidus
1531 2808 1636 2869 aether

279 2896 308 2956 in
333 2895 456 2957 summis
481 2903 529 2955 εει
553 2894 714 2966 montibus,
740 2895 795 2954 sub
820 2893 906 2954 Luna
930 2893 1038 2972 magis,
1064 2893 1133 2973 quia
1156 2893 1196 2954 ibi
1221 2901 1356 2954 cometae
1380 2895 1543 2955 secundnm
1568 2895 1635 2973 ple-

278 3003 395 3062 rosque,
422 3002 511 3062 supra
527 2984 643 3044 Lunam
658 2981 795 3049 maxime,
822 2983 892 3061 quia
906 2983 945 3042 ibi
963 2991 1097 3043 cometae
1118 2982 1279 3042 secundum
1292 2981 1470 3062 Tyohonem,
1495 2983 1634 3063 utrinque

279 3072 440 3132 secundum
464 3091 560 3132 meam
586 3070 777 3137 sententiam.
824 3071 932 3132 Nullus
958 3071 1049 3150 igitur
1073 3089 1232 3149 corporeus
1256 3071 1336 3131 orbis
1360 3077 1416 3129 est.
1464 3070 1503 3131 Et
1527 3072 1633 3143 Terra,

278 3160 304 3220 si
329 3167 475 3232 movetur,
500 3168 636 3221 occurret
661 3157 771 3238 liquido
797 3159 922 3220 aetheri.
970 3159 1072 3240 Atque
1097 3159 1167 3220 hino
1190 3159 1307 3220 ridetur
1331 3158 1413 3237 sequi
1439 3159 1542 3237 ingens
1566 3161 1634 3221 rio-

280 3248 373 3309 lentia
389 3257 420 3308 et
439 3249 593 3326 impulsus,
619 3255 745 3310 naturae
769 3267 865 3309 rerum
885 3248 1063 3309 contrarius.
1101 3248 1283 3327 Respondeo
1306 3247 1483 3326 tripliciter:
1507 3249 1634 3328 primurn

278 3355 333 3416 per
357 3337 544 3408 instantiam,
569 3337 646 3398 idem
671 3339 831 3414 negotium,
858 3338 984 3398 eandem
1008 3356 1131 3398 causam
1153 3356 1220 3397 esse
1244 3338 1433 3415 planetarum
1457 3347 1634 3400 ceterorum.

237 3425 262 3464 ‘⁴
279 3425 396 3486 Deinde
421 3433 653 3486 consentaneum
677 3433 734 3498 est,
760 3445 862 3486 auram
887 3426 1053 3487 aetheriam
1079 3445 1138 3486 una
1155 3444 1220 3486 curn
1245 3425 1343 3487 stellis
1367 3425 1441 3505 rapi,
1468 3447 1523 3488 non
1549 3447 1636 3488 secus

279 3534 315 3575 ac
340 3511 455 3592 antiqui
488 3514 678 3575 erediderunt
708 3512 795 3574 orbes
829 3515 942 3576 solidos
975 3513 1039 3593 rapi
1069 3533 1134 3575 cum
1167 3514 1273 3596 stellis.
1319 3515 1397 3576 Nam
1432 3514 1526 3576 virtus·
1560 3535 1636 3596 quae
1694 3503 1704 3515 ⁸

278 3603 431 3681 planetam
456 3613 558 3664 moret
580 3621 617 3662 ex
642 3611 744 3663 centro
770 3621 922 3681 corporeo,
948 3622 1051 3682 nempe
1077 3623 1114 3664 ex
1138 3621 1261 3681 corporo
1278 3601 1368 3671 Solis,
1394 3612 1426 3664 ut
1444 3603 1528 3665 Mars
1552 3623 1636 3666 ιιιειιε

277 3691 404 3770 probat,
440 3691 467 3752 in
503 3690 677 3753 circularem
709 3691 882 3753 diffunditur
913 3691 1158 3771 amplitudinem:
1197 3700 1431 3753 consentaneum
1456 3703 1505 3754 est
1535 3693 1635 3772 igitur,
1688 3703 1689 3706 ’

278 3799 384 3860 rapere
416 3779 555 3861 quicquid
588 3779 704 3841 invenit
737 3781 848 3841 circum
885 3780 984 3855 circa3
1028 3800 1096 3843 aanr
1135 3786 1167 3842 et
1202 3780 1356 3859 planetam
1393 3782 1474 3860 rapit
1510 3781 1635 3843 ubieun-

278 3889 334 3950 que
362 3869 443 3931 illum
473 3869 587 3930 invenit
621 3870 730 3931 circum
759 3869 848 3931 circa.
903 3869 1019 3943 Tertio,
1050 3881 1130 3945 esto,
1161 3877 1194 3929 ιιι
1223 3868 1359 3947 quiescat
1383 3870 1519 3932 aetheria
1542 3887 1634 3940 aura;

278 3976 387 4037 operae
419 3957 552 4038 pretium
590 3967 638 4019 est
675 3959 871 4038 perpendere,
917 3968 1030 4040 quanta
1067 3960 1107 4021 sit
1149 3959 1248 4020 lutura
1284 3958 1345 4018 ista
1388 3959 1540 4020 violentia.
1601 3957 1633 4020 Si

279 4048 343 4128 qnis
372 4047 400 4108 in
426 4065 521 4127 aquae
545 4047 701 4109 immersus
735 4047 892 4128 cogeretur
925 4048 1078 4109 ambulare
1106 4047 1340 4126 superfundam
1366 4065 1479 4126 aquae,
1514 4045 1632 4106 dubium

278 4136 390 4198 nullum
415 4143 463 4196 est
487 4135 556 4214 quin
581 4135 816 4197 violentissimus
842 4137 882 4198 sit
906 4146 1005 4198 motus
1030 4137 1155 4210 laturus,
1181 4135 1218 4196 ob
1243 4155 1340 4215 aquae
1364 4134 1578 4214 corpulentiam
1603 4143 1633 4194 et

278 4225 458 4287 crassitiem.
506 4225 672 4304 Propterea
694 4225 793 4304 pisces
812 4226 942 4295 iorrnam
966 4225 1046 4286 nacti
1081 4233 1151 4286 sunt
1174 4224 1266 4285 motui
1290 4243 1344 4303 per
1367 4223 1422 4284 hoe
1456 4225 1633 4285 elernenturn

278 4313 512 4374 convenientem.
561 4313 743 4392 Incipientes
772 4335 800 4375 n.
827 4335 845 4375 a
868 4334 1007 4376 macrone
1032 4313 1176 4394 paulatim
1201 4312 1229 4374 in
1261 4313 1380 4392 longum
1404 4319 1537 4372 ventrem
1561 4331 1634 4390 por-

277 4401 421 4478 riguntur,
445 4401 502 4463 hoe
526 4401 677 4480 longiores
700 4412 733 4463 et
756 4403 982 4476 attenuatioree,
1009 4423 1065 4483 quo
1090 4409 1160 4464 sunt
1183 4403 1358 4476 velociores,
1382 4408 1417 4482 ut
1440 4401 1517 4473 lucii,
1542 4419 1634 4479 prae-

278 4489 370 4550 dones
394 4489 615 4568 pisoieuloruru.
664 4491 757 4570 Finge
782 4493 872 4571 igitur
895 4511 949 4571 per
972 4510 1081 4571 aquam
1105 4498 1299 4570 stagnantem
1323 4499 1354 4550 et
1378 4508 1434 4549 non
1459 4497 1634 4569 sequentem

278 4577 330 4636 sed
355 4595 425 4638 vere
449 4583 642 4658 stagnantem
669 4579 695 4640 in
726 4601 784 4640 una
813 4581 888 4640 hora
912 4581 1016 4640 confici
1040 4579 1165 4641 milliare
1191 4578 1416 4646 Germanicum,
1452 4579 1563 4639 nnllurn
1588 4587 1637 4639 est

278 4663 408 4738 dtrbinm,
435 4666 503 4745 quin
528 4667 762 4730 violentissimus
785 4669 832 4730 hie
851 4676 952 4730 motus
974 4669 1015 4728 sit
1037 4669 1171 4730 lutums:
1197 4687 1293 4748 neque
1316 4667 1479 4728 manebunt
1497 4667 1635 4744 integrae-
