3684 5518
762 277 843 343 caput
860 280 906 330 lv.
926 281 951 330 ἲ.
1474 284 1531 350 181

177 457 274 518 ditate
297 454 409 516 medii:
434 453 560 536 denique
583 473 677 536 neque
702 457 852 518 consentit
875 458 906 520 iu
931 466 1009 523 a'dre.
1047 457 1138 520 Ponit
1161 460 1240 520 enim
1264 459 1304 521 ibi
1322 421 1424 543 Tycha
1449 483 1534 532 cras-

181 545 282 608 sitiem
315 543 396 619 aeris
429 543 644 605 horizontalem
671 539 732 606 tte
765 543 924 620 milliaria,
959 548 988 610 iu
1022 547 1180 610 altitudine
1211 543 1353 610 600214
1384 551 1533 612 milliaria.

178 633 259 714 Ergo
282 627 332 714 'lm
361 651 432 710 pars
448 633 484 692 de
500 631 677 695 horizontali
698 635 879 696 refractione
900 635 1058 700 deberetur
1082 635 1234 698 altitudini
1250 633 1301 710 60,
1326 639 1443 700 scilicet
1457 629 1533 720 37„

180 721 346 801 dequibus
380 720 563 782 inclinationi
588 719 648 785 30⁰
671 724 756 802 (quia
785 724 915 784 altitudo
947 725 1065 804 ponitur
1089 721 1163 798 60⁰)
1192 723 1219 784 i‘
1245 714 1419 800 deberetur,
1455 729 1532 807 quod

179 817 273 890 negat
295 809 434 870 Braheus
458 809 532 871 fieri.

265 899 335 960 Non
369 897 550 959 intentatum
575 917 629 958 nec
658 898 713 959 hoc
746 899 866 978 reliqui,
901 907 998 961 utrum
1031 902 1124 962 semel
1156 901 1322 963 constituta
1354 902 1533 964 horizontali

179 986 359 1048 refractione
376 1005 413 1046 ex
429 985 580 1048 densitate
600 985 698 1060 medii,
723 994 842 1048 ceterae
857 986 981 1062 sinubus
1005 989 1217 1051 distantiarum
1232 1011 1250 1050 a
1265 989 1376 1050 vertice
1402 1011 1529 1070 respon·

178 1075 308 1137 derent?
332 1073 394 1135 Sed
418 1093 473 1134 nec
498 1075 630 1136 calculus
645 1074 673 1136 id
690 1075 870 1154 approbavit
893 1093 947 1136 nec
971 1096 1141 1156 saneopus
1165 1067 1233 1139 e'rat
1257 1078 1414 1157 inquirere.
1453 1079 1532 1142 Nam

178 1165 284 1225 eadem
319 1163 415 1224 lomna
447 1171 618 1225 crescerent
650 1163 846 1224 retractiones
879 1165 908 1225 in
939 1166 1075 1227 omuibus
1115 1165 1240 1240 mediis,
1274 1167 1352 1247 quod
1385 1177 1534 1247 repugnat

176 1251 393 1332 experientiae.

266 1338 333 1410 Quo
369 1337 486 1400 nomine
520 1346 642 1400 taxatur
674 1337 726 1398 illa
759 1339 796 1400 ab
827 1337 983 1401 Alhazeno
1015 1348 1046 1402 et
1077 1340 1240 1402 Vitellione
1273 1341 1407 1422 allegata
1440 1363 1532 1405 causa

178 1429 401 1490 retractionum.
453 1428 534 1501 Lux,
567 1427 718 1506 inquiunt,
751 1428 868 1506 quaerit
901 1429 1175 1508 compensationem
1208 1431 1306 1492 damni
1341 1451 1378 1492 ex
1412 1431 1559 1512 obliquo'

179 1518 292 1579 inflictu
317 1515 444 1594 accepti.
492 1514 612 1586 Quanto
637 1516 715 1576 enim
744 1516 903 1577 debilitata
927 1517 983 1578 ruit
1006 1539 1025 1578 a
1048 1517 1195 1579 densioris
1220 1539 1360 1594 occursu,
1386 1527 1471 1582 tanto
1497 1541 1529 1581 se

178 1605 329 1683 recolligit
353 1605 522 1666 accedendo
547 1605 586 1666 ad
609 1605 864 1683 perpendiculum,
889 1613 921 1667 ut
943 1606 1071 1668 rectiore
1097 1606 1158 1668 ictu
1187 1607 1276 1668 leriat
1300 1608 1419 1668 fundum
1443 1610 1532 1670 medii

179 1692 336 1756 densioris.
384 1693 500 1754 lctoum
525 1694 619 1761 enim,
633 1693 695 1771 qui
719 1701 789 1755 sunt
811 1693 899 1767 recti,
926 1693 1107 1756 fortissimos·
1130 1713 1207 1756 esse.
1254 1695 1296 1756 Et
1319 1697 1434 1757 addunt
1457 1697 1530 1758 sub-

179 1781 229 1844 tile
254 1782 355 1844 nescio
380 1781 470 1860 quid:
496 1790 610 1843 motum
634 1781 710 1864 lucis
737 1783 855 1862 oblique
883 1781 1044 1844 incidentis
1073 1779 1208 1861 com'poni
1233 1803 1271 1844 ex
1293 1791 1377 1845 motu
1400 1803 1530 1864 perpen-

179 1870 304 1932 diculari
328 1879 361 1931 et
391 1877 473 1930 motu
501 1870 648 1948 parallelo
672 1870 711 1932 ad
741 1871 824 1932 densi
855 1871 1054 1948 superficiem,
1084 1890 1208 1950 eumque
1234 1880 1348 1933 motum
1376 1873 1420 1934 sic
1448 1892 1531 1934 com-

178 1960 310 2040 positum
333 1977 391 2020 non
416 1958 530 2019 aboleri
555 1959 593 2019 ab
622 1953 749 2020 occursu
779 1958 934 2040 pellucidi'
954 1959 1118 2034 densioris,
1154 1961 1206 2020 sed
1236 1967 1350 2021 tautum
1383 1961 1530 2040 impediri.

179 2050 285 2110 Totum
312 2064 383 2126 ergo
408 2054 530 2120 motum,
557 2055 656 2108 otest
679 2048 871 2127 compositus,
898 2067 964 2109 sese
981 2047 1093 2110 munire
1118 2048 1234 2123 iterum,
1259 2048 1392 2109 residere
1416 2050 1532 2111 scilicet

182 2137 209 2196 iu
226 2145 309 2200 motu
324 2153 378 2214 per
398 2135 523 2196 densam
547 2135 732 2214 superficiem
752 2137 818 2214 jum
834 2137 963 2196 alterato
982 2137 1111 2215 vestigia
1126 2137 1272 2215 pristinae
1296 2137 1529 2216 compositionis,

180 2233 212 2286 ut
235 2245 292 2286 nou
327 2225 417 2303 plane
441 2225 494 2284 fiat
525 2224 779 2302 perpendicularis
807 2242 862 2285 nec
894 2225 984 2303 plane
1016 2224 1188 2303 parallelus.
1234 2225 1404 2286 Deflectere
1433 2233 1533 2286 autem

181 2315 219 2375 ad
242 2311 517 2393 perpendicularem
541 2312 753 2391 potiusquam
778 2313 816 2374 ad
839 2313 1031 2390 parallelum,
1057 2313 1126 2393 quia
1150 2313 1254 2375 fortior
1277 2314 1316 2374 sit
1340 2321 1438 2374 motus
1461 2332 1531 2392 per-

178 2401 338 2482 pendiculi.
387 2401 476 2461 Haud
508 2402 601 2462 multo
634 2400 740 2464 melius
772 2420 834 2463 rem
867 2403 1068 2481 explicarunt,
1103 2421 1190 2482 quam
1220 2401 1392 2463 Macrobius
1426 2401 1475 2464 lib.
1501 2399 1531 2464 7.

180 2489 396 2560 Saturnalium,
421 2489 470 2568 qui
494 2489 714 2576 cunctationem
738 2490 814 2551 uisui
838 2497 931 2550 etex
955 2491 1070 2552 offensa
1097 2509 1248 2552 recursum
1272 2490 1302 2550 iu
1326 2509 1393 2552 sese
1417 2491 1531 2552 tribuit.

180 2579 307 2640 Perinde
332 2577 418 2656 quasi
442 2577 516 2638 lucis
545 2578 661 2656 species
686 2588 784 2640 mente
812 2579 949 2659 praedita
977 2587 1072 2652 esset,
1102 2599 1162 2659 qua
1185 2586 1216 2638 et
1238 2578 1420 2640 densitatem
1443 2579 1533 2640 medii

179 2675 210 2730 et
231 2686 317 2729 suum
342 2666 480 2726 damnum
505 2667 690 2739 aestimaret,
715 2675 746 2728 et
769 2666 888 2746 proprio
917 2667 1065 2728 arbitratu
1088 2685 1146 2728 non
1171 2673 1317 2728 extranea
1339 2667 1379 2742 ri,
1403 2668 1530 2746 agendo,

123 2759 126 2768 '
178 2775 236 2818 uon
259 2754 420 2834 patiendo,
452 2773 519 2816 sese
547 2755 645 2834 ipsam
674 2755 859 2834 infringeret.
906 2755 940 2818 Si
964 2755 1038 2816 haec
1062 2755 1139 2816 ratio
1164 2773 1237 2816 vera
1260 2763 1356 2829 esset,
1386 2755 1531 2817 dimensio
1569 2749 1572 2758 ’

179 2844 392 2906 refractionunr
424 2853 507 2904 esset
539 2843 691 2922 expedita.
748 2843 929 2907 Crescerent
961 2844 1039 2905 enim
1077 2841 1273 2906 retractiones
1306 2862 1370 2904 cum
1408 2842 1530 2905 sinubus

179 2933 390 2994 distantiarum
414 2932 585 3005 avertice,
619 2939 780 3013 propterea
814 2931 890 3015 quod
921 2933 950 2994 in
979 2932 1084 2994 eadem
1112 2933 1304 3011 proportione
1337 2931 1531 2993 debilitantur

179 3021 257 3082 ictus
280 3040 319 3082 ex
342 3019 529 3100 obliquitate.
577 3019 611 3081 Si
635 3040 761 3101 namque
790 3040 933 3102 quaeras,
960 3029 1071 3100 quanto
1100 3021 1208 3083 fortius
1233 3019 1286 3081 Sol
1309 3019 1417 3081 'serras
1442 3020 1531 3081 feriat

179 3111 217 3172 ab
241 3108 401 3171 altitudine
425 3105 485 3172 30⁰
507 3129 595 3190 quam
611 3110 649 3170 ab
674 3109 832 3172 altitudine
851 3107 920 3182 45⁰,
945 3117 1026 3170 recte
1051 3109 1289 3190 respondebitur,
1314 3117 1400 3172 tanto
1424 3109 1530 3170 fortius

179 3207 291 3278 quanto
317 3196 435 3280 lougius
459 3207 506 3258 est
530 3199 610 3260 latus
641 3198 781 3278 quadrati
805 3199 899 3259 latere
929 3199 1097 3276 sexangulis
1141 3199 1221 3259 Nam
1245 3197 1325 3258 circa
1348 3195 1531 3258 horizontem

178 3287 278 3348 subito
315 3287 360 3348 vis
393 3285 457 3348 Soli
486 3288 672 3362 cumulatur;
706 3287 785 3349 circa
812 3288 956 3348 verticem
980 3301 1073 3366 parvo
1100 3287 1252 3359 variatur,
1287 3285 1364 3364 quod
1387 3285 1467 3348 idem
1500 3291 1532 3346 et

178 3375 302 3436 sinubus
326 3374 445 3436 accidit.

266 3464 371 3526 Aliam
395 3463 568 3525 dimetiendi
592 3464 740 3526 rationem
764 3463 902 3537 conduxi,
928 3481 1003 3542 quae
1027 3471 1060 3525 et
1083 3461 1263 3524 densitatem
1287 3462 1375 3524 medii
1400 3469 1431 3523 et
1453 3460 1530 3523 inci-

179 3553 311 3615 dentiam
345 3551 550 3631 conjungeret.
596 3553 677 3614 Nam
709 3551 779 3632 quia
812 3551 939 3614 medium
971 3551 1091 3613 densius
1121 3551 1155 3613 dt
1183 3571 1276 3613 causa
1307 3551 1529 3624 refractionem,

178 3641 297 3702 videtur
320 3659 391 3719 ergo
414 3641 536 3719 perinde
561 3659 627 3702 esse
644 3661 679 3702 ac
694 3641 719 3702 si
744 3641 810 3721 quis
826 3640 889 3718 ejus
908 3640 997 3702 medii
1020 3638 1265 3718 profunditatem,
1290 3640 1319 3701 in
1340 3658 1396 3720 quo
1420 3637 1530 3699 refrin-

179 3726 287 3807 guntur
310 3729 397 3800 radii,
421 3729 566 3791 extendat
589 3729 619 3790 in
644 3738 759 3792 tantam
784 3728 1022 3809 amplitudinem,
1048 3735 1189 3808 quautam
1204 3736 1332 3806 occupat
1355 3724 1529 3788 tantundem

178 3818 323 3879 materiae
350 3817 405 3879 sub
439 3819 535 3879 forma
563 3819 652 3880 medii
685 3817 817 3880 rarioris.
864 3818 947 3878 Tune
976 3817 1052 3878 enim
1085 3815 1160 3877 radii
1189 3817 1219 3877 in
1246 3835 1371 3878 vacuum
1401 3813 1529 3892 spatium

180 3906 317 3968 irretorte
341 3905 469 3982 ingressi
494 3908 532 3968 ad
556 3907 704 3968 visibilem
729 3925 810 3980 rem,
835 3906 892 3968 hac
914 3923 969 3984 per
991 3903 1162 3984 hujusmodi
1190 3903 1434 3977 imaginationem
1457 3919 1529 3982 pro·

181 3995 297 4056 fundius
331 3995 469 4056 demersa
500 3995 529 4056 in
563 3994 822 4076 perpendiculum,
855 3994 914 4074 ipsi
948 4012 1062 4074 quoqne
1096 3993 1191 4054 altero
1225 3993 1268 4054 sui
1302 3991 1438 4064 termino,
1473 4008 1529 4069 quo

180 4084 296 4146 risibile
321 4083 508 4162 contingunt,
531 4084 738 4164 intelliguntur
754 4083 892 4162 demergi
917 4090 948 4143 et
970 4083 1014 4145 sic
1036 4082 1218 4162 prolongari.
1266 4080 1315 4143 Sit
1337 4080 1368 4142 A
1391 4080 1450 4152 lux,
1475 4075 1529 4139 ΒΟ

181 4172 351 4252 superficies
380 4172 468 4233 medii
497 4172 658 4248 densioris,
683 4171 739 4234 DE
763 4172 882 4233 fundus.
928 4171 1124 4233 Desceudant
1152 4169 1264 4249 obliqui
1287 4170 1351 4245 AF,
1377 4166 1447 4240 AG,
1473 4166 1530 4228 AB

181 4269 211 4322 et
232 4261 442 4323 continuentur
465 4259 521 4322 AB
545 4261 574 4322 iu
598 4261 641 4335 D,
666 4260 727 4322 AG
750 4260 781 4322 iu
806 4261 833 4333 1,
857 4259 913 4321 AF
935 4260 965 4320 iu
989 4261 1031 4333 Η,
1063 4276 1202 4340 quorsum
1230 4265 1332 4320 essent
1360 4255 1472 4330 casuri,
1504 4253 1529 4315 si

182 4351 306 4412 medium
331 4359 416 4412 esset
439 4350 594 4411 uniforme.
641 4347 703 4410 Sed
727 4349 796 4428 quia
820 4348 960 4409 densius:
985 4349 1063 4426 finge
1088 4367 1159 4426 ergo
1184 4347 1305 4409 fundum
1325 4345 1381 4406 DE
1405 4341 1529 4422 deprimi

183 4457 318 4520 eousque,
344 4446 378 4500 ut
400 4446 544 4516 quantum
567 4438 710 4499 materiae
736 4438 835 4499 estin
864 4436 1067 4515 profunditate
1092 4433 1145 4498 OE
1169 4435 1224 4497 sub
1248 4436 1345 4496 forma
1372 4430 1529 4502 densioris,

183 4530 365 4591 tantundem*
386 4525 428 4588 sit
457 4525 486 4586 in
519 4527 724 4605 profunditate
749 4524 805 4587 CK
834 4525 889 4586 sub
918 4525 1015 4586 foruna
1047 4524 1180 4585 rarioris.
1227 4524 1304 4584 Toto
1337 4540 1408 4600 ergo
1442 4519 1531 4580 fundo

180 4615 233 4678 DE
255 4619 395 4680 demerso
420 4614 450 4675 in
474 4615 541 4688 LK,
565 4624 677 4694 puncta
700 4615 736 4688 D,
762 4614 787 4686 I,
811 4615 849 4686 H,
874 4612 900 4673 E
925 4612 1109 4674 descendent
1131 4610 1418 4691 perpendiculariter
1440 4608 1469 4669 in
1494 4607 1529 4681 L,

178 4707 218 4779 M,
241 4707 279 4780 N,
305 4707 345 4768 K.
397 4701 550 4764 Connexis
573 4703 664 4783 igitur
687 4703 722 4775 B,
741 4700 780 4775 G,
796 4705 821 4764 F
844 4721 911 4763 cnm
937 4703 969 4774 L,
991 4701 1033 4774 M,
1062 4699 1091 4760 N
1115 4699 1266 4762 secabitur
1289 4699 1345 4762 DE
1370 4697 1478 4762 inudus
1501 4695 1531 4758 iu

174 4797 292 4877 punctis
317 4793 357 4869 0,
383 4791 420 4867 P,
446 4789 485 4863 Q,
509 4791 636 4872 dentque
660 4791 785 4854 refracti
807 4788 903 4863 ΑΒΟ,
928 4787 1026 4862 AGP,
1049 4786 1144 4862 Ano.
