3674 5538
617 1487 669 1590 u.
702 1488 966 1616 liudolpho
998 1488 1062 1588 11.
1399 1624 1402 1631 Ι

135 1669 545 1793 'Rllllhlldlillll
580 1670 922 1792 lMPElillllilll
955 1669 1172 1792 Slllll'llll
1208 1669 1463 1792 AUGUSTO

733 1859 768 1924 P.
794 1861 827 1923 F.
852 1861 886 1923 P.
910 1861 950 1924 P.

329 2033 517 2116 Hungariae,
542 2036 706 2100 Bchemiae
731 2035 782 2100 irc.
808 2035 897 2118 Regi,
922 2036 1085 2100 Archidnci
1109 2037 1254 2101 Austriee
1278 2037 1333 2101 irc.

246 2177 327 2242 Cum
350 2177 428 2240 haee
456 2185 543 2240 aetas
565 2186 685 2254 nostra,
710 2175 849 2242 Caesar
871 2179 1163 2259 Angustissime,
1192 2177 1354 2259 protulerit
1376 2178 1517 2242 emerium

156 2267 240 2331 illum
264 2275 473 2330 astronomum
497 2266 670 2349 Tychcnem
693 2267 809 2344 Brahe,
844 2268 894 2350 qni
923 2267 1169 2349 exquisitissimis
1197 2267 1461 2332 observationibus
1485 2276 1518 2331 et

158 2355 333 2443 subtilitate
357 2354 526 2418 incredibili
550 2374 616 2419 cum
639 2355 707 2435 ipsa
729 2375 828 2419 rerum
851 2363 962 2419 natura
985 2359 1129 2433 certavit,
1155 2357 1325 2440 habeatque
1350 2355 1518 2420 Germania

157 2453 282 2526 praeter
306 2444 432 2523 antiqua
454 2443 508 2506 illa
535 2445 769 2508 mathematicae
793 2445 950 2508 facultatis
974 2446 1099 2522 lumina,
1132 2446 1366 2522 Peurbschium,
1400 2445 1518 2526 Regio-

159 2541 343 2609 montannm,
367 2532 522 2612 Apianum
544 2541 577 2596 et
600 2553 674 2615 quos
699 2535 787 2614 longo
803 2535 905 2598 ordine
929 2552 1088 2598 recensere
1110 2543 1215 2616 potest
1234 2535 1419 2598 Viennensis
1443 2553 1517 2598 aca-

159 2623 276 2696 demia,
300 2640 378 2684 nnnc
401 2622 493 2684 etiam
516 2641 626 2687 novum
650 2624 705 2685 hoc
729 2623 898 2703 exemplum
920 2623 1010 2705 idque
1034 2625 1160 2686 sublime
1184 2630 1216 2685 et
1238 2623 1445 2687 admirandum
1468 2623 1518 2686 di·

160 2711 308 2792 ligentiac
332 2719 364 2773 et
385 2710 599 2791 perfeetionis:
625 2730 751 2792 aequum
776 2731 844 2776 esse
868 2712 1011 2789 arbitror,
1037 2732 1104 2774 cum
1128 2719 1162 2774 ut
1184 2712 1316 2775 universi
1330 2712 1406 2774 artis
1429 2713 1517 2792 hujus

159 2802 352 2880 professores
396 2799 650 2880 praestantissimi
697 2800 822 2862 artificis
866 2800 999 2880 vestigia
1045 2809 1166 2864 strenue
1210 2807 1375 2882 sequantur
1417 2800 1515 2881 adque

161 2890 226 2970 ejus
249 2889 418 2968 exemplum
451 2907 519 2951 sese
544 2897 742 2970 componant,
776 2895 840 2952 tum
871 2891 1001 2952 maxime
1030 2897 1064 2952 ut
1092 2889 1237 2953 Germani
1260 2889 1289 2950 iu
1315 2888 1346 2950 id
1377 2889 1517 2952 laborent

163 2995 218 3058 pro
241 2997 276 3040 se
302 2977 437 3059 quisque,
461 2985 496 3039 nt
518 2977 606 3058 hujus
620 2978 736 3059 gloriae
759 2979 901 3059 palmam,
925 2978 1074 3042 hactenus
1098 2979 1264 3053 obtentam,
1288 2995 1378 3058 porro
1402 2995 1519 3059 qnoque

162 3067 192 3128 in
216 3086 275 3129 sua
297 3075 388 3146 gente
411 3065 573 3128 retineant.
612 3068 813 3130 Inexhaustns
835 3067 914 3130 enim
938 3075 986 3131 est
1004 3075 1131 3132 naturae
1147 3078 1323 3130 arcanorum
1346 3067 1520 3138 thesaurus,
1562 3089 1564 3096 ⁴
1605 3085 1615 3156 '-

163 3154 322 3236 opulentia
345 3154 558 3218 inenarrabilis
564 3173 574 3230 ;
598 3175 653 3218 nec
673 3155 753 3218 alind
775 3164 929 3235 praestat,
954 3157 1003 3236 qui
1022 3175 1129 3220 novum
1146 3156 1257 3236 aliquid
1272 3155 1309 3217 de
1325 3174 1363 3217 ea
1376 3155 1407 3218 in
1422 3155 1520 3218 lucem

162 3243 293 3324 profert,
330 3261 420 3324 quam
443 3243 521 3322 quod
545 3245 625 3307 viam
648 3245 718 3308 aliis
742 3244 840 3325 aperit
863 3245 903 3307 ad
933 3245 1127 3308 succedentia
1149 3244 1396 3326 pervestiganda.
1442 3244 1520 3308 Mihi

163 3333 257 3407 adeo,
282 3331 333 3412 qni
355 3330 464 3412 optiois
488 3333 796 3413 contemplationibus
811 3333 944 3397 nonnihil
968 3334 1112 3414 temporis
1136 3333 1356 3415 impenderam,
1381 3333 1520 3396 occasio-

162 3441 231 3484 nem
256 3419 463 3500 suppeditavit
484 3421 670 3484 astronomia
684 3421 869 3504 Tyehonica,
894 3423 980 3503 cnjus
1004 3442 1053 3486 me
1066 3424 1246 3504 participem
1264 3422 1332 3486 vire
1357 3421 1520 3486 etiamnum

163 3517 288 3573 anctore
313 3509 387 3571 iecit
409 3509 654 3590 splendidissima
677 3511 752 3573 haec
767 3511 944 3591 Majestatis
959 3511 1042 3573 Tuae
1067 3513 1152 3587 aula,
1176 3521 1209 3574 nt
1233 3511 1379 3593 quasdam
1403 3511 1520 3592 optices

163 3597 370 3672 theoremata,
394 3597 496 3678 specie
519 3598 646 3679 exigna,
672 3600 726 3662 sed
749 3619 848 3663 rerum
870 3600 1066 3662 maximarum
1081 3600 1260 3674 seminaria,
1283 3599 1466 3681 percolenda
1489 3607 1522 3661 et

161 3687 296 3767 penitius
319 3685 505 3750 enucleanda
528 3706 693 3751 censerem.
739 3688 898 3769 Indignum
922 3688 1001 3750 enim
1024 3689 1127 3769 optica
1150 3689 1280 3752 seientia
1301 3688 1419 3769 putavi,
1452 3705 1520 3750 oum

164 3775 192 3837 in
217 3775 406 3838 astronomia
428 3793 535 3838 sensus
560 3784 592 3838 et
613 3776 815 3839 iustrumenta
829 3778 1033 3858 requirantur,
1056 3779 1088 3841 in
1104 3778 1204 3860 optice
1219 3775 1403 3857 geometrica
1426 3774 1521 3838 certi-

164 3865 236 3926 tudo
259 3883 321 3928 nou
344 3865 442 3933 desit.
466 3865 601 3945 superari
624 3864 702 3928 hanc
726 3865 766 3928 ab
789 3865 856 3942 illa,
886 3885 981 3946 neque
1006 3866 1314 3930 demonstrationibus
1337 3863 1386 3927 hic
1408 3863 1519 3926 firmari

162 3971 272 4033 posse,
298 3953 377 4034 qnod
400 3952 463 4015 illic
486 3953 564 4016 oculi
588 3953 902 4035 comprehendissent:
933 3955 1088 4034 indignum
1110 3955 1206 4019 multo
1229 3953 1347 4034 magis,
1369 3970 1519 4034 provoca-

163 4049 225 4105 taur
248 4041 288 4104 ab
312 4041 497 4104 astronomis
521 4042 654 4124 opticen,
690 4043 729 4104 ad
753 4060 840 4122 opem
870 4043 927 4105 sibi
953 4042 1122 4119 ferendam,
1156 4061 1216 4104 non
1240 4059 1429 4123 comparere,
1452 4041 1520 4104 cnl-

163 4149 290 4213 parnque
322 4130 489 4212 impeditae
525 4131 704 4194 subtilitatis
740 4131 975 4207 astronomicae,
1009 4131 1093 4213 cnjus
1126 4131 1368 4205 insimularetur,
1402 4149 1421 4190 a
1452 4147 1521 4192 sess

163 4220 277 4284 amoliri
300 4237 362 4284 non
384 4236 487 4298 posse.
532 4220 642 4302 Itaque
665 4237 726 4283 non
749 4221 816 4283 lere
840 4220 932 4283 decus
956 4218 1142 4296 existimavi,
1175 4220 1201 4282 si
1225 4219 1298 4283 mihi
1321 4217 1519 4299 contingeret,

162 4311 271 4384 nodos,
296 4308 348 4392 qui
372 4307 590 4387 objicerentur,
614 4309 694 4372 hona
717 4309 857 4372 methodo
881 4316 914 4372 et
927 4308 1215 4373 demonstrationum
1230 4307 1384 4372 evidentia
1407 4305 1520 4370 dissol-

163 4416 229 4462 rere
265 4407 298 4463 et
331 4395 468 4478 npticam
500 4397 660 4459 scientiam
683 4397 722 4460 ad
746 4417 813 4461 eam
844 4396 1046 4461 subtilitatem
1069 4399 1248 4480 perducere,
1281 4405 1316 4460 nt
1347 4402 1521 4458 astronomo

162 4488 338 4554 satisfacere
363 4485 421 4548 illa
444 4491 559 4564 posset.
606 4484 698 4557 Quod
719 4505 817 4550 meum
839 4486 1026 4562 institutum,
1051 4495 1212 4569 postquam
1237 4483 1522 4565 conjacentes

157 4577 303 4658 probarit,
340 4592 462 4639 summa
485 4593 552 4636 cum
579 4573 729 4638 industria
758 4576 898 4657 persequi
922 4576 1023 4656 coepi,
1058 4575 1255 4656 comportatis
1286 4581 1319 4636 et
1341 4573 1370 4636 in
1394 4573 1521 4636 formam

154 4667 218 4734 libri
240 4663 401 4738 redactis,
427 4681 504 4744 quae
527 4662 577 4724 vel
601 4662 672 4726 olim
694 4665 724 4726 in
740 4664 860 4748 Styria,
883 4664 1116 4728 Prouincialium
1139 4662 1294 4743 stipendia
1315 4681 1446 4737 merens,
1469 4662 1519 4726 in·

151 4775 307 4834 veneram,
334 4752 389 4816 vel
413 4751 545 4814 inventis
570 4760 657 4814 erant
680 4754 807 4836 denique
827 4753 1073 4834 superaddenda,
1098 4751 1229 4814 omnium
1253 4751 1373 4835 quidem
1396 4751 1531 4816 cirron,

146 4849 218 4916 lima
239 4867 281 4914 ea
304 4851 342 4910 et
368 4838 621 4905 laboriosissima.
1479 4863 1487 4882 .
