3652 5532
359 299 424 367 748
829 303 869 354 De
887 303 966 355 Stella
982 299 1056 355 Nora
1074 297 1231 369 Serpmtarii.

356 479 480 542 Addant
501 477 592 563 aliqui
616 485 647 539 et
661 484 796 558 tempus3
819 479 957 542 nimirum
970 481 1040 562 quia
1063 480 1252 561 sexagesimo
1268 481 1316 542 die
1335 490 1407 563 post
1430 489 1571 544 exortum
1596 481 1708 543 stellae

358 567 506 631 Saturnus
527 567 566 629 ad
580 567 697 629 Novam
719 570 812 644 venit,
835 577 903 630 rata
925 570 1016 650 igitur
1037 570 1138 632 futura
1161 569 1221 633 ista
1242 578 1313 650 post
1334 591 1444 634 annum
1467 570 1706 650 sexagesimum.

357 658 399 719 Et
422 658 492 738 quia
513 665 583 718 tune
606 655 660 719 Sol
689 675 804 737 quoque
831 676 977 738 praesens
1000 660 1058 721 fuit
1080 659 1212 722 Satnmo
1236 668 1268 721 et
1289 659 1413 738 Novae,
1440 659 1606 722 ratificatio
1629 661 1707 722 haee

357 745 628 808 multumhabebit
650 746 839 808 solennitatis
863 748 976 828 eritque
1000 749 1178 810 abscondita
1200 749 1238 810 ab
1255 749 1348 812 oculis
1372 749 1455 831 vulgi
1474 749 1707 812 attrectabitur

354 853 408 916 per
430 835 583 896 literatos:
608 853 668 896 non
691 833 722 896 in
745 843 893 899 conventu
916 837 1015 919 aliquo
1036 836 1158 918 publico
1181 845 1213 900 et
1231 837 1320 900 valde
1343 840 1515 920 conspicue,
1538 838 1600 900 uisi
1624 838 1706 900 forte

353 942 525 1006 paucorum,
549 924 603 985 sed
625 942 679 1004 per
701 924 816 987 literas.
1139 989 1145 998 ,

442 1012 648 1094 Quamquam,
672 1013 751 1094 quod
772 1014 851 1076 hano
881 1013 1160 1084 determinationem
1191 1013 1337 1096 temporis
1359 1014 1485 1091 attinet,
1514 1014 1705 1078 excessimus

355 1109 441 1164 extra
462 1101 676 1183 principiorum
704 1109 872 1165 nocherum
898 1103 1018 1164 limites.
1065 1105 1144 1166 Nam
1168 1103 1194 1164 si
1216 1105 1301 1166 locus
1315 1110 1356 1164 et
1376 1112 1503 1184 ,tempus
1536 1103 1648 1166 stellae
1674 1105 1705 1166 in

358 1185 416 1254 18⁰
438 1197 468 1264 ,t
491 1191 528 1253 ob
561 1209 753 1271 congressum
779 1192 867 1254 Jovis
897 1200 929 1254 et
949 1190 1061 1254 Martis
1093 1191 1213 1255 luerunt
1244 1193 1342 1255 electa
1368 1194 1492 1256 aDeo:
1527 1202 1598 1256 tunc
1625 1213 1703 1255 con-

355 1299 478 1360 gressus
507 1280 567 1342 iste
589 1278 713 1343 Saturni
745 1299 811 1344 cum
832 1282 921 1344 Nova
948 1287 1019 1362 post
1052 1281 1132 1343 diem
1164 1281 1383 1363 sexagesimum
1413 1282 1605 1345 necessarius
1633 1283 1704 1357 fuit,

355 1388 414 1431 non
437 1369 592 1451 quaesitus
615 1390 634 1430 a
654 1370 731 1432 Deo.
777 1370 841 1432 Ant
862 1369 953 1449 igitur
972 1372 1057 1434 Deus
1079 1378 1176 1434 totam
1197 1372 1240 1433 rei
1264 1369 1512 1451 significationem
1536 1371 1704 1434 seeundum

353 1458 524 1540 praevisam
547 1458 766 1539 specialitatem
795 1466 927 1522 motuum
958 1459 1133 1522 coelestium
1155 1459 1324 1542 disposuit,
1353 1461 1431 1541 quod
1463 1461 1627 1523 absurdum
1651 1468 1703 1522 est

356 1547 446 1622 (nihil
469 1547 739 1615 enimhominibus
761 1548 855 1610 mittit
876 1556 999 1629 propter
1022 1549 1148 1623 coelum,
1173 1551 1227 1612 sed
1249 1550 1287 1610 ad
1310 1567 1356 1623 ea,
1379 1569 1455 1630 quaa
1477 1550 1627 1612 missurus
1652 1558 1704 1611 est

352 1636 532 1712 hominibus,
563 1635 758 1716 significanda
787 1637 907 1718 ponitur
929 1637 973 1700 uti
993 1637 1103 1712 coelo),
1128 1639 1226 1702 autin
1243 1658 1286 1714 re,
1310 1658 1400 1719 quam
1413 1641 1497 1701 Deus
1516 1657 1571 1719 per
1589 1639 1703 1705 atellae

353 1725 591 1806 conjunctionem
614 1745 680 1787 cum
695 1727 773 1790 Jove
796 1734 828 1787 et
843 1727 943 1788 Marte
967 1727 1156 1806 significavit,
1173 1727 1296 1791 Saturni
1320 1745 1500 1807 congressus
1514 1735 1590 1790 'cum
1609 1728 1703 1790 Noua

350 1815 528 1876 naturaliter
550 1815 662 1895 poterit
684 1814 753 1888 illa,
786 1834 861 1897 quae
886 1816 924 1877 de
948 1836 1027 1878 anno
1055 1815 1242 1896 sexagesimo
1275 1815 1421 1892 diximus,
1455 1817 1550 1898 (quod
1577 1835 1703 1878 rursum

354 1914 402 1966 est
430 1903 708 1980 absurdissimum),
741 1911 872 1966 statuere
904 1905 942 1966 de
964 1925 997 1967 re
1028 1904 1172 1968 divinitus
1207 1905 1376 1968 exhibenda
1412 1914 1533 1988 praeter
1568 1913 1701 1968 namtas

350 1993 486 2056 modum:
518 1999 572 2054 ant
600 1993 670 2075 quia
698 2001 836 2055 neutrum
863 1991 970 2056 horum
999 2013 1118 2069 verum,
1150 1996 1227 2058 hunc
1250 1994 1374 2061 Saturni
1403 2014 1599 2076 congressum
1629 2014 1701 2058 cum

350 2083 439 2152 Nova
460 2100 520 2144 non
534 2081 698 2162 poterimus
716 2083 755 2144 ad
771 2082 959 2162 conjecturas
972 2091 1094 2146 nostras
1117 2084 1291 2146 formandas
1306 2084 1458 2146 adhibere.
1497 2085 1577 2147 Illud
1591 2092 1698 2147 tamen

350 2191 410 2232 uon
433 2169 549 2233 difficile
573 2177 622 2231 est
643 2170 801 2250 colligere:
833 2171 905 2252 qnia
933 2171 1024 2233 stella
1046 2173 1125 2235 ultra
1152 2175 1301 2254 integrum
1331 2192 1440 2236 aunum
1463 2173 1603 2249 duravit,
1632 2193 1700 2235 rem

328 2251 513 2340 'significari
543 2259 630 2320 valde
663 2259 842 2333 diuturnam.
889 2259 1082 2324 Cometarum
1114 2263 1193 2325 enim
1221 2261 1321 2324 nullus
1348 2269 1412 2324 tam
1440 2263 1598 2325 diuturnus
1629 2263 1710 2324 tuit'

352 2347 528 2431 Quanquam
559 2349 635 2411 haec
657 2366 713 2428 ego
742 2349 778 2410 de
809 2349 1029 2412 mutationem
1058 2351 1177 2414 melius
1193 2371 1253 2414 non
1283 2358 1370 2414 tauta
1401 2351 1511 2414 fiducia
1540 2351 1700 2431 praedico,

351 2447 463 2520 quanta
490 2457 562 2500 usus
586 2445 633 2499 est
654 2437 809 2501 Rdslinus.
856 2438 937 2511 Quid
963 2439 990 2500 si
1012 2460 1138 2522 namque
1160 2441 1249 2522 longe
1272 2439 1361 2502 aliter
1391 2441 1622 2521 interpretanda
1648 2449 1701 2501 est

350 2528 405 2590 illa
426 2527 532 2608 religio
556 2524 700 2590 Saturnia
721 2527 771 2589 vel
795 2528 846 2590 ille
868 2529 1017 2608 propheta
1039 2529 1209 2604 Saturnius,
1233 2529 1285 2611 qui
1305 2549 1325 2590 a
1346 2529 1434 2593 Nova
1457 2529 1548 2592 stella
1571 2529 1699 2610 ejusque

350 2635 417 2679 cum
439 2617 570 2681 Saturno
594 2635 741 2679 consensu
764 2616 795 2678 in
817 2616 975 2680 latitudine
1005 2618 1212 2699 significatur?
1248 2620 1360 2681 Horret
1387 2619 1504 2681 animus
1531 2619 1698 2700 explicare,

351 2725 425 2788 quas
456 2705 655 2770 ominationes
683 2705 757 2767 mihi
787 2705 960 2786 suppeditet
988 2727 1133 2788 praesens
1159 2726 1260 2770 rerum
1291 2708 1385 2769 iacies
1414 2714 1446 2768 et
1472 2708 1611 2787 exempla
1642 2726 1700 2787 per

350 2801 452 2858 omnes
483 2795 623 2858 nationes
651 2793 748 2856 obvie.
795 2794 858 2858 Sed
887 2797 1073 2860 commodum
1102 2796 1263 2859 intervenit
1284 2797 1498 2877 Harpocrates.
1544 2796 1698 2858 Nimirum

351 2885 499 2949 Saturnus
522 2885 621 2964 friget,
645 2883 793 2950 Saturnus
816 2891 983 2946 contemtor
1005 2894 1062 2961 est,
1078 2886 1227 2948 Saturnus
1252 2885 1350 2947 omnia
1374 2905 1482 2967 susque
1506 2886 1600 2966 deque
1624 2885 1697 2959 lert,

351 2975 499 3038 Saturnus
521 2993 644 3054 pressus
663 2981 695 3034 et
710 2981 832 3036 coactns
852 2973 951 3035 omnia
967 2973 1089 3037 simulat
1110 2974 1348 3057 dissimulatque,
1373 2975 1471 3037 omnia
1493 2974 1695 3055 pervestigat,

351 3064 450 3126 omnia
473 3070 636 3137 scrutatur,
665 3061 765 3124 omnia
788 3062 972 3143 suspicatur,
1004 3063 1103 3127 omnia
1126 3071 1267 3145 suspecta
1289 3063 1376 3140 iacit,
1408 3064 1540 3126 animum
1562 3063 1695 3136 indurat,

349 3152 546 3234 pertinaciam
575 3150 679 3213 induit.
725 3151 783 3212 Hic
812 3171 888 3214 unus
918 3159 981 3227 est,
1011 3153 1060 3235 qui
1089 3153 1138 3214 vel
1161 3155 1275 3217 ancas
1304 3155 1393 3216 malis
1421 3151 1604 3216 Christianis
1635 3171 1695 3214 uno

351 3242 480 3316 loedere,
498 3241 551 3302 sed
569 3240 683 3303 occulto
700 3247 731 3301 et
745 3240 926 3315 inconfesse,
945 3242 1061 3305 sociare
1076 3243 1196 3322 poterit.
1223 3242 1309 3315 ‘tubi
1325 3242 1442 3304 venerit
1456 3241 1535 3304 filius
1551 3241 1694 3316 hominis,

349 3338 439 3411 putas
462 3329 540 3411 quod
563 3329 651 3390 fidem
673 3327 847 3392 inventurus
871 3331 912 3392 sit
926 3330 956 3392 in
972 3331 1075 3394 Terris
1085 3332 1114 3406 ?)
1137 3334 1201 3396 Nec
1223 3331 1286 3393 ulla
1307 3350 1405 3412 poena
1422 3337 1549 3394 tameat
1570 3349 1693 3410 magna,

351 3439 439 3502 quam
460 3437 520 3481 non
542 3436 746 3480 memerrmus.

830 3561 1210 3656 Epilogus.

436 3705 572 3788 Exposui
592 3721 693 3767 omues
715 3704 829 3779 modos,
853 3704 959 3786 quibus
982 3711 1054 3785 puto
1077 3703 1246 3765 methodica
1270 3703 1372 3786 aliqua
1393 3663 1518 3766 ratione⁴
1534 3704 1573 3766 ad
1593 3701 1694 3786 signi-

351 3797 471 3860 ficatum
493 3795 600 3858 stellae
622 3792 771 3875 perveniri
790 3811 899 3874 posse:
924 3813 998 3876 quos
1021 3811 1094 3872 rogo
1118 3792 1261 3855 lectorem
1283 3794 1391 3856 iterum
1413 3800 1503 3874 atque
1526 3794 1635 3856 iterum
1658 3803 1694 3857 ut

253 3883 255 3890 ’
348 3907 387 3949 ex
410 3887 554 3948 assumtis
580 3883 736 3965 principiis
759 3881 907 3944 aestimet.
953 3881 1081 3961 Negatis
1104 3882 1191 3958 enim,
1216 3901 1292 3963 quae
1315 3899 1430 3964 quoque
1453 3881 1520 3945 loco
1548 3883 1690 3957 assumsi,

347 3983 436 4038 ruent
463 3983 494 4036 et
520 3972 575 4037 illa
602 3992 678 4055 quae
711 3973 907 4052 superstruxi.
952 3971 1032 4034 Illud
1061 3991 1150 4034 unum
1183 3991 1273 4052 supra
1302 3990 1393 4052 saepe
1421 3971 1581 4052 repetitum
1610 3992 1691 4037 nunc

348 4058 463 4147 quoque
485 4063 612 4138 inculco,
637 4060 798 4124 subtilitati
821 4059 1003 4142 disputandi,
1027 4079 1086 4141 qua
1106 4060 1209 4123 multis
1231 4060 1357 4122 videbor
1375 4079 1457 4136 usus,
1481 4059 1634 4123 minimum
1656 4061 1690 4124 in

347 4131 405 4222 hoc
427 4152 547 4234 negotio
569 4151 666 4214 locum
688 4140 830 4231 relinqui,
861 4150 892 4211 in
914 4170 971 4231 quo
995 4149 1181 4229 experientia
1201 4157 1280 4212 teste
1303 4156 1419 4212 tantum
1449 4150 1554 4212 valent
1576 4151 1688 4213 enthu-

284 4311 290 4326 ,
315 4243 471 4317 ,“·εἰαεωί;
496 4261 562 4304 cum
584 4259 633 4302 res
652 4247 718 4302 tota
740 4239 842 4301 divina
858 4238 899 4301 sit
918 4239 1018 4319 reique
1041 4237 1249 4320 interpretatio
1272 4239 1382 4314 divine,
1406 4245 1440 4300 ut
1458 4240 1686 4319 supradictum.

303 4350 306 4356 ·
347 4333 436 4412 Rogo
460 4339 560 4393 autem
581 4329 724 4404 lectores,
748 4347 806 4411 quo
828 4348 876 4389 me
897 4328 1020 4408 propius
1042 4337 1165 4404 norunt,
1189 4336 1223 4390 ut
1244 4327 1316 4390 mihi
1339 4347 1376 4389 ne
1399 4326 1473 4389 vitio
1500 4337 1635 4404 vertant,
1660 4330 1689 4391 si

346 4421 510 4496 breviores,
534 4437 623 4503 quam
638 4418 697 4499 ipsi
710 4418 788 4479 forte
811 4423 1032 4498 exspectarunt,
1057 4416 1209 4479 discursus
1231 4416 1420 4496 theologicos
1438 4423 1471 4478 et
1484 4417 1625 4497 politicos
1650 4419 1689 4480 de

348 4509 560 4574 certaminibus
596 4508 684 4587 hujus
714 4507 858 4588 temporis
888 4519 1045 4586 eorumque
1069 4507 1261 4588 catastrophe
1292 4505 1413 4579 inserui,
1443 4507 1688 4589 perpendantque

348 4600 548 4663 conditionem
572 4616 686 4672 meam,
710 4597 759 4678 qui
781 4617 800 4657 a
823 4593 955 4658 Caesare
984 4595 1147 4657 conductus
1179 4615 1260 4672 sum,
1283 4615 1342 4658 non
1365 4602 1399 4657 ut
1421 4613 1519 4657 essem
1550 4596 1688 4677 publicus

315 4729 318 4734 -
347 4697 450 4766 vates,
481 4690 535 4753 sed
556 4695 591 4751 ut
613 4684 827 4749 astronomiam
856 4684 982 4764 genuino
1006 4703 1059 4745 suo
1090 4686 1235 4766 magistro
1259 4685 1401 4766 Tychone
1434 4683 1608 4747 destitutam
1631 4704 1686 4766 pro

318 4791 322 4799 ’
347 4778 461 4841 viribus
482 4779 654 4861 perficerem
683 4794 775 4858 eoque
797 4773 830 4835 iu
853 4773 947 4835 officio
976 4772 1122 4835 rationem
1151 4775 1291 4836 haberem
1322 4772 1451 4835 omnium
1482 4774 1643 4850 hominum,
1668 4795 1688 4835 a

334 4867 454 4950 ‘quibus
472 4869 602 4949 Magnus
618 4865 735 4932 Caesar
755 4863 832 4926 hanc
855 4861 1055 4940 astronomiae
1079 4863 1216 4927 excultae
1235 4871 1266 4926 ct
1283 4863 1435 4944 perlectae
1457 4863 1685 4942 gratiaminire
