3674 5538
296 271 339 338 96
714 275 813 326 therse
831 273 933 338 Kepleri
952 274 1103 338 allommque
1121 279 1223 324 mutuae

385 453 424 502 Ad
441 450 487 501 has
505 450 661 515 quaestiones
679 447 848 512 Keplerus
866 448 992 511 respondit
1004 451 1029 498 in
1048 449 1123 498 literis
1142 463 1204 514 quas
1223 465 1298 514 supra
1316 451 1419 502 diximus
1433 457 1459 502 et
1477 450 1651 515 posterioribus

296 525 320 574 d.
340 522 364 574 4.
384 524 433 574 Jul.
457 518 523 570 laea
550 521 615 570 datis
633 519 700 568 huno
718 521 743 567 in
761 518 878 568 modum:

385 611 549 672 Maestlino
577 609 645 669 visa
675 606 831 685 eclipsis
860 607 889 668 in
919 607 1098 669 refractione
1129 627 1239 688 magna
1269 609 1297 670 7.
1326 609 1387 671 Jul.
1421 606 1519 686 1590,
1546 619 1650 672 centro

297 703 406 774 (verba
442 699 520 778 ejus)
554 696 634 757 Solis
672 713 762 773 super
798 695 982 756 horizontem
1019 707 1188 776 emergente
1222 699 1274 760 dcc.
1312 707 1395 766 (Haec
1423 708 1549 758 aesernini
1576 708 1652 757 verbe

296 791 412 856 legentur
435 789 461 836 iu
480 785 537 849 0pt.
558 783 619 847 Gap.
639 783 684 840 IV,
704 780 742 838 8.,
768 783 913 833 desumtae
935 783 1126 847 „Disputatione
1151 786 1182 834 de
1207 785 1358 849 Eelipsibus⁸⁴
1387 787 1449 837 Tub.
1470 785 1547 845 1596,
1575 802 1650 852 quam

296 872 400 920 uiximus
418 866 475 916 vol.
495 865 515 922 1.
534 879 558 928 p.
582 859 653 924 188).
689 855 794 915 Hieme
820 864 1026 930 antesinpergn
1044 858 1296 929 Keplerus,occidit
1315 858 1400 918 Luna
1419 859 1545 920 illibate.
1579 859 1651 921 Fuit

299 948 418 1010 sextilis
441 944 566 1006 Saturni
590 952 622 1004 et
643 942 730 1003 Jovis
754 951 786 1004 et
813 942 970 1023 dispositio
1001 945 1155 1024 pluviosa;
1186 955 1256 1010 tunc
1286 966 1390 1025 nempe
1418 947 1572 1026 Tubingae
1596 949 1648 1010 lui.

299 1035 443 1100 Latitudo
468 1033 524 1094 fuit
547 1028 601 1093 24¹
629 1029 890 1110 septentrionalis,
922 1042 953 1093 at
977 1033 1140 1111 parallnxis
1169 1035 1297 1114 projecit
1326 1037 1409 1096 illam
1434 1036 1461 1098 in
1486 1038 1648 1100 meridiem.

387 1119 625 1185 Observationes
649 1139 732 1180 meas
756 1120 911 1199 eclipsium
941 1122 1070 1200 accipies
1094 1122 1123 1183 in
1148 1120 1273 1202 Optices
1298 1123 1511 1186 Astrononriae
1537 1125 1649 1188 libello.

384 1211 483 1273 Multa
506 1208 655 1272 Mercurio
684 1209 812 1270 tribuis:
846 1229 919 1270 sane
949 1220 980 1270 et
1009 1229 1075 1289 ego.
1125 1211 1288 1291 Utrumque
1318 1213 1421 1274 docuit
1452 1214 1648 1292 experientia.

296 1305 340 1364 Tu
364 1301 454 1368 etiam
479 1319 497 1360 a
520 1297 674 1376 theologia
701 1298 780 1375 petis
807 1297 965 1360 rationem.
1012 1297 1076 1359 Pie.
1123 1299 1283 1362 At'nolim
1311 1300 1366 1362 hoc
1399 1301 1521 1364 axioma
1545 1303 1652 1364 leviter

296 1391 479 1472 prostituere
505 1387 534 1448 in
559 1395 683 1459 natura,
715 1386 798 1464 cujus
822 1395 892 1446 sunt
921 1386 1054 1448 rationes
1085 1387 1182 1448 aliae:
1213 1389 1309 1452 solum
1332 1389 1429 1451 Deum
1453 1409 1507 1468 per
1531 1391 1652 1452 minima

297 1480 416 1541 efficere
440 1475 580 1538 maxima.
628 1472 757 1544 Quando
782 1475 914 1535 enimin
940 1477 1133 1538 naturatale
1158 1477 1228 1558 quid
1257 1479 1402 1553 occurrit,
1436 1479 1515 1540 ratio
1548 1479 1652 1541 subest

298 1577 330 1630 et
353 1574 445 1647 captu
468 1583 526 1626 non
551 1562 681 1624 difficilis
705 1563 873 1624 admodum.

386 1656 433 1717 De
457 1651 648 1732 generalibus
673 1652 773 1712 causis
798 1653 997 1713 rrrutationum
1021 1653 1100 1714 aeris
1126 1653 1188 1714 dixi
1212 1654 1332 1733 copiose
1356 1654 1384 1714 in
1408 1655 1482 1715 meis
1501 1654 1648 1714 Thesibus

296 1755 349 1818 (De
368 1751 545 1802 Fundamenta
566 1750 727 1814 Asbologine.
748 1746 1100 1813 v01.1.p.tl'lss.).non
1124 1760 1246 1820 possum
1275 1743 1384 1805 elarius
1409 1762 1463 1804 nec
1492 1742 1648 1823 quicquam

299 1833 417 1914 invenie
441 1831 547 1893 melius
571 1829 622 1891 ubi
646 1830 682 1890 de
707 1829 868 1909 eclipsibus
893 1838 924 1891 et
948 1830 1183 1892 revolutionibus
1207 1833 1388 1893 sententiam
1413 1832 1484 1892 dixi.

387 1922 471 1982 Petis
502 1928 533 1980 et
561 1926 657 1980 artem
686 1937 780 1998 aquae
814 1920 948 1980 ducendi.
997 1917 1147 1986 confirmo
1172 1920 1243 1994 tibi,
1272 1920 1376 2000 Belgis
1407 1921 1467 1981 tuis
1496 1920 1559 1983 fore
1588 1919 1649 1979 nti-

300 2010 448 2073 lissimam
472 2007 681 2069 exhauriendis
705 2007 804 2068 subito
828 2008 965 2070 navibus.
1012 2008 1072 2068 Est
1098 2009 1183 2086 siphe
1208 2010 1370 2087 (Pompen)
1395 2009 1563 2080 circularis,
1593 2027 1649 2069 non

301 2100 349 2180 qni
370 2099 412 2159 sit
431 2117 468 2159 ex
483 2097 598 2157 duobus
618 2095 886 2159 intermittentibus
906 2097 1097 2176 compositus,
1114 2098 1168 2158 sed
1188 2116 1263 2158 unus
1282 2098 1450 2159 continuus.
1489 2099 1521 2158 ln
1542 2097 1651 2158 fodinis

297 2208 354 2248 non
379 2195 451 2264 puto
476 2203 585 2263 magno
609 2184 674 2245 usui
699 2184 838 2246 futuram.
877 2186 1063 2247 Ludificatus
1088 2195 1137 2247 est
1159 2205 1205 2246 me
1231 2186 1350 2262 artifex,
1376 2193 1502 2267 occepta
1526 2184 1652 2265 pecunia

297 2275 338 2337 27
363 2275 451 2336 Thul.
477 2293 530 2334 neo
555 2273 709 2333 lianc-neo
734 2281 830 2335 artem
854 2273 994 2335 reddidit.

385 2380 549 2431 Fabricius
576 2375 630 2439 (ta.
651 2378 712 2428 Dec.
734 2374 830 2439 1602);
856 2379 969 2430 Intellexi
989 2395 1019 2429 ex
1042 2380 1118 2429 literis
1137 2379 1260 2442 Tychonls
1278 2380 1301 2428 b.
1322 2396 1353 2429 m.
1374 2385 1400 2428 et
1424 2381 1472 2428 tuis
1496 2393 1606 2444 quoque,
1625 2380 1650 2427 in

297 2454 381 2516 eclipsi
407 2446 487 2501 Solari
511 2463 597 2512 corpus
623 2449 710 2498 Lunae
737 2446 795 2511 (etsi
820 2450 941 2500 diameter
964 2451 1029 2500 illius
1053 2459 1114 2499 tunc
1132 2455 1211 2514 maior
1230 2465 1284 2500 esse
1311 2451 1410 2500 deberet
1429 2450 1549 2499 diametro
1574 2447 1649 2510 Solis)

297 2524 389 2575 includi
408 2523 445 2572 vel
465 2520 639 2586 comprehendi
659 2534 674 2568 a
693 2518 772 2569 Solari
791 2533 899 2584 corpore.
938 2521 964 2571 Si
982 2522 1029 2571 hoc
1047 2536 1131 2571 verum
1151 2530 1201 2580 est,
1222 2530 1307 2584 aperte
1325 2523 1390 2571 laisa
1408 2527 1479 2570 erunt
1496 2527 1534 2569 tot
1551 2520 1648 2569 histori-

297 2611 379 2646 comm
399 2593 545 2643 testimonla
564 2591 595 2640 de
614 2591 697 2640 multis
716 2592 861 2654 eclipsibus,
885 2594 1028 2656 praesertim
1048 2607 1114 2642 anuo
1135 2591 1202 2641 illd
1227 2601 1336 2656 tempore
1354 2593 1420 2642 Huss
1443 2592 1560 2648 cremati,
1585 2591 1649 2655 quod

297 2675 349 2716 tam
370 2671 440 2714 atrae
459 2664 551 2713 luerint
570 2661 701 2725 aliquando
721 2663 824 2726 eclipses
844 2661 915 2720 Solis,
934 2670 963 2712 ut
981 2677 1038 2713 ares
1059 2679 1087 2713 ex
1106 2669 1163 2714 aere
1183 2664 1335 2722 deciderintr
1355 2671 1399 2714 aut
1415 2665 1491 2728 igitur
1509 2662 1574 2712 falsa
1591 2675 1649 2711 nar·

298 2743 355 2787 tant
373 2736 482 2786 historici
501 2734 540 2784 rel
558 2733 623 2784 tarsa
641 2735 688 2782 erit
706 2734 851 2799 imaginatio
870 2734 933 2785 haec
951 2742 1041 2784 restra.

386 2825 814 2904 Keplerusll.Jul.160³):
844 2819 985 2902 Eclipses
1018 2821 1098 2884 Solis
1136 2823 1266 2896 totales‚
1294 2823 1447 2885 'interdum
1479 2841 1550 2884 vero
1582 2821 1650 2883 dia-

297 2923 425 2976 metrum
448 2915 553 2974 Lunae
586 2911 789 2984 includentes,
818 2911 889 2972 mihi
914 2919 985 2972 sunt
1013 2931 1106 2972 cansa
1135 2911 1311 2973 scribendae
1336 2909 1470 2991 Optices.
1520 2909 1651 2974 Causam

299 3022 410 3084 quaero
433 3002 463 3064 in
494 3000 681 3081 penitissime
711 3001 793 3074 risu,
826 3000 1003 3061 formatione
1031 3001 1108 3062 radii
1136 3009 1168 3061 et
1196 3001 1435 3063 retractionibus.
1481 3000 1581 3079 Leges
1605 3019 1650 3071 ea.

298 3095 324 3153 si
339 3093 452 3165 vixero,
477 3089 560 3151 brevi
585 3089 711 3167 publice.
750 3089 797 3148 Ex
812 3089 886 3149 meis
909 3107 979 3150 vero
1003 3088 1099 3151 literis
1118 3108 1177 3150 non
1202 3089 1346 3169 accepisti
1371 3089 1514 3150 minorem
1535 3089 1650 3150 Lunam

298 3179 370 3242 Sole
394 3179 556 3240 novilunio.
603 3177 716 3238 Tecum
748 3177 826 3238 enim
859 3178 955 3237 sentio
990 3184 1096 3239 contra
1123 3178 1302 3258 Tyohonem.
1349 3179 1433 3257 Lege
1457 3177 1652 3256 appendicem

298 3269 336 3329 ad
360 3269 632 3346 progymnasmata
661 3272 689 3335 (a
715 3273 824 3338 Keplero
853 3275 1023 3338 conscriptam.
1062 3274 1147 3338 comp.
1179 3275 1199 3331 Ι,
1226 3271 1274 3322 191
1304 3281 1330 3325 et
1357 3275 1442 3324 literas
1468 3273 1591 3336 Tychenis
1619 3273 1652 3323 ad

297 3356 458 3406 Maestlinum
476 3354 549 3403 datas
567 3353 587 3413 Ι,
608 3349 662 3413 tt).

387 3441 554 3491 Fabricius
579 3438 633 3502 (30.
653 3441 711 3492 lan.
732 3457 753 3490 v.
774 3449 804 3490 st.
826 3439 921 3502 ltoa):
950 3442 999 3492 Cur
1021 3443 1046 3492 in
1069 3449 1138 3492 metu
1161 3443 1248 3493 Lunae
1274 3443 1416 3507 inquirendo
1442 3443 1532 3506 duplici
1559 3438 1651 3507 aedua·

297 3515 363 3564 tione
386 3513 502 3576 temporis
526 3526 585 3576 opus
604 3513 648 3572 ait,
675 3526 725 3562 non
749 3513 824 3577 plene
851 3528 929 3578 nuper
951 3515 1075 3577 aperuisti.
1115 3513 1214 3575 Quaeso
1234 3529 1317 3564 reram
1335 3528 1439 3564 causam
1464 3514 1569 3563 dilucide
1593 3513 1653 3562 milri

299 3599 403 3650 tpOl'lBS.

386 3673 592 3754 Keplerus:
616 3672 728 3734 Nescio
753 3673 823 3753 quid
846 3671 931 3734 velis.
969 3673 1055 3734 Duae
1079 3684 1149 3735 sunt
1169 3693 1278 3736 causae
1300 3675 1338 3736 ob
1362 3693 1437 3754 quas
1461 3682 1579 3754 tempus
1604 3684 1653 3735 est

300 3763 508 3845 aequandum:
533 3762 631 3822 altera
653 3760 820 3840 inaequalis
846 3763 984 3822 ascensio
1012 3771 1098 3823 recta
1128 3762 1398 3824 additameniorum
1423 3760 1520 3836 Solis,
1555 3763 1653 3823 altera

298 3851 471 3932 inaequalia
491 3849 571 3912 Solis
596 3850 812 3910 additamenta.
857 3849 926 3910 Jam
956 3850 1057 3931 Tycho
1080 3851 1110 3911 in
1134 3851 1222 3911 Luna
1245 3857 1370 3930 usurpat
1393 3851 1501 3912 saltem
1524 3850 1652 3930 priorem

298 3950 437 4014 causum,
471 3939 668 4018 posteriorem
702 3936 842 4017 negligit,
876 3937 978 4018 itaque
1010 3939 1099 4016 plane
1133 3939 1314 4000 contrarium
1346 3940 1380 4000 lit
1412 3938 1594 4018 ejus'cujus
1618 3945 1650 3998 tu

299 4031 417 4110 quaeris
433 4047 563 4090 causam.
589 4028 647 4088 Pro
663 4045 693 4087 re
709 4027 792 4087 cavit
806 4027 908 4107 Tycho
924 4046 977 4086 seu
999 4027 1060 4105 ejus
1081 4034 1201 4088 curator
1220 4028 1351 4089 motibus
1366 4027 1535 4088 Lunaribue
1550 4026 1649 4098 datus,

300 4117 355 4181 Ob.
381 4119 658 4196 Longomontanus‚
683 4127 774 4176 rrooat
796 4115 917 4194 inquam
941 4115 978 4174 ad
1008 4115 1233 4196 experientiam.
1281 4115 1330 4177 An
1355 4123 1387 4177 tu
1416 4115 1490 4176 haec
1519 4115 1649 4182 fortasse

232 4225 235 4232 ’
299 4205 438 4284 quaeris,
467 4223 519 4266 cur
546 4204 575 4264 in
607 4210 688 4263 motu
717 4203 797 4264 Solis
830 4203 1005 4282 inquirendo
1037 4211 1154 4282 tempus
1187 4211 1309 4284 propter
1341 4211 1495 4283 utramque
1527 4219 1650 4264 causam

299 4301 452 4374 aequetur,
478 4293 507 4352 in
532 4300 614 4353 motu
637 4292 741 4351 Lunae
766 4299 884 4369 tempus
907 4299 1030 4371 prepter
1053 4310 1176 4354 eausam
1199 4293 1349 4354 alteram?
1383 4291 1416 4354 Si
1441 4293 1496 4353 hoc
1519 4290 1648 4370 quaeris,

258 4415 259 4420 κ
296 4381 360 4461 jam
383 4381 445 4442 dixi
470 4379 684 4460 experientiam
709 4400 728 4439 a
750 4379 890 4460 rychone
916 4379 1090 4459 allegatam.

387 4486 550 4536 Fabricius
570 4482 624 4546 (20.
644 4485 744 4534 Febr.
765 4480 824 4544 etl:
847 4482 992 4534 observatio
1010 4485 1026 4545 15
1048 4483 1088 4533 ll.
1108 4482 1150 4534 21.
1169 4485 1229 4535 Feb.
1254 4479 1303 4545 5¹),
1325 4495 1415 4533 mane:
1438 4483 1499 4548 pet
1521 4484 1581 4533 lanx
1599 4484 1651 4532 bor.

299 4551 413 4613 20019‘,
432 4557 506 4606 stella
523 4557 548 4605 in
567 4569 632 4620 genu
645 4555 766 4618 Ophiuchi
786 4550 816 4602 9⁰
829 4552 880 4611 2⁴¹.
900 4569 942 4604 cer
955 4553 990 4620 lli
1004 4551 1033 4622 ⁰⁰.
1046 4551 1133 4618 34¹l‚¹‚
1153 4555 1262 4619 superior
1279 4555 1353 4604 trium
1368 4556 1394 4604 in
1413 4555 1493 4604 honte
1509 4553 1541 4619 lli
1555 4550 1587 4604 5⁰
1599 4550 1650 4602 δῖ’.
1719 4547 1725 4556 “

387 4644 588 4721 Keplerus:
616 4645 672 4704 l'ro
697 4642 906 4704 observatione
933 4642 984 4704 ll.
1008 4642 1081 4706 Feb.
1106 4643 1222 4722 gratias
1246 4661 1314 4720 ago.

388 4730 558 4780 Fabricius
583 4727 638 4791 (24.
658 4731 714 4781 lun.
742 4746 763 4778 r.
785 4736 816 4778 st.
839 4726 936 4791 1603);
964 4729 1047 4779 Posito
1075 4732 1137 4779 vitro
1163 4727 1267 4792 (Rbmer
1284 4731 1329 4779 mit
1347 4729 1396 4780 den
1413 4727 1537 4788 Knoffeu)
1565 4741 1652 4794 parum

203 4861 205 4864 Ι
301 4799 360 4848 riue
373 4798 466 4862 repleto
485 4799 511 4847 ln
537 4812 625 4850 mensa
643 4800 676 4852 ad
693 4801 791 4855 lumen,
819 4805 923 4864 apparet
940 4792 1004 4850 tuno'
1019 4801 1044 4850 in
1068 4813 1156 4852 meurs
1182 4801 1262 4862 major
1288 4799 1402 4866 splendor
1420 4799 1585 4852 stubereulls
1605 4797 1652 4848 illis
