3674 5538
321 257 384 328 106
747 265 846 322 literae
864 269 966 333 Kepleri
984 267 1134 334 dierumque
1151 273 1253 320 mutuat

408 445 480 496 Anno
499 443 542 494 88.
563 443 604 496 ⁶29.
624 444 687 495 Ner.
707 446 740 496 ad
757 443 783 494 θ’
801 447 827 494 in
847 447 1025 510 consequentia
1042 446 1087 496 illa
1104 448 1185 510 magis
1201 453 1364 510 promovetur.
1384 441 1467 508 (ibid.)

408 517 549 578 Quaeritur.
569 531 613 566 cur
631 517 657 565 iu
676 517 718 568 alt.
741 513 773 577 Θ
795 513 825 564 3⁰
842 517 922 566 minor
940 517 1081 566 differentia
1096 518 1194 568 ratione
1213 519 1366 568 retractionis
1384 533 1411 566 se
1429 519 1536 582 ingerat,
1556 531 1630 581 quam
1649 518 1674 565 in

319 587 362 638 alt
383 584 473 648 W?
493 587 542 637 Cur
560 587 643 650 Tycha
662 589 769 638 medium
789 587 943 638 differentiae
962 603 1014 638 aec.
1034 595 1117 638 rectae
1135 589 1234 640 lucidae
1252 604 1294 654 pro
1310 588 1440 638 limitanda
1458 590 1488 637 A.
1510 587 1540 637 R.
1560 587 1675 651 accipit?

364 671 365 676 ’
408 659 443 710 Ut
461 659 539 710 lector
556 659 682 709 uodonem
701 658 795 725 fingere
814 660 896 709 auimo
921 660 998 722 possit
1022 660 1191 710 immodestiae
1209 662 1236 710 iu
1254 661 1395 725 quaerendo
1414 659 1534 716 Fabricii,
1559 665 1674 710 notamus

319 732 399 780 inesse
418 730 456 779 his
476 728 491 778 2
509 729 715 793 praecedentibus
743 730 818 780 literis
846 733 1003 794 quaestiones
1022 745 1071 780 non
1090 733 1170 780 minus
1189 727 1232 788 5³.
1252 746 1282 781 ex
1298 738 1368 795 parte
1386 731 1538 787 levissimas,
1557 746 1578 778 r.
1599 745 1621 779 c.
1641 745 1674 778 an

320 801 405 850 Venus
424 801 522 850 Lunam
546 800 685 850 illuminare
702 799 797 865 possiti
826 799 921 851 Causas
939 801 1061 851 mitissimi
1083 802 1156 864 hujus
1173 801 1260 852 hiemis
1279 804 1341 852 scire
1359 802 1439 852 velim.
1476 803 1516 850 An
1532 799 1673 850 Macrobius

318 873 365 921 luit
382 869 587 921 ethnicusi'Cur
599 871 623 918 in
637 873 700 921 mari
717 873 866 938 navigantes
884 871 1029 922 nauseanti
1049 871 1098 922 Gur
1119 872 1292 924 Mathematici
1310 873 1335 922 in
1355 873 1440 922 codice
1457 871 1575 925 numer
1594 871 1672 920 aduu-

317 940 464 1064 rgrffrautnr?
487 938 533 992 dte.
557 939 602 992 dte.
641 939 738 993 Similes
766 943 882 993 exhibent
908 945 995 994 literae
1026 957 1093 1008 quae
1123 943 1169 996 bas
1201 945 1367 1010 sequebantur
1395 941 1430 1004 (d.
1458 940 1481 993 l.
1500 939 1569 1004 (ll.)
1597 939 1670 1002 Jun.)

371 1013 539 1076 quaestiones.

409 1083 448 1132 Ad
468 1096 529 1146 quas
548 1083 708 1148 quaestiones
727 1099 811 1136 omnes
829 1084 953 1148 Keplerus
972 1101 1022 1135 non
1040 1086 1172 1150 respondit,
1193 1086 1267 1150 plane
1285 1091 1337 1136 tum
1363 1083 1584 1149 temporiquartis
1602 1083 1672 1134 theo·

317 1153 370 1203 riae
388 1154 510 1213 intentus,
528 1154 577 1204 hac
595 1155 648 1204 sola
666 1161 788 1220 excepta:
808 1155 949 1216 Quaeritur,
970 1171 1003 1206 un
1015 1171 1071 1220 spes
1091 1156 1174 1222 aliqua
1186 1158 1231 1206 tibi
1243 1157 1283 1215 sit,
1303 1157 1497 1207 Mercurium
1516 1153 1673 1211 emendandi,

319 1237 375 1274 curn
394 1225 517 1274 samsima
530 1225 652 1284 rideatur,
672 1232 698 1276 et
710 1227 735 1276 id
748 1226 837 1277 saltem
853 1229 926 1290 iuxta
941 1228 1112 1294 elongationes
1130 1222 1271 1278 maximas?
1291 1227 1432 1286 Quaerere
1451 1228 1559 1278 sanctu
1577 1225 1675 1274 interim

317 1309 345 1344 se
363 1296 463 1360 ingerat
481 1297 512 1346 ab
531 1297 690 1361 elongatione
709 1297 741 1348 ad
762 1291 792 1364 d
812 1313 868 1348 curn
888 1295 931 1359 Θ,
950 1300 1007 1348 sciri
1024 1299 1117 1362 nequit.
1155 1297 1286 1348 Concludit
1303 1299 1330 1346 F.
1348 1298 1386 1347 bis
1403 1299 1500 1348 verbis:
1519 1297 1571 1346 Fac
1589 1302 1618 1346 ut
1636 1310 1675 1345 me

319 1366 420 1416 ulterius
438 1380 489 1415 uon
507 1367 634 1426 detineas,
661 1375 687 1418 et
708 1370 743 1418 sic
761 1370 835 1418 nimio
854 1369 974 1419 desiderio
992 1376 1091 1420 tuarum
1108 1369 1234 1419 literarum
1257 1370 1388 1433 fatigatum
1407 1377 1433 1418 et
1450 1369 1556 1420 inactum
1574 1368 1675 1417 tandem

318 1436 392 1500 plane
412 1450 511 1488 eneces.
549 1438 576 1488 Si
594 1451 659 1503 quae
677 1439 728 1490 alia
745 1440 822 1491 habes
847 1440 1009 1506 ethologiae,
1036 1441 1231 1498 communicato,
1261 1441 1281 1490 si
1304 1454 1367 1504 quae
1392 1440 1533 1490 accidentia
1550 1439 1576 1488 in
1595 1446 1620 1488 te
1639 1438 1677 1488 rel

209 1509 211 1512 ’
319 1507 373 1558 aliis
392 1509 558 1560 obseruareris
576 1509 642 1559 intra
660 1525 761 1562 annum.
799 1511 872 1560 Vale.

372 1589 376 1598 '
408 1586 528 1640 Adhuc
547 1589 725 1653 Keplerusr
749 1582 796 1644 De
830 1581 952 1663 reliquis
981 1583 1206 1661 quaestionibus
1231 1582 1319 1644 alias.
1365 1581 1464 1644 Unum
1487 1589 1589 1643 tamen
1614 1599 1672 1643 non

318 1686 443 1748 possum
466 1689 524 1731 non
548 1670 670 1743 addere,
695 1671 731 1732 de
751 1689 808 1750 quo
824 1671 955 1750 quaeris
992 1669 1050 1730 Die
1074 1666 1126 1734 28.
1144 1669 1218 1750 Maji
1239 1671 1266 1733 h.
1287 1668 1316 1734 2.
1340 1677 1411 1732 ante
1435 1689 1575 1737 occasum
1590 1667 1672 1731 Solis

318 1757 487 1820 Mercurius
511 1759 597 1820 uobis
621 1759 668 1821 hic
692 1760 811 1839 Pragae
836 1759 918 1830 visus
942 1766 990 1820 est
1013 1759 1042 1820 in
1067 1759 1150 1821 disco
1173 1757 1254 1821 Solis
1277 1761 1374 1822 instar
1397 1759 1531 1822 maculae
1556 1759 1671 1838 nigrae,

317 1846 502 1909 intuentibus
526 1847 642 1910 radium
667 1849 745 1910 iutro
770 1857 933 1928 receptum.
981 1847 1101 1909 Etenim
1124 1848 1154 1908 in
1177 1847 1277 1924 radio,
1308 1848 1357 1929 qui
1385 1847 1491 1910 habuit
1519 1847 1674 1926 magnitu-

317 1933 416 1996 dinem
440 1935 549 2002 tbaleri
574 1935 700 2010 dimidii,
724 1937 805 1999 visus
830 1945 878 1998 est
901 1937 999 1998 instar
1020 1937 1137 2018 pulicis,
1162 1937 1191 1998 in
1215 1935 1299 1999 radio
1323 1956 1404 2012 vero,
1429 1937 1478 2016 qui
1501 1932 1523 1998 4
1547 1935 1674 2015 pollices

319 2023 426 2085 babuit
445 2025 475 2086 iu
496 2025 654 2099 diametro,
678 2026 760 2088 visus
780 2034 829 2088 est
851 2025 1020 2108 quantitate
1040 2025 1154 2100 culicis,
1178 2025 1275 2088 instar
1294 2045 1381 2088 rarae
1401 2045 1455 2086 nec
1475 2024 1552 2088 satis
1571 2024 1675 2104 nigrae

316 2112 494 2183 nubeculae,
519 2113 597 2176 iorte
622 2116 692 2196 quia
714 2115 817 2178 radius
839 2133 893 2194 per
916 2115 1022 2178 rimam
1046 2134 1105 2176 uon
1129 2121 1179 2178 sat
1206 2134 1331 2194 parvam
1355 2123 1404 2176 est
1430 2114 1594 2193 ingressus.
1641 2113 1674 2174 In
1769 2141 1772 2144 ·

315 2200 382 2278 ipse
407 2199 479 2263 Sole
503 2221 590 2263 nemo
615 2203 776 2285 quidquam
799 2203 877 2265 vidit
897 2202 934 2265 ob
959 2204 1149 2283 splendorem
1173 2205 1272 2277 airis3
1297 2223 1366 2264 nam
1391 2203 1556 2282 interpluit.
1589 2203 1673 2264 Haec

316 2287 368 2350 te.
394 2289 482 2370 Maji,
506 2309 564 2353 non
588 2287 642 2366 29,
669 2310 726 2373 quo
751 2292 797 2353 die
822 2283 991 2371 conjunctlo
1016 2293 1044 2354 in
1071 2292 1267 2371 Epiremerida
1291 2292 1421 2370 ponitur.
1469 2290 1673 2370 Respondebo

316 2377 353 2438 ad
378 2378 494 2458 reliqua
518 2381 697 2450 successive.
723 2381 759 2442 dc
783 2380 884 2443 Marte
908 2397 980 2442 veru
1004 2382 1054 2440 vix
1079 2381 1239 2462 quidquam
1263 2380 1407 2460 amplius,
1433 2400 1501 2441 narn
1525 2380 1555 2441 iu
1581 2377 1673 2441 Gom-

315 2466 472 2529 mentariis
488 2469 675 2548 expoliendis
691 2469 824 2532 laborem
839 2469 1040 2549 respondendi
1061 2469 1239 2550 impendam.
1282 2470 1369 2545 Vale,
1393 2477 1424 2530 et
1445 2467 1674 2532 observationes

315 2549 345 2632 ij,
370 2553 409 2630 ll,
434 2555 456 2634 i}
479 2557 575 2619 mitte.
620 2557 687 2637 Ego
711 2558 864 2620 remissior
886 2559 950 2620 fieri
973 2557 1094 2635 incipio.
1142 2556 1204 2621 Cur
1227 2557 1303 2620 enirn
1332 2557 1528 2620 morientibus
1559 2558 1673 2620 instru-

318 2643 429 2706 mentis
453 2645 631 2726 supervivat
653 2666 721 2710 mea
744 2647 924 2710 observandi
949 2645 1131 2727 diligentia?
1158 2645 1185 2710 i.
1202 2648 1291 2726 Aug„
1317 2667 1383 2707 curn
1404 2647 1516 2707 Martio
1540 2645 1674 2724 incepis-

316 2751 387 2807 sem,
405 2733 579 2815 intereaque
594 2736 804 2814 peregrinatus
824 2754 921 2797 essem
938 2735 965 2796 in
978 2736 1116 2808 Lusatia,
1134 2757 1159 2796 a.
1176 2732 1269 2798 1607.
1287 2735 1324 2796 H.
1337 2735 1371 2794 Τ.
1389 2735 1501 2796 amicus
1511 2734 1671 2796 Uranicus.

407 2822 609 2874 Observaticuem
628 2823 696 2874 illam
717 2825 848 2883 „Mercurii
861 2825 885 2874 ln
900 2823 973 2874 Sole“
993 2824 1092 2874 biennio
1110 2830 1166 2886 post
1179 2819 1271 2885 (1609)
1290 2823 1380 2886 publici
1396 2825 1458 2886 juris
1477 2823 1537 2872 iecit
1551 2821 1674 2884 Keplerus

316 2893 343 2942 ln
360 2891 442 2944 libello
461 2895 589 2960 peculiari,
608 2897 742 2960 inscripto:
760 2895 1012 2946 Phaenomenou
1031 2895 1201 2960 singulare
1220 2909 1263 2945 seu
1282 2895 1419 2944 Mercurius
1437 2897 1463 2944 in
1482 2893 1547 2944 Sole.
1581 2891 1672 2942 Postea

316 2978 373 3014 raro
392 2964 482 3015 salsam
511 2979 678 3032 cognoscens.
707 2967 804 3030 publice
829 2971 951 3017 retractat
978 2965 1044 3015 hanc
1073 2966 1211 3029 opinionem
1228 2968 1254 3014 in
1273 2967 1427 3029 praelatione
1446 2965 1478 3016 ad
1497 2963 1672 3028 premarides

317 3037 376 3085 anni
397 3032 474 3096 1617,
495 3042 521 3086 et
536 3040 624 3099 jocans
643 3039 792 3100 septimum
812 3038 964 3088 macularum
984 3036 1106 3086 Solarium
1125 3037 1306 3087 observatorem
1324 3036 1450 3101 glorietur.
1654 3097 1657 3104 ⁴

333 3107 334 3114 ’
406 3107 579 3157 Fabricius
597 3109 723 3172 respoudit
741 3107 777 3170 (d.
797 3104 839 3156 27.
859 3107 918 3157 Feb.
938 3124 960 3154 r.
980 3113 1011 3156 st.
1035 3103 1130 3168 1808):
1157 3107 1191 3157 Ut
1209 3123 1255 3173 ego
1274 3107 1304 3156 de
1327 3114 1385 3167 tuo,
1409 3109 1446 3156 ita
1465 3113 1493 3155 tu
1515 3105 1674 3155 hauddubie

315 3179 346 3228 de
365 3193 420 3228 meo
434 3173 542 3228 'silentio
570 3178 685 3229 diuturno
712 3179 852 3237 miraberis.
880 3180 1092 3242 praestantissime
1111 3179 1159 3235 vir,
1188 3181 1267 3228 amice
1295 3177 1405 3229 colende.
1444 3178 1513 3239 Quas
1532 3184 1560 3226 tu
1583 3175 1675 3226 silentii

315 3263 406 3299 causus
424 3249 534 3306 habeas,
565 3249 646 3300 dicem
664 3267 715 3301 uon
733 3263 845 3314 possum,
872 3248 931 3299 mibi
950 3250 1038 3299 saltem
1057 3265 1106 3300 non
1137 3251 1245 3304 animus.
1273 3251 1317 3300 scd
1335 3248 1419 3299 literae
1439 3248 1471 3298 ad
1489 3263 1531 3296 ros
1560 3247 1674 3298 mittendi

315 3321 413 3370 occasio
434 3321 534 3382 omuino
554 3321 639 3370 deluit.
678 3321 820 3371 Testabitur
837 3322 884 3371 hoc
902 3322 1068 3384 praesentium
1087 3321 1165 3377 lutor,
1185 3321 1374 3370 Lichtcnsteiuii
1396 3319 1555 3373 tabellarius,
1574 3319 1616 3383 qul
1633 3317 1675 3367 hic

314 3405 358 3455 per
377 3398 496 3442 semestre
514 3392 540 3440 in
559 3392 617 3442 aula
635 3393 732 3451 nasetur
753 3393 869 3443 dederam
887 3392 922 3441 illl
940 3394 966 3442 in
985 3391 1085 3442 Octobri
1103 3391 1199 3449 literas.
1219 3391 1263 3440 sed
1282 3407 1337 3442 cum
1356 3397 1454 3456 praeter
1472 3391 1670 3452 expectationem

243 3461 253 3484 l
313 3461 355 3512 hic
373 3463 570 3526 permanendum
587 3463 621 3512 illi
641 3471 714 3523 esset,
733 3463 818 3514 literas
835 3470 893 3527 post
913 3461 953 3512 15.
973 3462 1042 3526 Sept.
1061 3463 1157 3526 repetii.
1188 3461 1262 3511 Nunc
1280 3464 1306 3511 iu
1325 3469 1417 3526 puncto
1435 3461 1539 3511 nunciat
1556 3459 1624 3516 mihi.
1644 3475 1672 3510 ee

314 3545 371 3584 cras
390 3548 485 3584 summo
498 3535 642 3585 manchino
662 3537 794 3592 abiturum.
814 3549 888 3600 cogor
905 3535 990 3598 itaque
1009 3535 1098 3584 cursim
1120 3538 1146 3584 et
1164 3535 1267 3597 carptim
1286 3535 1399 3583 scribere.
1427 3531 1507 3591 Scias,
1526 3546 1568 3580 rus
1584 3532 1671 3582 literas

314 3609 370 3654 tuas
389 3605 416 3654 lu¹
434 3607 546 3670 Augusto
564 3606 726 3670 praeterlapsi
746 3608 804 3656 anni
824 3606 968 3670 Hamburgo
988 3606 1123 3668 accepisse.

406 3674 501 3726 Scribis
519 3691 604 3740 nuper,
626 3671 646 3737 0
664 3679 689 3726 iu
708 3678 776 3727 disco
795 3677 859 3726 Solis
877 3677 1034 3726 observatum
1051 3677 1135 3726 tuisse.
1167 3677 1201 3724 At
1218 3689 1292 3739 quem
1310 3675 1458 3739 impossibile
1475 3671 1523 3723 hcc
1542 3674 1574 3723 sit
1592 3675 1674 3723 obser·

314 3751 382 3802 ratu,
412 3762 462 3798 uon
487 3747 581 3812 ignoro.
618 3747 668 3797 le
694 3755 765 3798 extra
791 3747 922 3798 obstacula
945 3749 970 3797 iu
998 3746 1195 3810 elongationibus
1214 3747 1329 3796 maximis
1356 3746 1478 3796 nonnullis
1497 3751 1556 3794 aute
1575 3751 1675 3808 etpost

313 3817 396 3868 Solem
424 3820 534 3883 conspici
563 3825 660 3883 potest,
689 3825 717 3869 ut
737 3821 764 3868 in
781 3818 901 3882 ianuario
928 3819 1037 3882 proximo
1059 3819 1084 3866 in
1105 3814 1225 3866 27--280
1253 3818 1373 3867 distantia
1391 3831 1407 3867 a
1425 3816 1482 3866 Sole
1509 3816 1576 3866 claro
1605 3815 1674 3865 coelo

311 3889 389 3938 rideri
408 3904 459 3938 uon
478 3891 575 3954 potuit,
602 3895 701 3940 tanturn
730 3890 801 3940 abest
831 3896 860 3938 ut
878 3895 906 3938 tu
924 3890 1010 3938 diurno
1028 3895 1138 3953 tempore
1156 3889 1182 3939 iu
1201 3887 1264 3938 Solis
1282 3887 1338 3938 luce
1357 3903 1400 3952 per
1427 3887 1539 3938 bremen
1565 3889 1674 3950 opticum

311 3961 500 4010 minutissimum
518 3960 543 4010 in
562 3962 658 4024 pariete
679 3960 874 4012 animadvertere
892 3961 978 4023 possis.

300 4035 302 4041 ’
404 4029 444 4080 De
466 4031 581 4094 exemplis
600 4032 775 4081 rsiracticnum
794 4024 819 4094 Ω
840 4027 872 4091 Θ
892 4033 918 4080 iu
936 4029 1201 4094 Tycbonerespcnde,
1220 4035 1292 4080 utet
1311 4029 1341 4078 de
1360 4030 1503 4079 diuersitate
1522 4034 1674 4091 supputatae

316 4102 513 4152 eccentricitatis
533 4096 554 4166 Q
572 4103 638 4166 apud
657 4101 819 4166 Cepernicmn
838 4107 864 4152 et
881 4101 1116 4166 Repicmcutanum.
1202 4159 1210 4166 „

401 4171 519 4222 Proxima
538 4174 668 4223 occenone
686 4175 783 4222 mittam
796 4188 880 4222 ornnes
899 4173 1082 4222 observationes
1100 4173 1252 4235 superiorum
1269 4165 1329 4234 etQ
1347 4172 1394 4222 huc
1416 4184 1481 4221 auno
1496 4177 1523 4219 et
1541 4169 1674 4234 praeterito

311 4240 420 4300 habitas,
440 4247 464 4293 et
484 4244 515 4293 de
533 4244 616 4294 mulda
635 4244 689 4294 aliis
707 4249 791 4293 tecum
809 4255 892 4308 agam.
930 4243 994 4292 Vale
1013 4249 1038 4293 et
1056 4243 1089 4291 ad
1108 4244 1192 4291 omnia
1210 4242 1325 4292 rescribe.
1362 4241 1436 4299 Vale,
1456 4241 1524 4291 salve
1543 4247 1570 4291 ct
1589 4241 1673 4290 saluta

314 4325 411 4376 quoquc
431 4321 500 4364 tuam
521 4315 655 4378 piissimam
674 4320 768 4364 costam
787 4329 818 4363 ex
835 4329 875 4363 me
893 4320 966 4363 utet
984 4313 1045 4362 elios
1063 4312 1217 4364 salutandos.
1253 4311 1364 4377 Raptim.
1385 4311 1486 4362 Ostelae
1505 4311 1550 4362 ec.

401 4383 471 4433 Tuae
488 4384 662 4436 Praestantiee
682 4379 874 4434 studiosissimus
1413 4381 1445 4431 D.
1467 4381 1603 4432 Fabricius.

405 4453 452 4503 His
470 4454 547 4504 literis
566 4451 692 4519 subinnuit
709 4455 775 4506 hanc
793 4454 937 4505 schedulam
955 4455 1100 4506 Fabricius:
1241 4493 1242 4496 ,

568 4525 650 4576 Herm
668 4526 704 4576 M.
724 4525 842 4589 Keplero.
861 4525 1004 4576 Ptolemaeo
1024 4527 1171 4576 Germanico
1191 4531 1217 4576 et
1235 4539 1279 4576 suo
1298 4525 1413 4576 Uranicc.

400 4592 480 4642 Tuum
500 4609 574 4660 quam
596 4599 700 4661 primum
723 4597 755 4646 ad
778 4597 861 4646 omnia
882 4610 1024 4660 responsum
1049 4597 1189 4646 avidissima
1211 4603 1322 4659 expecto.
1359 4595 1450 4645 Noster
1468 4593 1599 4645 Jchsnnes
1618 4601 1674 4646 tuse

309 4659 396 4710 literas
414 4662 585 4730 Hamburgum
604 4669 636 4718 sd
661 4666 808 4718 avunculum
826 4680 897 4716 suum
924 4667 1066 4731 procurabit
1083 4667 1229 4732 diligenter,
1248 4666 1289 4716 ille
1309 4666 1341 4716 ad
1359 4679 1406 4715 me.
1446 4665 1488 4714 Sic
1515 4666 1614 4728 saepius
1633 4665 1675 4714 via

311 4727 494 4796 Hamburgensi
512 4735 561 4785 huc
579 4737 636 4788 illuc
649 4745 703 4787 tute
721 4738 826 4787 scribere
844 4753 980 4800 possumus.
1005 4735 1078 4786 Nora
1090 4739 1110 4786 ei
1129 4750 1193 4800 quae
1210 4736 1288 4786 babes
1302 4739 1327 4785 in
1346 4735 1517 4786 astronomicis
1531 4741 1576 4785 aut
1595 4731 1673 4785 utro·

311 4797 406 4866 logicis.
426 4807 589 4856 communica.
618 4807 692 4858 hsrtto
708 4809 753 4858 tibi
771 4819 854 4857 meum
866 4807 1071 4873 Prognostiuumt
1088 4805 1147 4856 boni
1165 4804 1276 4864 comula,
1294 4821 1342 4856 uec
1360 4805 1487 4856 smdemua
1500 4799 1539 4868 (i)
1556 4807 1674 4871 temporis
