3684 5518
773 286 905 362 1111111.
924 285 950 346 t.
1477 293 1545 368 259

187 463 302 535 metim
325 489 432 546 caree,
456 469 550 535 donee
572 469 602 534 iu
625 471 859 552 propositionem
886 469 936 536 11.
962 477 993 534 11
1018 469 1069 535 12.
1094 489 1132 536 ex
1155 473 1330 552 praemissis
1358 475 1542 554 incidissem,

191 557 294 639 quibus
317 559 393 622 haec
416 559 567 625 sententie
589 559 764 639 plenissime
788 559 994 622 refellebetur.
1040 562 1088 622 Ac
1116 561 1175 624 etsi
1206 562 1402 627 obtinuissem
1432 584 1543 646 propo·

191 647 296 721 111111,
320 648 444 727 querela
474 655 575 710 tamen
609 656 676 712 erat
706 649 917 728 superfutura:
950 647 1203 729 hemisphaerium
1235 659 1338 714 tamen
1368 672 1541 732 perversum

191 743 256 799 eret
277 736 419 810 futurum,
444 737 494 817 qui
517 736 595 799 enirn
619 737 692 800 11111
715 739 800 800 11111
824 737 863 798 ed
887 755 941 796 111
966 755 1111 800 11111111
1135 746 1228 814 11111,
1254 740 1362 802 dextra
1385 752 1544 807 censentes

190 823 277 898 haec,
303 824 357 885 ille
380 825 517 899 sinistra,
551 825 668 889 illorum
700 825 848 904 imagines
876 823 988 888 directe
1018 825 1156 906 objectae
1184 846 1238 905 pro
1271 828 1403 892 sinistris
1436 831 1544 897 dextra

188 919 275 975 erent
296 912 465 986 habiturae,
488 921 523 974 ut
545 914 646 976 videre
670 923 719 976 est
741 914 770 975 in
794 912 935 991 speculis.
972 913 1052 975 Nam
1077 914 1126 994 qui
1148 915 1204 976 tibi
1228 916 1334 979 dexter
1358 919 1542 994 emacules,

187 1001 215 1062 is
236 999 362 1080 imagini
385 1009 455 1062 tuse
478 1003 515 1063 11
535 1001 668 1064 sinister.
712 1002 756 1065 Ut
778 1009 912 1074 taceam,
937 1002 1015 1080 quod
1039 1021 1144 1064 cavum
1167 1005 1303 1082 picturae
1328 1007 1489 1068 introrsum
1504 997 1542 1069 ¹in

187 1097 279 1169 ceput
300 1089 455 1169 vergebat
480 1107 546 1152 cum
569 1109 676 1152 111111
699 1089 742 1152 111
765 1097 907 1169 vergeret
924 1088 954 1148 11
979 1089 1100 1168 plegem
1124 1093 1315 1156 contrariam.

276 1179 383 1258 ltaque
406 1177 432 1239 si
454 1186 485 1240 ts
513 1187 615 1240 movet
644 1178 773 1240 inversio
801 1177 890 1257 hujus
917 1176 1053 1258 picturae
1081 1180 1257 1260 metuisque,
1282 1190 1315 1244 ut
1342 1180 1544 1248 inversionem

186 1267 267 1328 benc
288 1273 432 1346 sequatur
462 1273 493 1328 et
515 1268 637 1330 inverse
663 1266 753 1340 visio,
784 1267 827 1328 sic
856 1265 946 1328 velim
974 1267 1154 1346 perpendas.
1201 1266 1459 1339 Quemadmodum
1484 1292 1543 1336 non

186 1355 256 1416 ideo
278 1354 355 1416 visio
378 1362 427 1416 est
450 1355 540 1431 ectio,
565 1356 644 1436 quod
666 1354 830 1417 illustratio
854 1354 896 1416 sit
919 1353 1009 1429 ectio,
1034 1355 1088 1416 sed
1111 1357 1264 1418 contrarie
1287 1359 1397 1424 actioni
1421 1361 1541 1440 passio:

78 1445 81 1450 '
186 1444 231 1506 ita
253 1443 362 1515 etiam,
386 1451 421 1506 11
443 1444 510 1507 loce
532 1444 749 1524 respondeant,
781 1441 931 1524 patientia
962 1443 1122 1522 egentibus
1146 1464 1162 1506 e
1185 1447 1307 1525 regione
1331 1457 1451 1528 oportet
1474 1468 1542 1532 esse

187 1532 335 1612 opposita
382 1532 458 1594 Tam
490 1540 590 1596 eutem
624 1533 759 1613 perfecte
792 1541 865 1593 sant
891 1531 959 1594 loce
995 1531 1148 1612 opposita,
1187 1553 1254 1598 11111
1290 1536 1370 1598 idem
1407 1545 1542 1604 centrum

187 1619 301 1682 mediat
323 1621 351 1682 in
376 1619 463 1683 lineis
487 1621 706 1701 oppositionum
736 1619 886 1689 omnibus,
917 1620 996 1700 qnod
1023 1639 1080 1682 non
1105 1629 1174 1683 erat
1195 1623 1340 1702 futurum,
1375 1625 1401 1688 si
1423 1627 1543 1706 pictura

188 1715 292 1772 111111
315 1708 433 1770 fuisset.
457 1711 564 1790 ltaque
588 1709 619 1771 11
642 1709 764 1771 inverse
785 1709 904 1788 pictura
927 1709 985 1772 etsi
1009 1709 1220 1774 universaliter
1243 1720 1275 1774 et
1297 1722 1436 1794 respectu
1459 1733 1542 1778 ccm-

188 1798 285 1860 muuis
309 1797 435 1877 alicujus
459 1797 555 1860 lineae
579 1798 688 1861 dextra
710 1797 840 1860 sinistris
855 1806 1081 1878 permutantur:
1107 1799 1215 1862 dextre
1238 1809 1337 1864 temen
1361 1803 1405 1865 rei
1428 1804 1543 1869 dextris

187 1884 332 1964 picturae,
358 1894 390 1948 et
412 1905 522 1966 supere
544 1886 589 1950 rei
611 1887 729 1968 superis
753 1886 886 1965 picturas
911 1886 972 1960 (sui
996 1886 1090 1966 ipsias
1114 1894 1267 1968 respectu)
1291 1891 1423 1970 perfecte
1443 1911 1541 1972 oppo-

187 1983 312 2050 nuntur,
337 1974 416 2036 sieut
438 1995 546 2040 cavum
569 1995 654 2037 cavo.
700 1975 765 2038 Nec
790 1984 888 2038 metus
911 1983 975 2052 111,
999 1984 1033 2038 11
1050 1975 1080 2038 11
1104 1977 1197 2056 plaga
1219 1989 1302 2042 erret
1324 1979 1417 2044 visus.
1464 1980 1541 2044 Rem

187 2063 264 2124 enim
288 2063 445 2126 sublimem
468 2065 593 2128 intuitus
617 2059 778 2128 manifeste
809 2083 927 2124 sursum
958 2064 1053 2126 vertit
1080 2065 1198 2138 oculos,
1231 2068 1357 2132 humiles
1385 2069 1541 2132 coufessus

187 2161 221 2214 et
242 2153 398 2232 oppositos
421 2154 465 2215 rei
488 2173 581 2216 eausa
603 2151 672 2214 loci.
718 2151 862 2214 Errasset
884 2151 985 2231 potius
1009 2162 1113 2216 111111
1136 2155 1285 2220 existente
1309 2155 1437 2235 pictura.
1470 2158 1541 2220 Ali-

187 2239 255 2302 cubi
281 2239 359 2302 euim
389 2241 465 2302 oculi
494 2241 617 2304 interior
647 2240 748 2321 peries
776 2241 956 2321 objiceretur
985 2242 1029 2304 rei
1062 2242 1189 2314 directe,
1222 2245 1333 2306 alicubi
1365 2265 1437 2320 nou,
1467 2256 1543 2308 uta

189 2327 353 2392 lateribus:
379 2329 545 2392 declinaret
568 2329 646 2391 enim
671 2329 709 2392 ab
733 2329 931 2408 oppositione.
977 2329 1061 2392 Nihil
1084 2329 1175 2408 igitur
1199 2333 1321 2396 absurdi
1345 2334 1542 2397 committitur

190 2417 309 2480 inverse
323 2417 449 2498 pictura,
474 2420 552 2499 quod
566 2418 692 2480 Vitellio
716 2425 873 2497 tantopere
898 2415 988 2498 fugit:
1014 2419 1091 2499 quod
1115 2427 1147 2481 et
1168 2419 1326 2484 Jessenius
1350 2431 1471 2485 secutus
1495 2433 1544 2486 est

189 2506 374 2582 existimans,
399 2508 609 2570 refractionem
633 2507 661 2568 iu
685 2526 795 2568 cornea
818 2505 874 2568 hoc
888 2515 1053 2588 praestare,
1079 2527 1115 2568 ne
1140 2509 1248 2570 dextra
1270 2511 1375 2572 fierent
1398 2511 1541 2574 sinistra:

189 2596 266 2676 quod
290 2613 410 2676 propos.
439 2593 489 2659 12.
515 2615 552 2656 ex
574 2593 750 2676 praemissis
773 2597 862 2674 plane
885 2595 1048 2657 refutatum
1072 2605 1129 2656 111.
1178 2596 1258 2667 Quid
1283 2599 1408 2679 denique
1433 2600 1470 2660 de
1494 2599 1541 2661 in-'

186 2683 329 2748 haesione
353 2684 463 2764 speciei
487 2685 516 2746 in
535 2685 710 2766 crystallino
735 2685 825 2764 (quae
840 2682 1018 2745 Aristotelis
1042 2692 1073 2745 11
1096 2685 1163 2764 ipsa
1187 2694 1243 2760 est,
1269 2687 1318 2766 qui
1341 2709 1375 2748 ae
1399 2683 1480 2765 11111
1504 2688 1542 2749 ad

186 2771 331 2836 visionem
356 2774 422 2836 ideo
455 2773 547 2854 elegit
574 2778 621 2838 111
649 2795 682 2834 το
711 2771 963 2852 εὖφνλακτοτερον
990 2797 1037 2834 και
1063 2769 1437 2853 11111111111111111111,
1466 2776 1545 2858 quod

187 2861 313 2942 recipiat
337 2871 369 2924 et
387 2870 545 2924 conservet
566 2861 672 2924 melius
696 2881 783 2941 quam
803 2863 871 2935 adr)
894 2859 936 2921 sit
955 2862 1152 2938 sentiendum,
1176 2882 1213 2924 ex
1228 2864 1417 2926 conclusione
1433 2883 1499 2944 cap.
1516 2863 1540 2924 l.

188 2960 328 3030 apparet.
375 2951 421 3012 De
444 2951 623 3032 pervasione
654 2969 725 3012 vero
754 2950 886 3030 ejusdem
917 2965 971 3028 per
1003 2951 1249 3031 angustissimam
1276 2951 1355 3012 viem
1380 2973 1433 3014 seu
1458 2953 1542 3014 cevi-

186 3047 282 3102 tatem
312 3039 395 3102 nervi
430 3059 522 3120 usque
555 3041 595 3102 sd
625 3037 736 3101 bivium
768 3039 921 3118 utriusque
951 3039 1034 3101 nervi
1068 3042 1157 3120 paulo
1185 3060 1277 3122 snpra
1304 3040 1334 3101 iu
1364 3039 1420 3102 hoc
1444 3042 1543 3122 eapite

187 3127 261 3192 Nro.
286 3125 316 3192 3.
341 3127 417 3190 satis
441 3137 489 3190 111
513 3128 635 3191 dictum.

274 3216 371 3279 Multo
394 3217 499 3280 melius
524 3217 560 3278 de
584 3215 681 3278 officio
706 3214 874 3296 crystallini
898 3215 1052 3290 Ρ1111111,
1088 3215 1223 3295 quemvis
1253 3237 1307 3278 nec
1332 3217 1395 3298 ipse
1420 3237 1543 3298 scopum

188 3306 278 3386 plens
301 3305 414 3386 tetigit.
457 3305 615 3370 Visionem
639 3304 683 3366 ait
705 3303 769 3366 1111
794 3303 956 3365 retiformis
981 3303 1100 3364 tunicae
1125 3305 1313 3367 ministerio:
1338 3307 1545 3388 crystallinum

188 3413 258 3456 vero
281 3394 426 3457 retiformi
449 3393 505 3456 hoo
529 3401 695 3474 praestare,
721 3391 800 3471 quod
823 3401 911 3456 extra
934 3392 1051 3454 oculum
1075 3411 1211 3456 convexa
1234 3395 1361 3474 specilla
1384 3403 1547 3476 praestant

187 3481 341 3554 lusciosis,
365 3482 483 3546 efficere
507 3501 633 3563 nemque
657 3487 692 3542 ut
714 3499 763 3542 res
787 3479 917 3560 majores
942 3489 1119 3560 appareant.
1167 3479 1295 3546 Omnino
1318 3483 1458 3552 Platore,
1483 3485 1546 3546 tale

190 3572 258 3652 quid
288 3579 427 3653 praestat
459 3561 673 3654 crystallinus:
706 3569 763 3630 hoc
791 3568 889 3647 ipsum
919 3588 989 3630 vero
1023 3589 1080 3631 uon
1113 3579 1261 3650 praestat.
1309 3571 1441 3634 Primum
1475 3571 1545 3652 quia

190 3660 358 3741 crystallini
392 3659 637 3722 intersectionem
666 3657 809 3720 terminus
839 3658 961 3720 ultimus
990 3657 1091 3720 estin
1115 3660 1240 3722 confinio
1264 3659 1398 3734 retinas,
1430 3660 1543 3721 dictum

189 3747 280 3828 igitur
311 3767 396 3830 prop.
424 3746 475 3814 18.
499 3747 684 3829 praemissa,
719 3745 789 3826 quid
823 3745 952 3808 futurum
981 3745 1021 3807 sit
1045 3745 1081 3808 de
1107 3748 1192 3808 oculo
1216 3748 1332 3826 integro
1357 3747 1417 3808 illic
1442 3749 1541 3827 appli-

190 3845 267 3899 cato.
312 3837 430 3918 Nempe
458 3835 575 3900 videret
603 3836 706 3898 oculus
734 3835 852 3914 integer
879 3834 945 3895 loco
975 3835 1091 3897 retinas
1124 3836 1219 3896 solius
1253 3835 1369 3914 positus
1394 3855 1450 3896 non
1474 3836 1542 3916 plus

191 3943 246 3988 uno
274 3933 401 4006 puncto,
436 3925 524 4007 idque
556 3922 764 3987 confusissime
795 3929 826 3984 st
848 3941 903 4002 per
924 3930 1020 3984 111111
1055 3923 1117 3984 1111
1146 3924 1312 4004 crystallini
1345 3925 1541 4004 superficiem.

192 4009 278 4083 Quod
302 4014 329 4076 si
344 4015 473 4076 maxime
493 4015 654 4077 distinctae
678 4031 726 4074 res
742 4019 844 4074 essent
859 4011 1050 4092 appariturae
1075 4010 1159 4073 oculo
1180 4011 1295 4090 integro
1311 4011 1372 4073 illic
1386 4012 1543 4086 collocato,

190 4121 245 4163 non
269 4101 336 4165 ideo
359 4104 438 4165 idem
461 4097 604 4184 sequetur
626 4109 658 4163 11
680 4099 711 4162 11
733 4108 852 4179 partem
876 4101 962 4163 oculi.
1002 4097 1104 4161 Causa
1127 4099 1201 4160 haec
1226 4109 1284 4174 est,
1310 4100 1380 4180 quie
1404 4100 1431 4160 in
1456 4101 1543 4162 oculo

190 4189 303 4272 integro
327 4200 455 4254 estnon
479 4197 765 4264 111111111111111,
790 4189 820 4250 in
844 4207 901 4269 quo
925 4187 1002 4251 radii
1025 4189 1154 4250 omnium
1179 4188 1340 4250 lucentium
1364 4196 1544 4251 concurrunt

193 4279 253 4349 (vel
276 4279 361 4360 qussi
385 4279 616 4356 concurrissent,
641 4277 687 4340 ite
710 4277 911 4356 excipiuntur)
935 4278 989 4338 sed
1014 4277 1106 4338 etiem
1130 4277 1318 4357 superficies,
1343 4277 1372 4337 in
1397 4296 1455 4357 qua
1477 4277 1543 4356 pie-

194 4374 260 4428 tura
282 4367 421 4430 distincte
445 4369 622 4450 explicatur.
660 4366 696 4428 In
721 4365 819 4427 retine
842 4383 922 4440 vero,
948 4383 1024 4445 quae
1042 4383 1114 4444 pars
1132 4375 1180 4426 est
1203 4365 1289 4438 oculi,
1313 4364 1342 4425 id
1368 4365 1463 4426 locum
1488 4383 1545 4426 aon

194 4453 292 4518 habet.
337 4456 417 4519 Nem
441 4457 467 4518 si
495 4477 543 4520 res
575 4455 645 4518 illae
670 4454 831 4516 distinctae
862 4461 892 4514 et
923 4455 1051 4534 majores
1082 4473 1101 4514 a
1133 4453 1308 4534 crystallino
1341 4453 1370 4514 in
1400 4451 1546 4515 retiformi

195 4545 411 4623 repraesentari
452 4545 606 4620 dicantur,
655 4561 730 4624 quae
777 4541 879 4604 radios
924 4541 1059 4604 omnibus
1096 4541 1214 4621 punctis
1248 4540 1286 4602 ad
1315 4540 1394 4602 idem
1430 4541 1545 4603 retinas

196 4641 331 4710 punctum
363 4633 527 4715 projiciunt
563 4633 613 4706 (ut
640 4632 704 4712 jam
736 4629 792 4691 hoc
830 4648 884 4710 per
916 4650 948 4691 se
986 4629 1095 4691 falsum
1129 4627 1338 4704 concedetur),
1378 4649 1437 4710 que
1473 4647 1544 4710 ergo

197 4721 306 4784 ratione
328 4730 472 4806 puuctum
494 4721 567 4784 illud
596 4719 712 4782 retinas
743 4717 873 4797 excipiet
904 4717 1063 4781 distinctas
1095 4717 1139 4780 rei
1171 4715 1298 4780 visibilis
1326 4728 1445 4797 partes,
1479 4736 1545 4800 eum

198 4818 333 4886 puuctum
364 4811 408 4874 sit
438 4829 477 4872 ex
505 4829 598 4889 supra
631 4805 750 4888 posito?
801 4805 856 4870 Sin
886 4815 987 4870 autem
1018 4807 1075 4869 huc
1103 4825 1164 4870 rem
1199 4805 1310 4878 trabis,
1342 4817 1376 4870 11
1407 4805 1546 4888 quicquid

1280 4907 1333 4960 17·
