3684 5518
766 319 848 384 oque
864 315 898 368 v.
922 311 948 369 ε.
1467 317 1532 386 255

177 503 314 574 utraque.
365 489 482 565 Quodsi
506 511 578 574 ergo
601 491 743 555 conoides
766 492 859 554 etiam
883 493 1010 554 alterum
1033 493 1062 554 in
1087 493 1172 555 oculo
1195 503 1252 568 est,
1277 496 1399 559 illudio
1421 515 1531 559 cornea

180 598 249 646 ease
267 599 396 643 necesse
421 591 484 644 est:
509 581 679 663 crystallini
701 599 770 641 vero
790 582 975 658 superficiem
989 583 1123 660 perfecte
1137 583 1304 657 rotundam,
1329 595 1363 646 ut
1377 586 1532 648 venientes

180 671 279 733 radios
302 677 523 750 convergentes
547 671 584 730 ad
611 670 689 730 idem
711 675 856 748 punctum
879 669 992 730 directe
1015 669 1162 748 excipiat:
1187 679 1219 730 ει
1231 673 1449 736 rotunditatem
1462 674 1531 753 qui-

180 761 246 822 dem
271 759 351 820 banc
378 775 516 838 pressam
548 759 706 819 admodum
737 763 857 836 oportet
884 775 967 827 esse,
999 765 1035 818 ut
1066 759 1151 836 cujus
1178 767 1313 822 centrum
1342 762 1428 842 longe
1461 770 1532 842 post

180 847 293 909 oculum
317 857 367 908 est
388 846 529 908 futurem.

265 935 480 1015 Propositio
509 932 628 996 XXVI.
674 931 804 993 Pollex
832 931 926 992 oculi
954 949 1136 994 camaram
1161 935 1388 1016 contingens
1411 937 1531 1015 maj0r

173 1024 281 1103 justo
305 1029 345 1083 ει
368 1023 548 1084 contusus
570 1030 739 1099 apparet.
786 1019 865 1080 Nam
889 1021 959 1099 quia
981 1020 1058 1080 visio
1080 1021 1115 1082 fit
1136 1038 1190 1099 per
1213 1023 1377 1101 picturam,
1410 1029 1532 1087 turbata

176 1113 295 1191 pictura
317 1110 456 1172 turbatur
477 1108 565 1171 visio.
599 1107 660 1170 Sed
684 1126 738 1188 per
760 1106 948 1170 corollarium
973 1105 1004 1168 2.
1028 1109 1213 1187 praemissae
1240 1107 1289 1173 16.
1315 1114 1532 1194 propinquante

176 1209 288 1280 puncto
311 1198 460 1274 radiante,
479 1205 515 1259 ιιι
536 1197 586 1260 hic
607 1196 735 1275 pollice,
759 1193 875 1258 recedit
896 1196 1071 1258 intersectio
1095 1195 1161 1275 ejus
1188 1199 1422 1262 radiationnm.⁴
1449 1201 1530 1282 Idrgo

177 1288 287 1368 pollice
312 1287 350 1348 ad
373 1287 491 1348 oculum
514 1285 695 1358 accedente,
720 1281 894 1346 intersectio
918 1283 1009 1362 (quae
1033 1293 1082 1345 est
1103 1284 1192 1363 hujus
1213 1287 1349 1366 picturae
1372 1289 1529 1368 penicillus

177 1394 231 1454 per
253 1373 306 1438 20.
329 1374 543 1453 praemissam)
567 1373 674 1451 recipit
697 1391 730 1434 se
753 1373 832 1434 intro
854 1371 884 1432 in
908 1379 1002 1451 caput
1023 1373 1122 1452 ipsum
1145 1382 1177 1433 et
1199 1375 1298 1438 retina
1320 1388 1406 1438 secat
1425 1396 1530 1440 conum

178 1465 258 1525 intra
280 1463 433 1524 vestitam.
479 1461 641 1524 Penicillus
665 1461 757 1540 igitur
779 1477 899 1522 crassus
923 1478 981 1520 non
1005 1461 1089 1522 clara
1110 1467 1142 1521 et
1166 1461 1297 1526 dilucida
1319 1465 1401 1527 ducit
1430 1465 1528 1528 liusa-

177 1559 281 1613 menta
305 1559 337 1612 ει
358 1549 502 1612 terminos
525 1549 644 1623 dilatat,
669 1567 723 1627 pro
748 1548 828 1610 linea
850 1547 1036 1627 superficiem
1060 1548 1204 1613 scribens.

263 1637 479 1718 PropositIo
513 1637 650 1698 XXVII.
715 1634 799 1698 Gum
845 1655 902 1697 res
949 1637 1197 1714 aspectabilis
1243 1640 1431 1702 collocata
1467 1650 1531 1703 εει

177 1729 278 1789 ultra
299 1733 473 1806 puuctum
496 1724 651 1786 cuilibet
672 1724 779 1787 oculo
802 1732 933 1786 natura
952 1725 1146 1796 tributum,
1171 1743 1212 1787 ax
1236 1745 1302 1806 quo
1325 1729 1360 1790 in
1385 1729 1528 1792 retiuae

177 1824 346 1895 punctum
383 1831 510 1875 ornnes
547 1812 780 1874 radiationes
817 1812 1100 1891 colligerentur,
1142 1831 1207 1875 res
1244 1815 1321 1876 Illa
1358 1817 1530 1880 confusa

178 1913 343 1983 apparet.
391 1903 483 1964 Patet
505 1901 657 1964 contraria
678 1900 805 1963 ratione.
851 1899 973 1961 Etenim
995 1919 1050 1979 per
1073 1899 1103 1963 2.
1133 1903 1234 1963 coroll.
1264 1899 1311 1966 16.
1343 1905 1528 1984 praemissae

177 2011 235 2052 non
260 1999 310 2052 est
333 1990 410 2053 idem
434 1997 591 2070 punctum,
626 1990 664 2050 ad
688 1989 765 2068 quod
789 1997 922 2050 remotae
946 1991 1038 2051 etad
1068 1991 1144 2069 qnod
1168 1990 1351 2071 propinquae
1375 1993 1418 2054 rei
1441 1994 1529 2056 colli-

178 2087 289 2160 guntur
312 2079 512 2140 radiationes:
537 2086 587 2139 est
609 2087 709 2139 mmeu
733 2077 763 2138 in
788 2093 844 2137 uno
868 2076 985 2138 bomine
1008 2095 1083 2138 unus
1107 2085 1139 2138 et
1161 2077 1239 2140 idem
1253 2087 1398 2158 perpetuo
1413 2082 1529 2144 retiuae

178 2168 255 2230 situs
278 2169 316 2228 ad
341 2168 488 2229 humores.
522 2167 567 2228 Aa
589 2185 646 2227 non
670 2164 850 2245 expediebat
873 2164 1139 2226 remotissImarum
1154 2183 1252 2228 rerum
1271 2167 1529 2232 distinctissimaru

175 2255 321 2317 visionem
344 2255 504 2317 conciliare
528 2253 648 2328 bomini,
674 2272 731 2334 quo
753 2261 844 2332 pacto
867 2252 1041 2331 praesentia
1063 2253 1162 2332 Ipsum
1185 2255 1342 2334 fugissent.
1386 2255 1449 2318 Sed
1473 2276 1527 2319 nec

177 2343 313 2421 proxima
335 2345 433 2404 solum
446 2341 589 2405 distincte
605 2342 708 2404 debuit
722 2341 833 2410 videre,
857 2349 890 2402 ut
912 2353 1030 2402 remota
1051 2341 1110 2420 Ipsi
1125 2341 1245 2404 uiqum
1264 2344 1527 2409 confunderentur.

176 2433 282 2512 Itaque
306 2431 486 2493 libramento
509 2449 584 2511 opos
607 2430 674 2492 fuit.
707 2430 741 2491 Id
766 2439 867 2490 autem
890 2447 956 2490 oum
979 2429 1090 2490 babeat
1105 2430 1293 2492 latitudinem
1309 2451 1404 2507 suam,
1429 2433 1530 2496 variat

176 2539 230 2600 per
251 2519 427 2599 singularia.
461 2519 508 2580 Ao
524 2519 664 2582 fortassis
688 2518 766 2579 idem
790 2526 839 2579 εει
851 2517 881 2578 in
897 2517 1033 2579 omuibus
1047 2517 1215 2598 crystallini
1235 2519 1311 2580 situs
1335 2521 1375 2581 ad
1390 2521 1526 2594 retinam,

177 2628 234 2670 non
258 2608 365 2669 eadem
393 2624 465 2668 vero
495 2606 648 2668 humorum
677 2605 823 2668 densitas.
869 2605 951 2685 Ergo
979 2623 1045 2666 cum
1075 2612 1215 2683 punctum
1247 2607 1288 2668 rei
1321 2607 1451 2670 visibilis
1479 2621 1528 2671 est

176 2696 265 2758 nimis
288 2704 449 2769 remotum,
486 2713 579 2756 conus
606 2695 670 2774 ejus
702 2694 823 2755 radians
856 2692 1032 2755 terminatur
1059 2702 1219 2774 antequam
1243 2694 1282 2755 ad
1304 2696 1432 2758 retinam
1454 2715 1527 2778 per-

177 2784 290 2863 tingat,
308 2804 363 2866 per
386 2783 574 2846 corollarium
597 2782 743 2862 superius.
790 2783 888 2843 Facta
909 2781 1011 2859 itaque
1042 2780 1175 2843 sectione
1199 2783 1265 2860 jam
1295 2783 1426 2844 dilatans
1459 2803 1529 2846 sese

175 2875 280 2934 iterum
304 2873 332 2933 ln
356 2872 483 2933 retinam
505 2871 686 2951 impingitur.
718 2869 793 2932 Inde
816 2877 873 2942 εει,
897 2877 932 2931 ιιι
953 2887 1007 2948 pro
1026 2889 1085 2931 uua
1107 2889 1139 2931 re
1159 2871 1229 2931 exili
1253 2879 1285 2932 et
1298 2871 1386 2949 louge
1402 2873 1528 2934 distanti

175 2961 308 3040 geminas
332 2967 385 3021 aut
407 2960 592 3040 tergeminae
606 2959 739 3027 videant,
763 2957 813 3039 qui
836 2957 892 3020 hoc
911 2957 985 3018 vitio
1009 2957 1157 3020 laborant
1190 2957 1269 3020 Illuc
1292 2978 1346 3039 pro
1367 2980 1426 3021 una
1440 2962 1528 3023 Luna

122 3047 124 3050 ’
174 3050 279 3110 decem
302 3057 356 3110 aut
379 3048 508 3129 amplius
531 3047 603 3110 mibi
627 3047 813 3127 objiciuntur.
851 3045 894 3107 Ει
916 3045 1033 3127 quidem
1058 3055 1091 3108 ut
1112 3046 1248 3109 contusio
1273 3047 1365 3110 etiarn
1385 3057 1528 3129 sequatur

175 3137 254 3198 banc
277 3136 343 3198 coni
367 3137 547 3211 sectionem,
581 3143 702 3215 oportet
724 3134 954 3198 teneritudinem
981 3134 1064 3196 visus
1087 3135 1249 3212 accedere,
1283 3135 1333 3215 qui
1356 3157 1375 3198 a
1399 3137 1526 3200 fortibus

175 3222 394 3287 radiationibus
417 3231 575 3287 moveatur
596 3223 696 3285 valide
718 3231 783 3284 tam
806 3223 836 3285 iu
860 3231 970 3303 puncto
985 3222 1109 3297 retinas,
1134 3222 1184 3284 ubi
1209 3221 1355 3285 distincta
1377 3233 1426 3288 εει
1439 3226 1527 3300 visio,

175 3330 265 3393 quarn
288 3311 397 3374 circum
419 3330 474 3392 per
497 3313 564 3374 coni
587 3311 699 3374 radiosi
724 3312 812 3385 (vitio
837 3311 988 3385 obortam)
1014 3311 1212 3380 latitudinem,
1247 3313 1414 3391 Propterea
1427 3312 1525 3376 omui-

175 3402 231 3462 bus
255 3401 374 3481 quidem
398 3400 464 3463 coni
486 3398 665 3463 radiationis
689 3397 831 3462 coelestis
854 3399 1037 3473 dilatantur,
1072 3408 1105 3460 at
1133 3419 1191 3460 nou
1219 3418 1323 3462 omnes
1354 3401 1420 3464 ideo
1450 3421 1525 3465 cou-

176 3491 241 3551 Ioae
263 3490 377 3551 vident

262 3577 480 3656 Propositio
507 3575 660 3638 XXVIII.
708 3573 777 3646 Qui
809 3583 955 3638 remota
985 3575 1169 3640 distincte
1199 3576 1339 3650 vident,
1371 3579 1524 3658 propiu-

175 3685 242 3748 qna
266 3667 433 3738 confuse,
457 3665 505 3726 iis
528 3664 751 3744 perspicilla
773 3681 936 3724 convexa
957 3673 1121 3741 prosunt.
1168 3663 1237 3736 Qui
1261 3683 1344 3727 vero
1373 3667 1526 3728 confuse

175 3755 308 3818 vident
328 3762 485 3827 remota,
516 3752 696 3814 distincte
718 3751 943 3832 propinqua,
963 3752 1150 3830 juvantur
1172 3755 1350 3816 concavis
1373 3755 1526 3833 perspi-

176 3843 292 3906 cillis.
339 3839 462 3911 Quanta
485 3841 653 3910 admiratIo,
677 3841 721 3902 rei
746 3847 850 3901 tautae
875 3850 938 3902 tam
961 3841 1022 3902 late
1036 3851 1237 3920 propagatum
1251 3859 1345 3914 usum,
1371 3851 1401 3902 et
1427 3851 1524 3903 lamen

176 3949 296 3994 εειιεειιι
320 3929 450 4005 ignorari
473 3931 633 4002 hactenus,
659 3937 693 3989 ut
716 3928 882 3991 titubanter
903 3928 1103 4008 pronunciem,
1128 3927 1304 3990 clarissimis
1333 3929 1524 3993 demonstra-

176 4018 306 4083 tionibus
330 4017 470 4080 inventis.
516 4017 601 4079 Unus
624 4017 768 4096 Baptista
791 4017 885 4079 Porta
906 4017 1061 4096 protessus
1085 4026 1149 4088 est,
1182 4016 1330 4078 rationem
1352 4017 1381 4079 iu
1406 4015 1525 4099 Opticis

176 4107 320 4170 reddere:
354 4123 430 4187 quae
462 4125 481 4166 a
510 4105 638 4166 librariis
672 4106 784 4167 flustra
815 4105 961 4166 hactenus
993 4104 1144 4184 requisivi.
1158 4101 1203 4178 ⁴¹)
1248 4103 1316 4166 Non
1354 4106 1446 4167 semel
1478 4124 1525 4167 me

177 4192 363 4268 discruciari,
389 4201 424 4254 ut
445 4211 567 4256 musam
589 4193 790 4272 inanrerem3
815 4194 941 4268 frustra,
966 4211 1032 4255 cvm
1056 4212 1102 4254 ms
1127 4193 1251 4256 visionis
1274 4193 1379 4256 modus
1403 4193 1523 4256 lateret.

177 4283 218 4346 Et
240 4283 318 4344 facio
342 4282 531 4344 meritissime
559 4281 803 4344 honestissimam
834 4281 1015 4344 mentionem
1037 4281 1077 4344 D.
1101 4281 1248 4344 Ludovioi
1270 4281 1307 4342 L.
1331 4281 1368 4344 B.
1394 4303 1413 4343 a
1435 4281 1525 4344 Diet-

178 4371 330 4445 ricltstein,
355 4369 567 4432 Maecenatum
591 4388 723 4432 meorum
753 4370 922 4450 praecipui;
946 4371 994 4450 qui
1027 4389 1081 4449 per
1108 4368 1267 4432 triennium
1297 4371 1361 4450 jain
1392 4389 1438 4432 me
1466 4372 1523 4433 bac

178 4459 350 4540 quaestione
373 4458 517 4521 exercuit.
563 4456 678 4536 Accipe
700 4459 839 4531 tandem,
868 4459 915 4520 vit
938 4458 1106 4530 literarum,
1136 4457 1243 4520 artium
1268 4466 1300 4520 et
1321 4459 1525 4537 professorum

178 4557 267 4629 atque
290 4547 382 4610 etlam
404 4546 463 4608 mei
485 4546 563 4608 inter
581 4554 751 4626 postremos
774 4545 980 4608 amantissime
1000 4547 1148 4626 juxtaque
1170 4545 1380 4624 sagacissime,
1407 4549 1526 4620 (cetera

178 4637 300 4698 laudent
332 4633 487 4698 Austmaci
522 4635 673 4714 principes
710 4641 743 4696 et
779 4634 983 4713 amplissimae
1018 4633 1205 4714 provinoIae)
1242 4633 1354 4713 scalpe,
1392 4635 1524 4716 inquam,

178 4741 351 4804 responsum
375 4723 403 4784 ai
426 4741 484 4785 noo
507 4723 583 4786 satis
606 4725 719 4784 clarum
742 4731 775 4783 et
796 4720 963 4792 indubium,
993 4721 1071 4783 satis
1094 4728 1176 4783 certe
1198 4718 1376 4796 tardumll)
1423 4722 1526 4787 Causa

180 4819 306 4874 maest
328 4811 360 4874 iu
383 4810 439 4872 boc
461 4810 541 4885 sits,
573 4810 652 4892 quod
683 4810 850 4890 propiaqua
881 4811 998 4889 majora
1019 4809 1182 4872 reddantur
1206 4811 1348 4874 convexis
1379 4813 1522 4894 specillis,
