3694 5528
319 1175 701 1240 REVERENDISSIMO
725 1176 780 1236 ET
802 1157 1087 1238 SERENISSIMO
1112 1177 1298 1240 PRlNClPI
1319 1159 1377 1239 ‘Ao
1403 1177 1439 1238 D.

235 1315 286 1415 u.
324 1313 602 1414 uenero
641 1313 1117 1415 moflmelscoeo
1157 1313 1528 1429 commutet,

207 1495 239 1561 S.
272 1495 402 1556 Romani
434 1494 557 1574 Imperii
591 1493 778 1572 Septemviro
811 1493 946 1556 Electori
979 1502 1010 1556 et
1037 1513 1091 1574 per
1122 1495 1242 1557 Italiam
1275 1494 1559 1570 Archioancellario,

206 1583 356 1664 Episcopo
384 1583 562 1658 Leodiensi‚
595 1583 843 1645 Administratori
871 1584 1039 1645 Monoster.
1083 1583 1270 1645 Hildeshem.
1294 1590 1332 1644 ⁴et
1363 1583 1559 1662 Frisingeusi,

207 1672 337 1751 Principi
351 1672 380 1733 iu
401 1670 517 1734 Stabel.
539 1669 650 1733 Comiti
664 1672 763 1735 Palat.
781 1671 890 1746 Rheni,
917 1691 982 1752 sup.
1008 1681 1040 1734 et
1059 1672 1144 1733 infer.
1163 1673 1322 1745 Bavariae,
1339 1672 1558 1751 westphaliae,

294 1761 375 1840 Aug.
400 1761 454 1822 doc.
478 1760 566 1834 Duoi,
590 1760 707 1824 March.
733 1761 841 1823 Franci
863 1768 956 1822 mont.
981 1761 1111 1822 Domino
1136 1780 1201 1823 meo
1225 1761 1470 1822 elementissimo.

297 1918 560 1982 Reverendissime
580 1926 611 1980 et
630 1917 829 1981 Sereuissime
847 1919 992 1997 Princeps
1007 1919 1140 1995 Elector,
1165 1920 1302 1981 Domine·
1317 1919 1559 1982 clementissime.

208 2005 283 2070 (lum
317 2005 519 2086 superioribus
550 2006 637 2069 annis
670 2008 709 2068 ad
739 2027 879 2087 magnum
917 2009 1064 2070 cumulum
1103 2008 1306 2070 inventionum
1344 2009 1432 2087 hujus
1464 2009 1561 2070 ultimi

206 2097 298 2157 seculi
323 2080 506 2157 accessisset
529 2095 643 2157 arundo
668 2095 826 2176 dioptrica‚
852 2115 1037 2176 nequaquam
1057 2097 1135 2158 inter
1157 2097 1297 2176 vulgares
1322 2098 1563 2158 connumeranda

206 2183 455 2258 machinationes,
480 2184 618 2265 circaque
643 2203 708 2245 eam
732 2185 784 2246 alii
809 2186 845 2246 de
869 2186 970 2265 palma
993 2185 1107 2266 primae
1132 2185 1314 2247 inventionis
1339 2191 1493 2246 certarent
1508 2183 1560 2259 ¹⁷),

171 2295 174 2302 ·
207 2271 258 2333 alii
278 2273 314 2332 de
333 2271 517 2352 perfectione
535 2273 725 2336 instrumenti
743 2293 810 2335 sese
830 2275 985 2353 jactarent
1004 2273 1141 2352 amplius,
1167 2274 1244 2354 quod
1264 2273 1304 2334 ibi
1326 2292 1414 2335 casus
1433 2272 1561 2353 potissi·
1583 2288 1591 2294 ·
1618 2315 1624 2322 -

206 2379 286 2422 mum
317 2361 408 2436 insit,
443 2359 492 2422 hio
521 2362 598 2422 ratio
632 2362 821 2424 dominetur:
857 2361 1016 2424 Galilaeae
1045 2381 1114 2424 vero
1148 2381 1238 2441 super
1265 2383 1320 2425 usu
1352 2363 1508 2441 patefacto
1532 2361 1561 2422 in

205 2448 411 2528 perquirendis
436 2449 555 2538 arcanis
584 2451 793 2512 astronomicis
822 2450 1076 2530 speciosissimum
1104 2451 1285 2531 triumphum
1310 2458 1433 2529 ageret,
1458 2459 1492 2512 ut
1515 2450 1561 2510 oui

207 2537 364 2599 consilium
400 2539 648 2617 suppeditaverat
680 2539 829 2601 industria
853 2559 908 2601 nec
936 2558 1108 2600 successum
1140 2547 1304 2618 negaverat
1336 2540 1472 2599 fortuna:
1506 2557 1561 2616 ego

208 2627 315 2688 ductus
346 2625 475 2688 honesta
507 2628 636 2707 quadam
668 2627 870 2690 aemulatione
898 2647 1006 2689 novum
1039 2627 1260 2689 mathematicis
1293 2645 1429 2705 campum
1459 2626 1561 2706 aperui

208 2715 369 2778 exserendi
392 2716 450 2777 vim
475 2715 597 2796 ingenii,
621 2716 678 2778 hoc
703 2725 751 2779 est
773 2735 929 2778 causarum
955 2717 1021 2796 lege
1045 2715 1227 2795 geometrica
1251 2715 1559 2787 demonstrandarunr,

210 2803 317 2883 quibus
341 2810 404 2864 tam
428 2805 565 2884 exoptati
589 2815 652 2868 tam
670 2805 806 2885 jucunda
827 2805 977 2866 varietate
1002 2805 1180 2884 multiplices
1205 2805 1328 2866 effectus
1351 2804 1559 2866 inniterentur.

211 2889 286 2952 Cum
311 2891 389 2952 enim
414 2901 483 2954 ante
508 2913 562 2954 sex
586 2913 680 2955 anuos
705 2893 848 2972 Opticam
871 2893 1085 2956 Astronomiae
1109 2901 1227 2972 partem
1251 2891 1422 2966 edidissem,
1447 2892 1479 2953 iu
1503 2911 1559 2972 qua

208 2987 239 3041 et
264 2981 300 3041 de
324 2979 448 3043 visionis
479 2983 566 3044 modo
600 3001 678 3044 nova
710 2983 828 3044 ratione
852 2993 883 3044 et
906 2983 942 3042 de
971 2981 1152 3061 perspioillis
1183 2981 1297 3062 primus
1330 2980 1460 3042 omnium
1484 2979 1562 3059 quod

207 3067 301 3129 sciam
334 3069 411 3130 talia
440 3070 680 3152 disputaveram,
714 3090 790 3152 quae
819 3071 858 3132 ad
890 3072 968 3132 huuc
999 3090 1092 3153 usque
1130 3070 1209 3131 diem
1247 3078 1333 3130 stant
1364 3070 1559 3130 inconcussa:

207 3166 442 3220 cousentaneum
476 3167 558 3235 erat,
594 3169 626 3221 ut
659 3161 867 3234 ostenderem,
907 3159 1012 3220 eadem
1051 3159 1259 3233 fundamenta,
1297 3158 1403 3239 quibus
1437 3158 1561 3220 visionis

207 3247 326 3307 modum
352 3247 516 3327 quibusque
541 3245 778 3328 perspioillorum
808 3248 987 3327 simplicium
1011 3249 1135 3310 effectus
1166 3253 1439 3325 superstruxeram,
1471 3248 1563 3308 etiam

208 3335 420 3414 compositioni
445 3335 630 3399 diversarum
654 3337 778 3398 lentium
802 3336 1026 3416 perspicuaruur
1050 3337 1079 3396 in
1105 3355 1193 3398 uuam
1225 3335 1398 3398 arundiuem
1423 3337 1563 3398 serendae

209 3418 376 3485 sufficere:¹
401 3425 537 3505 adeoque
567 3445 603 3486 ne
628 3425 746 3505 quidem
773 3444 864 3505 posse
888 3425 951 3486 fieri
980 3425 1072 3504 (quod
1097 3423 1235 3486 veritatis
1261 3432 1467 3503 argumentum
1490 3427 1562 3499 est),

210 3519 245 3573 ut
268 3512 337 3573 aliis
371 3513 601 3594 quibuscunque
628 3513 782 3594 principiis
813 3533 902 3594 quarn
935 3513 1040 3594 quibus
1065 3532 1121 3592 ego
1145 3533 1211 3574 snm
1234 3532 1314 3587 usus,
1348 3513 1564 3574 demonstratio

212 3599 286 3660 liaeo
311 3601 499 3680 expediatur.
546 3603 593 3663 Ac
618 3620 684 3663 cum
707 3602 850 3664 Euclides
875 3601 1001 3682 Optices
1026 3603 1158 3682 speciem
1180 3601 1287 3664 fecerit
1311 3598 1563 3682 Gatoptrioen,

213 3707 290 3767 quae
315 3689 352 3750 de
376 3689 461 3752 radio
485 3709 661 3769 repercusso
685 3691 764 3769 agit,
797 3690 914 3752 nomine
948 3691 1077 3752 deducto
1102 3711 1121 3751 a
1143 3689 1304 3770 praecipuo
1327 3690 1414 3768 hujus
1446 3689 1565 3768 generis

213 3777 471 3850 machinamento,
497 3779 625 3858 speculis
650 3797 808 3860 eurumque
832 3781 907 3842 mira
931 3786 961 3840 et
979 3779 1114 3859 jucunda
1135 3779 1304 3840 varietate:
1336 3779 1374 3838 ad
1398 3779 1564 3856 exemplum

211 3865 268 3927 hoc
293 3884 359 3927 meo
394 3865 496 3929 libello
526 3875 628 3928 natum
662 3875 710 3928 est
740 3886 848 3929 nomen
875 3867 1084 3947 Dioptrioe,
1119 3867 1189 3946 quia
1220 3865 1286 3945 agit
1316 3867 1504 3945 potissimum
1529 3866 1565 3926 de

210 3954 295 4016 radio
320 3955 452 4017 refracto
478 3973 497 4016 a
519 3956 626 4017 mediis
650 3956 809 4036 pellucidis
833 3955 951 4028 densis,
975 3963 1038 4017 tam
1062 3953 1249 4016 naturalibus
1274 3953 1303 4015 in
1328 3955 1413 4021 uculo
1438 3956 1565 4016 humano

211 4061 298 4123 quam
323 4042 529 4106 artificialibus
553 4044 583 4106 in
607 4044 846 4123 perspioillorum
870 4043 1040 4118 varietate;
1069 4062 1126 4124 quo
1149 4041 1288 4122 subjecto
1317 4051 1423 4105 contra
1447 4041 1565 4122 (latop-

210 4133 325 4208 tricen,
358 4141 394 4195 ut
428 4131 545 4212 species
578 4141 684 4196 eontra
716 4133 866 4213 speciem,
901 4131 1113 4212 distinguitur,·
1142 4131 1187 4192 sic
1210 4139 1323 4207 tamen,
1352 4140 1387 4192 ut
1418 4131 1500 4212 prior
1526 4130 1568 4192 sit

211 4220 384 4301 Dioptrice,
418 4221 566 4300 posterior
590 4219 778 4300 Catoptrice‚
812 4227 975 4301 propterea
1005 4219 1084 4301 qnod
1105 4217 1283 4298 Catoptrioe
1313 4218 1393 4282 cirea
1421 4219 1567 4300 imagines
1641 4297 1644 4304 Ι

210 4316 357 4386 versetur,
382 4329 458 4390 quae
473 4309 544 4389 quid
558 4309 677 4371 omnino
693 4309 755 4371 sint
769 4311 846 4372 citra
869 4308 1072 4389 cognitionem
1091 4306 1169 4370 oculi
1185 4327 1222 4369 ex
1236 4307 1392 4388 Dioptrioe
1406 4309 1567 4389 petendam

211 4395 339 4476 intelligi
362 4396 476 4478 nequit.
1106 4449 1115 4454 .

300 4482 370 4556 Qua
393 4485 486 4546 etiam
499 4484 537 4544 de
556 4502 650 4544 causa
673 4485 781 4563 repetii
796 4486 914 4550 modum
938 4484 1064 4547 visionis
1084 4491 1115 4546 et
1130 4483 1308 4564 simplicium
1332 4483 1569 4564 perspioillorum

211 4573 346 4635 rationes
357 4592 366 4648 ;
392 4591 458 4634 cum
473 4579 507 4633 ut
520 4570 677 4650 Dioptrice
697 4573 914 4651 quodammodo
935 4575 1071 4654 perlecta
1092 4583 1182 4647 esset,
1203 4582 1267 4636 tum
1287 4573 1357 4653 quia
1379 4572 1569 4636 instrumenti

214 4661 347 4723 rationes
371 4661 411 4723 ab
435 4659 565 4722 hominis
589 4659 674 4720 oculo
699 4679 794 4722 nexae
819 4669 897 4736 suut,
923 4661 1076 4741 ipsumque
1098 4663 1329 4724 instrumentum
1354 4660 1570 4743 esimplicibus

215 4749 396 4828 pe-rspicillis
420 4747 639 4827 compositum:
665 4753 698 4807 ut
721 4748 937 4810 alterumsine
961 4749 1057 4811 altero
1082 4745 1215 4830 expediri
1238 4769 1295 4811 nou
1319 4751 1425 4831 possit.
1473 4749 1568 4812 Deni-

216 4853 271 4915 que
298 4838 367 4917 quia
391 4843 573 4900 censuemut
595 4834 697 4914 aliqui,
721 4835 751 4897 in
768 4835 885 4918 Opticis
904 4837 979 4898 haec
998 4857 1077 4900 ame
1100 4846 1289 4918 pertractata
1308 4857 1375 4901 esse
1400 4839 1554 4903 obscurius
1561 4857 1570 4913 3
