3648 5530
628 289 660 342 a
676 287 745 342 aava
763 287 918 344 museum
935 290 981 344 aa
1255 279 1261 289 “
1419 286 1488 356 ira

131 467 309 534 distantiam
337 466 482 530 vitrorum
519 475 647 546 augent,
686 487 744 548 quo
774 469 892 532 nomine
925 469 1008 532 nulla
1037 489 1166 551 uuquam
1198 469 1368 550 longitudo,
1406 469 1489 532 nulla

130 557 274 622 vitromm
303 555 451 620 distantia
480 555 616 626 omnibus
644 557 762 620 omnino
795 577 892 621 rerum
922 558 1259 639 appropinquationibus
1291 558 1411 620 suffieit.
1444 591 1489 606 -·

130 649 167 710 Iu
198 645 323 708 lentium
353 645 493 708 crassitie
527 645 601 706 nihil
636 653 685 708 est
721 646 831 720 situm,
871 648 1028 710 dummodo
1069 649 1165 728 ligura
1195 648 1234 709 sd
1265 649 1343 708 hanc
1375 655 1488 710 attem-

130 741 269 817 peretur;
307 734 364 796 boc
400 733 500 814 potius
537 733 716 798 incommodi
747 736 861 798 habent
889 755 1011 798 crassae
1040 755 1158 811 omnes,
1190 737 1267 815 quod
1290 755 1344 815 pro
1373 737 1488 798 crassi-

132 823 245 888 tudinis
268 823 396 886 modulis
420 823 512 885 etiam
537 824 633 886 luceru
657 824 803 887 imbibunt
821 844 893 888 suae
913 825 1102 889 substantiae
1127 825 1275 888 coloribus
1295 832 1327 885 st
1345 825 1488 886 tenebros-

133 915 235 978 sitate.
283 911 425 976 Ceterum
447 913 485 974 dc
509 912 657 992 politurae
682 914 789 975 effectu
811 922 884 994 puto
909 923 939 977 te
962 921 1044 976 recte
1069 913 1256 988 ratiocinari,
1292 913 1370 993 quod
1399 921 1489 976 ante-

134 1022 226 1084 quam
249 1000 402 1081 poliantur
425 1001 487 1062 sint
510 1002 642 1081 ejssdem
665 1003 825 1065 crassitiei.
861 1033 902 1046 -—
940 1003 1103 1066 Bracteola
1135 1011 1263 1065 stannea
1296 1005 1370 1065 duos
1398 1002 1491 1065 habet

132 1111 224 1156 usus:
265 1110 354 1153 uuum
384 1091 415 1152 in
439 1091 587 1164 materia,
627 1111 702 1171 quae
730 1091 832 1171 spissa
860 1091 948 1154 simul
977 1100 1025 1154 est
1053 1100 1086 1154 et
1112 1100 1211 1155 tamen
1241 1091 1358 1166 mollia,
1397 1109 1489 1171 quare

132 1183 245 1244 vitrum
278 1179 452 1242 incumbens
479 1187 578 1242 tutum
610 1187 801 1259 praestatur;
835 1182 963 1243 alterurn
987 1181 1151 1262 infigura,
1176 1182 1254 1260 quud
1278 1179 1490 1260 tegituitmm

134 1289 229 1350 usque
261 1269 302 1330 ad
334 1277 494 1348 angustum
528 1269 661 1331 foramen
695 1277 802 1334 contra
830 1270 948 1350 copiam
980 1270 1056 1333 lucia
1087 1271 1222 1332 diurnae.
1268 1269 1314 1331 At
1337 1270 1374 1331 de
1397 1277 1486 1331 nocte

132 1358 316 1422 removenda
340 1364 396 1432 est,
423 1366 456 1419 ut
479 1357 587 1420 vitrum
611 1358 704 1420 latius
727 1360 794 1438 plus
818 1360 894 1421 lucis
918 1358 1085 1439 aqnolibet
1098 1366 1209 1438 puncto
1225 1358 1343 1421 lucente
1362 1376 1489 1438 sparsae

133 1446 317 1510 admetiatur
339 1447 434 1509 oculo.
479 1447 545 1509 Hoc
568 1447 648 1510 idem
672 1448 797 1510 eandem
820 1448 858 1510 ub
881 1448 1097 1510 necessitatem
1116 1449 1180 1527 jam
1203 1468 1223 1509 a
1245 1467 1343 1509 rerum
1357 1447 1488 1527 primor-

133 1537 194 1600 dio*
208 1544 239 1598 et
261 1543 371 1598 natura
394 1543 443 1598 est
465 1537 606 1616 amplexa
636 1535 668 1598 in
700 1537 935 1602 conformatione
958 1536 1091 1617 pupillas
1120 1536 1215 1612 oculi,
1251 1555 1327 1616 quae
1359 1535 1490 1599 naturali

133 1633 216 1688 motu
240 1625 381 1688 connivet
398 1633 430 1688 et
449 1625 509 1688 soit
528 1625 566 1686 ad
585 1625 711 1688 multam
728 1627 833 1702 lucem,
859 1627 959 1690 subito
983 1625 1116 1706 patescit
1139 1627 1179 1688 ad
1197 1625 1349 1700 tenebras,
1370 1625 1399 1686 id
1422 1626 1492 1687 licet

133 1715 311 1795 experiaris,
335 1722 427 1794 capnt
446 1716 629 1776 aienestrae
653 1722 817 1796 conspectu
835 1716 874 1777 ad
893 1715 1062 1795 penetralia
1081 1715 1209 1778 obs'cora
1229 1715 1328 1795 aliquo
1342 1722 1489 1789 vertente,

134 1805 162 1866 si
186 1804 251 1883 ejus
274 1804 405 1884 pupillas
429 1804 459 1864 iu
483 1810 608 1883 utroque
632 1803 693 1866 situ
726 1804 762 1866 de
794 1804 930 1884 proximo
959 1805 1136 1885 inspexeris.
1182 1803 1284 1884 Atque
1315 1824 1353 1866 en
1383 1822 1488 1866 veruna

135 1903 228 1956 autea
251 1893 380 1966 dictum,
416 1892 506 1954 tubae
539 1893 666 1956 sormam
695 1893 767 1956 nihil
790 1893 878 1956 vitris
901 1902 956 1956 aut
985 1892 1100 1956 visioni
1122 1893 1267 1956 conterre.
1314 1893 1392 1957 Nam
1417 1891 1486 1974 quid

137 2001 172 2044 os
195 1983 296 2044 laxum
320 1981 456 2042 conferat
478 1982 594 2044 canalis
619 1983 714 2062 hujus,
740 1983 766 2044 si
789 1983 922 2046 vicissim
945 1983 1098 2062 obtegitur
1120 1983 1246 2044 bractea
1269 1982 1421 2045 stannea?

223 2072 275 2132 Ad
311 2072 392 2132 vitra
428 2070 552 2132 transis.
606 2070 733 2151 spirant
764 2079 818 2134 tua
854 2071 986 2153 vestigia
1019 2071 1116 2133 violas
1153 2089 1327 2152 quacunque
1364 2071 1489 2134 incedis.

133 2163 237 2240 Atque
261 2178 317 2239 ego
341 2167 390 2220 tot
411 2160 472 2220 tuis
496 2160 627 2234 artibus,
652 2168 699 2222 tot
722 2161 959 2236 festivitatibus,
984 2159 1092 2240 quibus
1115 2170 1199 2222 tuam
1221 2179 1397 2240 personam,
1432 2160 1490 2222 iino

138 2268 213 2312 vero
236 2249 342 2329 quibus
366 2255 448 2311 tuum
472 2267 578 2310 nomen
603 2255 743 2330 tuumque
768 2251 961 2313 vultumsub
983 2269 1115 2329 persona
1144 2250 1290 2311 latentem
1318 2248 1489 2328 depinxisti,

135 2340 166 2402 in
191 2338 321 2418 epistola
343 2337 420 2400 hunc
442 2338 665 2416 superscribam
689 2339 828 2401 titulum:
852 2340 923 2401 Hic
947 2337 1173 2402 Gratiarum
1196 2338 1364 2410 soboles,
1387 2338 1491 2416 lepos

134 2436 202 2490 est.
248 2427 421 2490 Naturae
453 2426 568 2488 simia.
622 2429 786 2507 Pegasus
823 2427 1107 2507 Philosophiae.
1167 2428 1264 2509 Lyra
1298 2426 1489 2506 Eloquen-

134 2517 224 2579 tiae.
261 2551 307 2562 —
343 2513 533 2593 Guujeoturia
570 2522 670 2578 tamen
702 2537 774 2579 usus
806 2535 862 2596 ego
896 2536 953 2578 non
986 2536 1051 2578 sum
1085 2517 1138 2578 sed
1172 2515 1489 2578 demonstrationibus.

133 2605 245 2668 Omnia
268 2604 329 2666 ista
352 2611 498 2666 constant
517 2605 613 2684 figura
636 2606 704 2667 hinc
727 2605 939 2688 hyperbolica,
968 2604 1037 2666 inde
1061 2623 1213 2667 convexa..
1252 2605 1333 2678 Adi,
1366 2603 1393 2664 si
1426 2603 1488 2664 lora

136 2693 295 2768 affulserit,
320 2711 418 2754 meam
441 2693 626 2772 Dioptriceu‚
652 2713 727 2774 quae
751 2702 888 2758 versatur
911 2695 942 2755 in
965 2695 1102 2756 manibus
1126 2692 1193 2756 Ser.
1218 2691 1369 2754 Electoris
1393 2690 1489 2754 Celb-

133 2783 256 2856 niensis,
281 2790 314 2843 et
336 2783 374 2844 ab
398 2801 434 2842 eo
458 2784 501 2843 uti
526 2786 710 2864 speret-ypo
733 2784 863 2861 publico·
877 2783 1081 2845 exornabitur.
1128 2781 1190 2844 Cur
1212 2781 1305 2860 igitur
1328 2788 1362 2842 tu
1385 2781 1488 2842 diver-

134 2891 200 2934 sum
228 2868 453 2950 deprehendisti
483 2872 514 2933 iu
548 2873 744 2934 instrumento
770 2871 926 2934 Galilaei?
973 2870 1053 2942 Quia
1086 2871 1358 2932 demonstrationes
1389 2887 1489 2930 rerum

133 2961 238 3040 apices
261 2969 482 3040 consequuntur
500 2960 716 3035 subtilissime;
740 2962 982 3024 machinamenta
1001 2969 1131 3041 possunt
1153 2978 1270 3021 rursum
1293 2967 1490 3037 prensumque

132 3050 249 3130 vagari.
296 3049 402 3128 ltaque
426 3068 514 3128 quam
538 3069 594 3128 ego
617 3051 767 3112 internam
790 3051 977 3130 superficiem
999 3049 1079 3110 volui
1102 3067 1170 3112 esse
1193 3047 1428 3130 hyperbolicam,
1453 3051 1491 3108 ea'

134 3137 272 3202 Galilaei
293 3138 490 3199 instrumento
516 3138 571 3200 fuit
594 3139 725 3200 exterior
748 3140 942 3213 convexitas3
964 3138 1100 3200 vicissim
1115 3155 1204 3218 quam
1228 3153 1285 3216 ego
1309 3136 1491 3210 exteriorem

132 3229 225 3309 posui
249 3227 483 3299 convexitatem,
507 3247 544 3291 ea
568 3227 625 3289 fuit
645 3226 785 3290 Galilaeo
809 3228 934 3290 interior
951 3227 1101 3306 planities.
1140 3223 1259 3288 Causas
1283 3225 1492 3286 diversitatum

130 3317 259 3380 reddam
282 3335 396 3377 omnes.
443 3315 573 3378 Primum
597 3317 772 3396 ignorabam
796 3321 886 3392 tnnc,
919 3317 997 3398 quod
1025 3317 1092 3395 jam
1123 3324 1173 3377 est
1197 3316 1434 3377 demonstratum
1458 3315 1489 3375 in

130 3404 303 3486 Dioptrice,
333 3403 410 3466 situs
433 3405 653 3484 aequipollere,
688 3425 744 3468 nec
772 3406 920 3468 iuteresse
943 3415 1012 3468 utra
1035 3403 1209 3484 superficies
1231 3405 1395 3466 introrsum
1417 3421 1489 3464 vcr-

131 3503 216 3557 tatur
240 3503 457 3556 extrorsumve.
497 3494 614 3556 Deinde
637 3495 823 3573 ignorabam,
848 3495 1047 3556 retractiones
1070 3493 1141 3555 vitri
1164 3494 1211 3554 vel
1235 3492 1372 3574 crystalli
1397 3509 1491 3571 usque

133 3585 172 3644 ad
197 3583 382 3646 tricesimum
406 3583 532 3661 gradum
554 3583 755 3645 inclinationis
787 3586 827 3645 ad
860 3603 980 3646 sensnm
1005 3583 1206 3664 aequipollere
1230 3580 1471 3643 inclinationibus
1480 3598 1489 3653 ;

133 3672 193 3734 hoo
217 3671 367 3751 posterius
391 3672 429 3732 ab
454 3671 639 3751 experientia
664 3674 719 3736 luit
741 3674 945 3736 mutuandum.
992 3673 1059 3734 Hoc
1092 3690 1163 3734 vero
1194 3671 1317 3731 obtento
1346 3668 1489 3748 sequitur,

137 3760 337 3843 hyperbolem
357 3759 397 3822 ad
416 3779 536 3822 sensum
555 3762 629 3824 nihil
648 3763 801 3826 differres
819 3782 950 3824 convexo
973 3761 1131 3842 sphaerico
1156 3760 1184 3820 iu
1200 3766 1288 3820 tauta
1311 3756 1490 3819 subtilitate.

133 3849 217 3922 Quid
241 3849 331 3929 igitur
354 3849 521 3929 planities?
568 3849 662 3928 Quia,
687 3853 764 3932 quod
788 3860 946 3930 cognatum
971 3859 1020 3912 est
1047 3851 1157 3929 primo,
1189 3848 1383 3928 ignorabam,
1416 3863 1491 3907 con-

131 3939 288 4002 vexitates
312 3939 467 4020 utriusque
491 3941 659 4019 superficiei
690 3959 781 4020 posse
814 3941 994 4002 accumulari
1017 3939 1048 4001 in
1071 3957 1180 4009 unam,
1213 3937 1329 4016 reliqua
1350 3942 1490 3996 manente

130 4031 236 4110 plana.
284 4025 420 4098 Quarto:
444 4029 474 4090 in
499 4029 668 4091 institutam
692 4030 772 4090 hanc
795 4029 1012 4102 subtilitatem,
1037 4035 1071 4088 nt
1102 4026 1212 4086 vitrum
1243 4023 1376 4086 exterius
1409 4029 1492 4084 esset

130 4119 261 4180 circuitu
285 4113 340 4180 30‘
370 4135 536 4180 convexum
565 4127 641 4193 eta,
676 4137 724 4179 me
746 4118 802 4179 hoo
825 4117 962 4192 induxit,
992 4116 1068 4197 quod
1093 4116 1218 4188 scirem,
1252 4113 1362 4174 vitmm
1385 4117 1491 4174 'cavum

129 4209 306 4288 ponendum
329 4225 473 4269 essenon
498 4207 586 4284 longe
606 4229 625 4268 a
642 4227 789 4269 concursu
812 4207 981 4279 radiorum
1006 4223 1075 4266 nam
1095 4205 1140 4266 sic
1163 4201 1302 4265 instituta
1326 4201 1491 4274 subtilitas,

131 4317 168 4359 ao
192 4297 220 4358 si
244 4298 277 4358 in
300 4295 454 4374 ipsissimo
482 4303 592 4374 puncto
623 4315 785 4358 concursus
816 4296 1022 4357 collocandum
1051 4299 1134 4354 esset
1160 4293 1289 4365 vitmm,
1323 4291 1401 4370 quod
1429 4289 1492 4351 lieri

132 4406 190 4448 uon
217 4391 334 4465 potest.
382 4383 458 4446 Cum
482 4404 553 4462 ergo
578 4385 692 4446 distare
721 4385 831 4446 debeat
859 4403 964 4446 cavum
998 4382 1036 4444 ab
1070 4382 1126 4443 boc
1155 4381 1304 4442 radiorum
1337 4397 1491 4452 concursu,

127 4475 196 4554 jam
221 4475 316 4553 igitur
340 4474 436 4534 uronis
459 4475 514 4536 illa
538 4471 670 4535 fabricae
694 4493 779 4535 meae
804 4473 974 4545 subtilitas,
1007 4493 1026 4532 a
1048 4489 1095 4532 mc
1120 4469 1296 4532 meticulose
1319 4469 1492 4542 observata,
1599 4479 1604 4490 ·

131 4563 221 4625 irrita
243 4561 392 4636 sllicitum
417 4563 475 4624 etsi
500 4563 524 4622 si
549 4563 761 4624 observaretur
784 4583 842 4623 uon
866 4560 1027 4640 impediret
1050 4561 1208 4633 effectum,
1235 4558 1359 4637 juvaret
1381 4558 1492 4637 potins.

131 4653 220 4714 Hanc
244 4653 347 4731 itaque
371 4651 495 4730 plagam
520 4669 577 4712 non
603 4652 778 4723 declinabo;
802 4657 885 4712 recte
909 4649 1014 4712 sentis.
1063 4650 1131 4711 b'on
1155 4653 1273 4708 tantum
1297 4655 1331 4708 tu
1355 4648 1384 4708 in
1400 4645 1492 4708 Gali-

132 4740 195 4802 laei
219 4742 418 4803 instrumento
443 4741 556 4802 frustra
580 4739 797 4802 consectareris
821 4740 933 4819 gradus
958 4747 989 4799 et
1012 4737 1147 4812 minuta,
1177 4735 1248 4817 quia
1272 4735 1431 4798 Galilaeus
1449 4736 1494 4796 *ad

133 4847 290 4893 numemm
315 4829 547 4908 nou'respexit,
581 4831 634 4890 sed
666 4829 869 4892 mechanicam
903 4826 1140 4906 explorationem
1169 4825 1346 4905 magistram
1380 4825 1493 4897 habuit,
