3476 5532
366 289 430 362 788
854 290 896 344 De
912 288 1034 345 uuerco
1051 290 1078 342 ln
1096 285 1154 342 Sale
1171 289 1229 378 ricc¹

250 526 252 542 ,
364 481 417 528 tam
434 485 553 541 magnum
571 469 626 522 init.
662 467 693 522 In
710 469 786 522 reteri
803 467 871 523 Urbe
889 495 921 506 -
934 471 1032 538 Pragae
1045 497 1074 506 —
1096 469 1158 540 hora
1175 463 1244 534 t¹l,;
1264 467 1366 518 minori:
1385 472 1444 532 poet
1459 465 1530 520 herae
1546 465 1562 518 2
1576 467 1597 518 in
1610 465 1663 529 nul:

369 545 469 626 majus
493 544 645 607 defluebat
667 543 752 624 quasi
776 564 795 606 a
818 541 862 608 30
883 544 992 625 pedum
1016 541 1174 606 altitudine
1198 547 1252 604 aut
1269 541 1347 622 plus.
1386 541 1533 603 Foramen
1553 540 1663 615 incudm

366 637 455 700 eredo
478 633 573 697 lubae
602 631 747 712 plurimas
779 633 939 714 oblongae,
972 652 1048 715 qnae
1078 651 1173 696 cauea
1195 632 1254 693 luit
1274 648 1327 692 cur
1349 629 1470 692 macula
1497 629 1664 709 (magnitudine

365 743 478 808 parvae
509 722 645 796 muscae)
677 729 761 784 esset
790 722 886 786 diluta
915 723 1013 786 instar
1042 741 1129 786 rarae
1160 719 1258 786 nubis.
1313 719 1402 782 Talia
1433 719 1529 784 multa
1556 719 1665 798 explomi

366 815 536 888 schamata3
569 809 669 874 omnia
699 810 852 874 habebant
883 812 973 874 istam
992 811 1150 875 maculam
1182 817 1303 890 praeter
1325 829 1379 882 aa,
1412 827 1490 889 qnae
1514 817 1590 873 erant
1610 807 1666 867 valle

368 905 467 967 clara:
492 900 523 962 in
546 899 586 962 iis
606 899 719 962 nnllam
743 901 803 963 vidi
826 903 993 974 maculam,
1023 901 1096 983 quia
1116 900 1262 974 foramine
1295 899 1382 961 nimia
1411 915 1522 978 magno
1543 915 1591 958 non
1610 897 1667 956 hela

366 989 540 1056 intersectio
569 989 719 1052 radiorum
747 989 907 1054 sufficiens.
956 990 1086 1054 Schema
1106 991 1212 1052 'minua
1244 988 1349 1051 incidit
1371 989 1401 1050 in
1426 1005 1567 1069 papyrum
1589 987 1667 1048 circiter

369 1075 410 1146 lt
432 1081 537 1162 pedes.
584 1081 618 1142 In
643 1099 677 1140 eo
709 1081 827 1166 macula
859 1089 925 1152 erat
957 1099 1014 1142 uno
1046 1079 1180 1160 margine
1212 1079 1301 1140 valde
1333 1076 1421 1158 nigra
1448 1077 1497 1160 vel
1524 1077 1667 1138 umbrosae

367 1171 482 1248 recisa,
514 1188 552 1232 ex
584 1167 713 1230 adversa
749 1169 856 1254 plaga
876 1169 966 1250 paulo
1005 1169 1136 1234 dilutior.
1192 1169 1274 1250 Apte
1307 1165 1557 1248 repraesentabat
1581 1185 1668 1227 nacrrn

367 1260 505 1344 pulicem.
551 1258 697 1320 Foramen
729 1260 885 1331 rotundum
914 1259 972 1322 luit
1001 1259 1087 1341 quasi
1117 1252 1167 1342 Ἰ..
1199 1257 1318 1340 pollicis
1340 1256 1371 1318 in
1401 1254 1559 1320 diametro.
1584 1262 1668 1326 (tica

368 1351 392 1402 d.
411 1346 510 1416 Pragae
528 1345 552 1397 d.
573 1345 597 1397 5.
616 1348 676 1410 Apr.
697 1343 773 1397 1608.
811 1345 896 1413 comp.
917 1347 973 1414 0pt.
993 1365 1017 1414 p.
1038 1345 1072 1397 60
1089 1347 1136 1406 aa.)
1206 1383 1210 1394 .
1468 1346 1479 1416 '¹

456 1419 540 1469 Bran
547 1432 668 1484 ggerua
687 1419 811 1483 respondit
829 1416 1003 1481 (Kaulbnrnae
1022 1417 1047 1468 8.
1068 1419 1121 1468 Cal.
1146 1418 1205 1468 Jun.
1227 1414 1302 1467 1608.
1340 1416 1425 1480 Comp.
1445 1415 1464 1464 l.
1485 1431 1506 1466 c.
1526 1431 1548 1481 p.
1566 1411 1616 1478 iil:
1635 1416 1668 1464 Gn

369 1491 490 1544 decimum
509 1490 568 1540 mihi
587 1490 675 1546 iecisti.
695 1491 759 1554 quod
771 1494 933 1555 apparentiae
945 1492 1060 1542 Mercurii
1071 1490 1137 1540 inira
1150 1487 1231 1540 Solem
1250 1489 1440 1539 delineationem
1454 1487 1515 1536 mihi
1527 1488 1669 1537 comnmicau

369 1563 467 1630 Magini
485 1561 660 1625 Ephemaridea
679 1563 877 1625 coniunctionem
895 1563 962 1614 illam
985 1566 1081 1627 integro
1101 1562 1140 1612 die
1158 1562 1255 1611 iaciunt
1278 1561 1427 1611 tardiorem:
1457 1559 1516 1624 quin
1534 1559 1620 1609 eaedem
1633 1559 1669 1607 lle

369 1637 464 1688 curium
482 1633 579 1684 iactum
597 1632 747 1691 munem,
772 1649 844 1699 quam
862 1641 907 1685 tna
925 1635 1061 1686 absumtis
1087 1635 1211 1684 convincit
1234 1634 1309 1684 iubae
1331 1624 1458 1682 borealem
1477 1631 1510 1680 ab
1527 1631 1670 1694 eclipu'cvh

370 1722 417 1774 qno
435 1705 517 1757 ridere
536 1708 589 1766 att,
609 1711 729 1770 qnantum
754 1705 869 1758 aberrent
886 1713 939 1758 mm
958 1707 1091 1756 uncnomi
1108 1706 1135 1754 in
1154 1712 1283 1768 computo,
1308 1717 1382 1770 quarn
1408 1701 1529 1767 utrolcgi
1544 1703 1568 1752 in
1582 1701 1670 1764 indura

369 1777 551 1830 directionibus.
589 1774 640 1828 Sed
659 1777 700 1840 qni
718 1776 812 1828 facum
827 1779 877 1835 ¹eit,
906 1785 934 1828 nt
951 1780 976 1828 in
995 1778 1121 1843 pmterion'
1139 1777 1307 1827 alienatione
1325 1773 1425 1848 macula
1442 1771 1560 1824 Mercurii
1574 1775 1670 1837 haurne

373 1852 454 1902 altera
471 1855 541 1912 parte
560 1848 686 1898 amoenior
704 1857 730 1897 et
747 1849 852 1914 nigrior.
872 1849 951 1899 altera
970 1850 1067 1899 dilutior
1085 1849 1241 1913 apparuerit,
1267 1861 1369 1900 causam
1394 1848 1542 1908 conjectura
1558 1847 1634 1908 nasequ
1645 1860 1670 1891 u:

370 1922 460 1973 valeo:
480 1933 559 1986 nequa
579 1921 643 1968 enim
663 1919 751 1978 credo,
770 1920 867 1970 atellam
886 1919 1002 1971 Mercurii
1020 1921 1101 1971 altera
1118 1925 1188 1984 parta
1207 1920 1352 1976 dandonem,
1371 1915 1453 1968 altera
1472 1917 1584 1967 rariorem
1599 1930 1642 1965 eae
1654 1940 1670 1949 -

370 1993 418 2044 Hic
437 1987 527 2042 obiter'
541 1991 600 2040 mihi
628 1991 734 2042 occumit
759 1993 961 2053 memorandum,
987 1993 1051 2058 quod
1075 1991 1125 2058 legi
1152 1991 1218 2055 apud
1235 1989 1369 2041 Reinernm
1387 1985 1569 2040 Sclenandrnm
1584 1987 1668 2038 Medica.

370 2077 476 2186 tlt.
490 2057 1099 2198 :llutttttit.ittl.t'tt’t
1112 2059 1667 2197 lllmllfflddff'vssblssillt

371 2207 412 2258 ille
430 2218 507 2256 senex
524 2206 642 2268 deceptus
660 2205 750 2254 inerit:
769 2215 828 2256 nam
846 2207 928 2256 ridere
946 2221 995 2255 non
1013 2221 1126 2271 possum,
1144 2206 1264 2269 quomodo
1282 2205 1380 2254 lixirum
1403 2209 1505 2266 tempus
1522 2199 1567 2254 liae
1583 2212 1667 2252 monmn

254 2331 258 2340 ,
371 2279 456 2344 poscit.
480 2290 527 2331 nec
545 2277 566 2326 ia
584 2275 681 2326 modum
700 2277 874 2328 obaenauonis
892 2278 989 2328 additit
1026 2279 1158 2328 Plurimum
1176 2277 1298 2326 conterret
1315 2275 1362 2326 hoc
1380 2275 1515 2326 artificium
1533 2275 1565 2325 ad
1585 2272 1666 2338 capienti

372 2349 524 2400 diliemntiae
541 2347 701 2414 longitudinis
719 2348 835 2410 loccrnnr,
853 2351 874 2400 ai
892 2352 946 2412 ejus
964 2355 1034 2400 certa
1050 2350 1113 2400 ratic
1131 2349 1217 2400 haberi
1234 2355 1325 2413 maaet.
1344 2373 1380 2384 -

463 2417 695 2484 christophoro
720 2420 861 2471 Basoldo
881 2419 971 2486 (comp.
991 2421 1050 2486 Opt.
1067 2437 1092 2486 p.
1112 2415 1158 2481 35)
1176 2419 1222 2470 has
1241 2421 1309 2470 dedit
1327 2419 1449 2484 Koplarns
1468 2419 1563 2474 literar,
1583 2419 1606 2466 in
1620 2415 1664 2479 quic

358 2492 468 2543 'addans
494 2489 687 2541 observationem
712 2505 782 2541 auam
800 2493 826 2541 in
844 2492 918 2550 Sole,
936 2492 1097 2545 Maertllnum
1122 2507 1223 2556 sagnam
1241 2493 1266 2540 in
1284 2489 1412 2542 scribendo
1438 2488 1533 2556 (comp.
1558 2487 1608 2554 Opi.
1623 2503 1639 2551 p.
1651 2487 1663 2531 li

373 2565 405 2616 ad
424 2562 607 2628 responsionem
624 2562 748 2626 Mpellsre
767 2565 850 2614 studet
867 2579 915 2615 nec
933 2579 982 2614 nen
1001 2565 1123 2628 quaedam
1142 2563 1211 2612 addit
1229 2577 1292 2628 quae
1312 2564 1344 2614 ad
1360 2563 1438 2613 ritem
1456 2565 1535 2628 ipsine
1551 2561 1652 2626 pertinent

462 2633 639 2698 Clarissima
662 2635 790 2698 Domine
813 2635 944 2713 Ductor,
977 2637 1071 2732 amice
1101 2635 1196 2696 veteri
1228 2633 1300 2736 mihi
1325 2633 1553 2724 ¹necessitudine
1580 2632 1677 2722 sunjon,

372 2725 510 2794 tissime„
929 2770 934 2778 ,
1674 2733 1676 2790 i

463 2813 539 2904 Gom
562 2813 764 2894 praesentium
792 2813 946 2876 exhibitor
963 2813 1097 2876 loannes
1122 2810 1272 2892 Georgius
1294 2812 1443 2876 Polzius
1467 2811 1528 2876 iter
1550 2817 1621 2874 esset
1637 2827 1669 2868 er:-

374 2913 515 2987 eepturna
539 2903 790 2982 Argentoratum,
816 2903 1016 2984 significasset
1040 2921 1129 2976 vero,
1154 2920 1188 2962 se
1213 2901 1405 2965 constituisse
1430 2901 1595 2982 Tubingam
1614 2897 1662 2960 adirr

374 3015 434 3060 non
464 3002 531 3056 erat
561 2992 632 3054 mihi
663 2993 911 3074 praetercundum
935 3013 1000 3056 cunr
1032 2991 1126 3072 ipsius
1155 3000 1217 3071 mm
1240 3001 1271 3054 et
1300 2993 1396 3070 nostri
1425 3011 1540 3064 causa,
1572 2986 1664 3070 quiuh

375 3084 532 3148 occasione
556 3081 595 3143 ad
617 3089 648 3143 te
672 3083 843 3146 scriberem.
862 3130 866 3137 .
887 3084 979 3144 Pater
1003 3081 1081 3144 enim
1104 3081 1306 3143 adolescentis
1327 3079 1463 3143 Joannes
1487 3081 1610 3154 Polnins,
1630 3074 1668 3138 Ca

376 3174 455 3236 saris
479 3170 678 3234 consiliarius
703 3181 734 3234 et
756 3172 786 3232 in
809 3191 929 3234 camera
956 3171 1053 3234 aulica
1076 3170 1264 3234 Secretarius
1287 3171 1461 3252 primarius,
1498 3190 1546 3232 me
1568 3167 1667 3248 plutini:

375 3261 492 3341 diligit:
524 3267 621 3321 mater
652 3277 724 3324 vero
751 3267 782 3322 et
811 3268 878 3324 tota
909 3261 1024 3340 reliqua
1056 3259 1169 3322 familia
1191 3259 1309 3340 Pragae
1332 3258 1516 3322 Austriaoaa
1549 3253 1664 3336 elegantia·

375 3349 582 3414 urbanitatem
605 3367 775 3429 morumque
808 3350 998 3413 honestatem
1021 3349 1213 3430 profitentur,
1247 3349 1322 3412 adeo
1347 3357 1388 3424 ut,
1413 3350 1440 3412 ai
1464 3349 1536 3429 quid
1559 3347 1619 3410 olim
1635 3359 1667 3421 pa·

377 3441 493 3516 fecero,
526 3456 625 3517 aquo
658 3439 775 3518 quidem
801 3440 866 3518 jam
899 3441 987 3520 longe
1020 3437 1143 3514 absum,
1175 3438 1207 3500 id
1236 3437 1304 3500 hnic
1336 3439 1468 3506 familiae
1498 3438 1540 3500 sit
1570 3439 1668 3512 acceptu

378 3528 542 3592 ferendum.
578 3528 745 3589 Praeterea
755 3528 788 3590 in
808 3528 991 3590 difficillimis
1014 3528 1087 3590 meis
1106 3527 1235 3608 negotiis
1258 3545 1376 3607 semper
1398 3527 1471 3590 mihi
1491 3528 1540 3589 hic
1556 3527 1584 3588 in
1603 3535 1668 3603 pron!l

377 3626 448 3683 sunt
470 3617 584 3698 optima
608 3615 742 3686 consilia,
765 3635 820 3680 nec
844 3617 947 3702 obstat
968 3618 1040 3680 mihi
1063 3617 1112 3679 vel
1135 3618 1177 3678 rel
1202 3617 1385 3679 domesticae
1416 3616 1550 3680 tenuitas
1576 3613 1617 3674 rel
1633 3625 1668 3669 cu·

267 3785 274 3792 .
378 3707 452 3771 ditio
483 3707 607 3770 inferior
630 3707 711 3780 (cnm
734 3707 763 3768 in
792 3707 933 3769 nobilium
956 3707 1014 3787 ipsi
1044 3725 1165 3768 numero
1196 3706 1398 3784 habeantur),
1433 3726 1491 3788 quo
1524 3706 1612 3770 minus
1634 3698 1669 3759 lii-*³

378 3797 452 3862 milri
482 3795 599 3878 quoties
629 3797 698 3858 volo
721 3793 760 3861 ad
783 3796 865 3878 ipsos
897 3804 1004 3877 pateat
1038 3795 1149 3858 aditus.
1196 3796 1303 3877 Itaque
1327 3799 1373 3858 te'
1387 3795 1478 3859 etiarn
1513 3788 1669 3877 aceresia:

379 3905 469 3966 rogo,
502 3893 537 3948 ut
559 3886 585 3948 si
609 3885 678 3967 quid
711 3886 789 3966 apud
813 3894 843 3947 te
867 3888 950 3948 valet
982 3885 1144 3948 etiamnum
1176 3892 1262 3947 vetus
1292 3886 1345 3947 illa
1376 3893 1483 3950 nostra
1514 3881 1614 3947 notitia
1629 3885 1666 3938 ur

380 3976 450 4057 quid
481 3973 553 4036 mihi
585 3976 633 4037 vel
662 3975 816 4055 praesenti
844 3975 1032 4039 tribuendum
1065 3974 1234 4052 censueris,
1269 3975 1299 4036 id
1330 3976 1359 4038 in
1392 3975 1469 4040 hunc
1502 3975 1669 4037 adolescere:

379 4063 528 4128 cumulate
552 4065 698 4128 conferas.
744 4064 884 4146 Inprimis
907 4065 990 4128 illum
1013 4065 1149 4128 Dominis
1172 4063 1396 4128 Professoribus
1414 4065 1514 4140 duria,
1540 4062 1573 4130 D.
1585 4061 1617 4122 D.
1633 4053 1669 4115 lli·

378 4155 453 4233 giro,
476 4153 694 4234 Harpreehtio,
720 4155 795 4218 meis
817 4164 851 4216 ut
874 4173 961 4235 spero
985 4154 1168 4230 fautoribus,
1193 4155 1378 4237 ceterisque,
1404 4154 1451 4236 qui
1477 4173 1515 4216 ex
1538 4171 1590 4233 qno
1609 4145 1670 4207 achil5

378 4250 598 4316 successerunt,
622 4243 666 4306 ita
684 4245 881 4318 commendes,
906 4251 939 4306 ut
957 4252 1074 4325 promte
1096 4254 1127 4307 et
1145 4243 1269 4306 comiter
1284 4245 1322 4306 ab
1341 4244 1414 4326 iptla
1438 4243 1598 4324 excipiatur
1615 4243 1670 4326 ltili

379 4334 455 4396 hanc
479 4351 517 4394 ex
538 4331 645 4395 itinere
670 4332 865 4396 deflexionem
889 4334 1001 4395 frusta
1024 4333 1198 4397 instituerit.
1242 4331 1332 4404 Quod
1354 4341 1488 4396 nostram
1513 4331 1612 4394 attinet
1628 4337 1670 4382 aur-

378 4421 491 4496 citiam,
515 4421 598 4483 illam
615 4421 660 4483 his
680 4423 813 4502 significo
836 4421 963 4503 pristino
988 4423 1066 4502 apud
1084 4442 1130 4486 me
1148 4423 1215 4486 loco
1238 4441 1316 4486 esse.
1354 4421 1416 4486 Sed
1434 4429 1483 4486 est
1505 4419 1669 4508 quotquot

378 4511 531 4592 negotium
552 4529 651 4576 meum
675 4511 846 4592 eclipticum
869 4511 913 4574 ita
936 4511 1100 4575 oscitanter
1122 4531 1141 4573 a
1165 4520 1195 4574 te
1218 4520 1376 4593 exceptum
1400 4511 1533 4586 (nescius
1555 4527 1587 4570 an
1606 4498 1669 4564 ucho

379 4602 543 4676 curatum),
576 4607 609 4662 ut
632 4619 668 4662 ne
697 4601 815 4681 quidem
844 4601 1043 4683 responderis.
1090 4600 1156 4682 Ego
1179 4621 1250 4664 vero
1273 4609 1304 4664 te
1327 4600 1429 4664 libello
1452 4602 1490 4663 de
1514 4598 1602 4664 Stella
1619 4591 1669 4650 lore

380 4689 458 4767 quod
480 4688 654 4751 monstratis
682 4689 728 4753 his
757 4690 854 4753 literis
876 4713 895 4752 a
916 4691 1080 4757 Maestlino
1106 4699 1237 4771 repetes.
1284 4690 1413 4772 Scripsit
1440 4689 1518 4752 enirn
1539 4677 1669 4751 starent-

381 4777 475 4839 tensis
498 4777 671 4860 bibliopola
695 4799 728 4840 se
744 4781 821 4859 apud
841 4780 925 4843 illum
945 4783 1020 4862 qriae
1040 4781 1190 4860 jusseram
1214 4779 1396 4861 exemplaria
1419 4778 1594 4861 deposuisse.
1617 4765 1670 4838 biti

383 4869 482 4926 antem
505 4866 596 4944 juxta
626 4867 722 4948 ipsum
753 4869 867 4931 salutes
890 4877 923 4932 at
944 4877 1067 4952 propter
1091 4871 1187 4936 Deum
1209 4888 1293 4946 orer,
1318 4869 1361 4934 uti
1385 4870 1423 4934 ad
1445 4887 1540 4932 meam
1561 4855 1668 4946 epistolii
