3648 5530
315 267 382 346 482Ι
405 271 411 276 ’
738 277 839 328 Litcrae
856 274 959 342 Kspieri
978 277 1128 343 aberamque
1144 283 1247 331 mutuae

317 461 357 510 'l'u
374 471 441 516 rere.
461 457 501 523 qui
525 452 616 522 optime
633 455 660 506 in
677 461 723 506 tna
740 454 832 520 Optiea
850 451 1003 520 (Dioptriee)
1025 457 1156 520 perspioilli
1182 457 1305 508 radonem
1326 437 1427 511 rieures.¹
1440 467 1534 519 quaeso
1552 453 1670 520 mpeude

324 531 383 598 qnid
399 532 485 580 sentb.
523 529 698 592 symmetriam
716 529 782 578 enim
800 543 845 578 son
863 529 949 592 praxin
968 529 1123 578 comanendi
1141 543 1190 578 non
1208 529 1305 578 invenio
1324 541 1341 578 a
1358 533 1384 576 te
1402 527 1529 576 madium.

414 609 739 672 semisupinus:
781 601 930 664 Judicium
955 619 1050 662 meum
1074 601 1193 680 expetis
1217 601 1254 661 de
1279 599 1338 660 tuis
1368 599 1488 660 studiis.
1542 597 1673 677 Egregia

326 691 395 771 quin
418 690 514 752 dicam
537 689 610 750 nihil
634 690 662 750 in
687 709 771 752 mora
803 699 869 762 est,
903 709 970 752 cum
1002 689 1109 749 iisdem
1141 697 1172 750 et
1203 688 1268 768 ipse
1306 688 1498 749 adhaeream.
1557 686 1672 748 Vereor

319 789 422 842 tamen
446 787 480 840 nt
504 785 603 840 actum
628 797 704 858 agas
727 779 757 838 in
781 779 899 840 theoria
911 779 1041 842 Jovialis
1055 777 1171 838 Mundi.
1220 775 1378 838 Galilaeus
1403 775 1480 837 enim
1500 775 1566 856 jam
1588 776 1672 836 nobis

319 867 538 947 Ephemeridas
563 887 615 928 seu
639 867 734 929 mavis
753 867 923 945 Ephoridas
947 866 1074 948 prodere
1098 865 1212 946 incipit.
1260 864 1322 927 Sed
1345 859 1466 945 privata
1489 863 1596 944 cuique
1620 885 1673 927 sua

319 955 498 1018 exercitatio
514 975 662 1036 nunqnam
678 955 801 1030 inutilis,
823 975 941 1037 semper
951 954 1094 1036 jucunda.
1135 955 1238 1016 Macte
1254 952 1345 1034 igitur
1360 953 1417 1016 hac
1432 951 1582 1014 industria
1596 961 1671 1015 esto.

404 1044 613 1124 Perspicillum
637 1053 726 1124 optas
755 1053 858 1124 aptum
882 1046 998 1108 duobus
1021 1043 1115 1105 oculis
1139 1050 1171 1104 et
1194 1063 1213 1103 a
1236 1061 1282 1104 me
1307 1042 1497 1104 fabricatum.
1544 1041 1672 1104 Difficile

315 1141 388 1213 puto
399 1152 409 1206 ς
434 1139 555 1194 tentare
579 1135 664 1211 coepi
680 1142 750 1194 ante
765 1133 926 1196 biennium.
965 1135 1131 1212 Postquam
1146 1133 1224 1194 enim
1243 1132 1399 1211 capsulam
1424 1131 1562 1192 exhibuit
1585 1151 1672 1192 arcu-

319 1222 411 1284 larius
449 1223 566 1300 qualem
599 1223 872 1303 praescripseram,
907 1223 973 1284 visa
1005 1229 1053 1282 est
1084 1221 1269 1300 muscipulae
1302 1221 1428 1300 figuram
1464 1227 1556 1280 nacta
1588 1240 1673 1296 esse3
1773 1243 1776 1248 ·

317 1310 419 1372 iecisti
443 1309 535 1390 igitur
562 1330 599 1372 ne
630 1330 728 1372 essem
753 1311 925 1374 deridiculo.
972 1311 1020 1372 Ac
1053 1308 1111 1370 etsi
1143 1311 1288 1370 faciamus
1322 1310 1441 1388 qualem
1476 1318 1584 1388 optas,
1617 1329 1674 1370 non

317 1399 376 1460 erit
398 1407 472 1478 apta
495 1399 662 1479 promiscue
686 1401 824 1470 omnibns
848 1419 903 1462 nec
927 1417 1045 1478 semper
1068 1398 1175 1460 eidem.
1214 1397 1364 1460 Crescunt
1386 1397 1523 1458 homines
1547 1398 1575 1458 in
1602 1397 1674 1458 lati-

225 1535 231 1549 .
318 1487 569 1566 tudinem'usque
594 1489 633 1549 ad
657 1497 832 1567 provectam
856 1496 997 1550 aetatem.
1042 1487 1118 1548 Turn
1143 1495 1244 1548 antem
1268 1487 1431 1548 difficultas
1459 1485 1609 1558 maxima,
1628 1495 1676 1547 ιιιι

320 1577 396 1638 dnos
420 1576 508 1637 tubos
542 1577 677 1654 ejusdem
708 1579 833 1640 effectus
863 1578 892 1638 iu
916 1578 1032 1650 colore,
1059 1576 1145 1654 copia
1169 1575 1288 1636 luminis
1313 1584 1344 1636 et
1368 1575 1540 1654 quantitate
1564 1574 1676 1654 speciei

317 1684 537 1744 comparemus.
584 1665 618 1728 Si
642 1666 765 1727 minima
784 1665 997 1744 discrepantia,
1023 1672 1136 1743 quanta
1159 1664 1389 1726 incommoditas
1413 1665 1442 1723 in
1467 1665 1536 1725 usu!
1577 1663 1675 1726 Credo

321 1762 432 1828 tamen,
458 1753 486 1815 si
509 1754 668 1832 diligentia
697 1755 843 1822 accedat,
875 1755 1070 1834 aliqnousquc
1099 1754 1266 1832 promoveri
1299 1773 1373 1833 opus
1396 1772 1486 1832 posse
1511 1772 1566 1814 usu
1590 1754 1676 1814 unius

321 1841 450 1906 convexi
482 1842 512 1904 in
546 1843 690 1904 arundine
724 1843 882 1904 admodum
916 1844 1006 1922 longa
1038 1842 1219 1921 duorumque
1254 1860 1415 1916 cavornm;
1457 1860 1513 1902 nec
1550 1842 1676 1903 multum

136 1921 145 1932 ⁸
249 1965 251 1968 ·
316 1931 488 1993 'nocituram
517 1931 727 2010 obliquitatem
756 1932 883 1992 convexi
913 1931 1063 1993 tantulam
1093 1931 1131 1992 ad
1164 1949 1249 1992 cava.
1323 1936 1356 2001 (u
1384 1939 1461 1989 literis
1492 1939 1516 1988 d
1546 1937 1628 1989 Linoii
1652 1938 1677 1988 d.

322 2015 363 2067 lb.
383 2017 446 2068 Dec.
467 2015 557 2080 11113).

417 2087 554 2153 Sequentes
573 2089 685 2140 Pisani
703 2089 791 2140 literae
810 2089 885 2140 datae
898 2095 956 2139 suut
970 2091 1022 2140 sine
1036 2089 1076 2139 die
1089 2095 1115 2138 et
1126 2089 1188 2146 loco,
1208 2102 1302 2154 eaeque
1314 2087 1377 2138 haec
1397 2086 1513 2138 exhibent
1530 2089 1678 2152 praemissas

328 2159 431 2223 Kepleri
449 2160 533 2210 literas
555 2163 713 2224 spectantia:
733 2160 804 2221 Quod
823 2163 892 2219 dicis,
911 2161 976 2225 quod
998 2163 1096 2220 vereris,
1116 2160 1180 2224 quod
1204 2165 1286 2210 actum
1312 2172 1386 2224 agam
1405 2161 1430 2209 in
1449 2160 1561 2210 theorica
1577 2161 1679 2211 ionalis

327 2237 416 2287 motus,
437 2232 510 2306 crede
527 2233 562 2280 nil
580 2233 669 2281 minus.
696 2231 762 2281 Nam
781 2247 827 2298 ego
846 2233 968 2283 delineari
985 2232 1096 2282 theorica
1108 2232 1174 2283 Jorie
1193 2233 1219 2280 in
1230 2245 1277 2282 sna
1295 2231 1388 2280 orbium
1406 2233 1551 2294 symmetria
1569 2239 1595 2282 et
1612 2233 1679 2282 eirea

323 2301 470 2352 diametrum
496 2303 599 2366 epicycli
624 2303 705 2353 addidi
734 2305 867 2360 circulum,
895 2305 920 2353 in
939 2319 986 2368 que
1011 2309 1116 2367 quatuor
1144 2317 1241 2352 enonas
1266 2304 1334 2352 circa
1350 2302 1439 2352 Jororn
1462 2303 1572 2354 satellib'i
1601 2305 1678 2354 instar

318 2372 433 2422 incedere
452 2385 483 2422 ac
506 2379 574 2424 stare
600 2374 704 2424 delineo.
743 2375 776 2424 Et
793 2376 829 2425 sic
855 2377 931 2425 edam
955 2377 1041 2439 scripsi
1060 2373 1166 2424 Domino
1185 2373 1280 2424 Gallico
1299 2381 1325 2423 et
1349 2374 1405 2422 miri
1433 2373 1520 2423 libram
1539 2368 1676 2426 adseren.

319 2442 441 2509 Magnum
459 2443 564 2494 Ducem.

410 2515 520 2565 Galliena
537 2515 597 2565 milri
609 2516 715 2580 scripsit,
735 2515 799 2581 qnod
815 2523 920 2574 veretur,
939 2517 1038 2566 unicum
1058 2515 1174 2568 circulum
1187 2529 1237 2565 uon
1249 2513 1364 2565 sufficere
1382 2515 1494 2564 omnibus
1514 2517 1676 2578 apparentiie:

321 2599 368 2651 ege
386 2587 515 2651 respondi,
540 2587 605 2651 quod
624 2587 816 2652 inaequalitates
843 2589 969 2640 theoricae
986 2589 1054 2638 Joris
1073 2593 1099 2636 et
1121 2601 1185 2637 unus
1207 2587 1248 2638 ille
1273 2586 1379 2636 circulus
1406 2601 1491 2636 omnes
1519 2589 1678 2650 apparentiae

323 2656 404 2708 solvat
421 2672 465 2708 seu
484 2659 594 2716 eximat3
613 2659 661 2709 boc
680 2665 763 2709 autern
783 2659 873 2710 clarius
892 2660 1029 2710 ridebisin
1047 2659 1117 2709 libro.

410 2728 482 2790 Quod
500 2728 561 2779 dicis
580 2730 617 2780 de·
629 2730 831 2793 premeridibus
850 2731 947 2787 Galdei,
966 2731 1001 2780 nil
1019 2745 1080 2780 saue
1099 2729 1198 2780 audiri:
1226 2735 1284 2794 puto
1303 2734 1402 2784 autem,
1423 2729 1527 2793 quodsi
1546 2729 1603 2794 qnid
1621 2731 1678 2780 nori

320 2801 367 2849 erit
392 2801 446 2864 ipre
465 2799 575 2851 Galileus
602 2801 662 2851 mihi
690 2803 788 2851 scribet.
827 2800 1014 2866 (premerides
1041 2801 1173 2851 Jorialium
1200 2801 1335 2850 satellitum
1354 2799 1482 2849 Galilaens
1509 2815 1559 2848 non
1586 2799 1677 2859 edidit;

319 2873 406 2921 insunt
424 2877 508 2922 autem
526 2873 701 2937 manuscriptis
720 2872 834 2930 Galilaei,
854 2875 879 2922 in
898 2873 1005 2922 editione
1024 2873 1167 2922 Florentino
1184 2873 1249 2936 typis
1266 2872 1364 2921 traditu
1383 2871 1439 2921 Vol.
1460 2867 1505 2931 V.)

410 2958 451 3010 De
468 2961 606 3025 perspiciilo
625 2961 719 3010 duobus
737 2960 813 3011 oculis
837 2967 923 3025 aptato
942 2961 977 3010 nil
1003 2961 1082 3011 audeo
1102 2961 1195 3020 dicere,
1221 2973 1250 3010 eo
1268 2960 1333 3025 quod
1351 2961 1500 3010 exanimasti
1518 2972 1566 3010 me.
1604 2959 1632 3012 Si
1651 2967 1679 3010 tu

318 3037 404 3081 tantus
422 3030 481 3081 Dux
499 3033 578 3097 tugis,
606 3032 664 3096 quid
681 3033 777 3082 iaciant
802 3031 914 3082 milites?
942 3032 1039 3095 Oquid
1059 3032 1182 3082 audeam!
1208 3031 1263 3082 Iino
1286 3031 1449 3095 superaddis:
1470 3031 1545 3095 quod,
1568 3033 1680 3096 quamvis

320 3103 480 3160 inveniretur,
499 3109 584 3153 tamen
604 3117 663 3167 opus
687 3104 774 3154 inutile
792 3111 866 3154 esset.
903 3103 971 3154 Sane
989 3105 1089 3153 territus
1112 3105 1234 3168 obstupui.
1254 3103 1299 3153 sed
1316 3117 1366 3153 nou
1385 3103 1494 3152 tunditur
1520 3105 1583 3166 ejeci
1601 3117 1680 3168 spem.

320 3187 379 3221 uam
397 3173 456 3222 mibi
474 3174 572 3224 ridetur
590 3174 722 3238 aliquando
741 3175 804 3224 bene
822 3175 981 3226 succedere..
993 3209 1017 3224 ..
1037 3175 1090 3240 Ego
1108 3175 1158 3240 legi
1177 3181 1246 3226 tuam
1265 3173 1393 3238 Opticam.
1413 3188 1475 3224 rane
1493 3180 1520 3224 te
1538 3179 1609 3224 tauto
1629 3176 1680 3226 rire

319 3243 436 3308 dignam,
465 3250 491 3294 et
508 3259 670 3309 quaecunque
698 3246 839 3296 doctissime
866 3248 954 3304 doces,
983 3247 1067 3310 quibus
1086 3260 1147 3296 eane
1165 3246 1200 3294 nil
1223 3259 1298 3310 supra
1316 3259 1364 3294 neo
1390 3245 1490 3298 uberius
1508 3259 1556 3296 nec
1581 3246 1680 3297 doctius

320 3317 459 3379 quicquam.
485 3315 568 3365 Unum
586 3323 684 3366 tantum
702 3317 828 3379 problema
846 3317 974 3368 desidero:
993 3317 1145 3381 perspicillus
1164 3318 1277 3367 consistit
1288 3317 1314 3365 in
1331 3331 1380 3365 uno
1399 3323 1490 3380 puncto
1508 3317 1679 3380 perfectionis,

319 3385 383 3449 quod
403 3391 441 3435 est
457 3389 567 3436 maxima
594 3387 719 3452 elongatio
737 3390 809 3438 unius
828 3389 960 3452 perspieilii
979 3388 1010 3437 ab
1028 3389 1121 3445 altero.
1150 3394 1175 3438 ct
1192 3389 1303 3438 maxima
1324 3387 1458 3446 retractior
1487 3403 1543 3437 eum
1561 3389 1681 3440 uniuntur

319 3455 383 3506 baeu
402 3458 537 3518 duo‚tunc
555 3458 707 3522 perspioillus
725 3461 830 3522 optimus
849 3466 896 3510 est.
933 3459 995 3510 Peto
1014 3474 1031 3508 a
1047 3465 1073 3508 te
1091 3459 1137 3510 hoc
1156 3459 1208 3509 tale
1226 3460 1367 3524 problema:
1394 3459 1454 3508 dato
1473 3474 1522 3509 unc
1540 3462 1681 3525 perspim'llo

320 3542 429 3579 concaro
442 3529 480 3578 rel
494 3543 610 3588 convexo.
624 3531 733 3580 iuvenire
743 3531 798 3581 duo.
818 3531 927 3582 Primum
937 3537 982 3592 est,
996 3531 1059 3581 scire
1072 3530 1268 3596 magnitudinem
1281 3531 1444 3582 concaritatie
1457 3533 1682 3584 aut-conrexitatis

320 3599 431 3656 alterius,
452 3600 558 3650 alterum
572 3607 618 3658 est,
637 3602 700 3651 scire
713 3601 858 3651 distantiam
876 3604 948 3652 nnius
966 3602 1097 3665 perepicilli
1117 3604 1148 3652 ab
1161 3601 1217 3658 nio.
1237 3602 1262 3652 id
1274 3602 1339 3666 quod
1351 3608 1390 3651 est
1407 3601 1535 3666 longitudo
1547 3601 1608 3652 tubi.
1642 3605 1683 3654 Sit

320 3671 392 3720 datus
404 3671 557 3736 perspicillus
577 3685 701 3723 concavus
714 3679 759 3722 aut
772 3689 903 3734 convexus,
922 3673 976 3722 volo
988 3675 1059 3732 scire,
1079 3675 1132 3738 quis
1145 3673 1296 3737 perspicillus
1315 3687 1437 3723 courexue
1450 3687 1494 3722 seu
1508 3675 1561 3737 quis
1574 3673 1683 3726 menius

283 3753 285 3758 ’
319 3744 481 3793 convexitatis
488 3745 757 3808 competatinmaxima
764 3745 911 3794 reductione
920 3745 975 3794 ulio.
987 3743 1050 3794 Volo
1057 3746 1119 3795 scire
1129 3745 1229 3808 pariter,
1237 3751 1357 3809 qnantum
1365 3744 1494 3794 distabunt
1500 3746 1623 3796 inrisam?
1633 3747 1682 3797 de.

412 3814 608 3878 Responsicnern
627 3815 729 3878 Keplcri
748 3815 779 3864 ad
798 3817 845 3865 has
865 3829 930 3866 anno
950 3812 1026 3863 1611.
1048 3816 1121 3866 datae
1136 3817 1222 3865 literas
1240 3830 1291 3868 non
1309 3819 1437 3881 accepisse
1455 3815 1552 3866 ridetur
1564 3815 1682 3876 Pisanus.

321 3897 377 3935 curn
396 3886 556 3950 quadriennio
574 3893 631 3951 poet
644 3887 744 3936 easdem
762 3893 884 3950 proponat
901 3890 1059 3951 quaestiones
1071 3889 1097 3937 in
1113 3888 1191 3937 literis
1204 3887 1237 3938 ad
1248 3887 1384 3951 Keplerum
1403 3887 1469 3937 dans
1482 3889 1564 3936 Antv.
1580 3885 1604 3938 1.
1618 3890 1682 3940 Jan.

325 3953 401 4014 11118,
422 3957 534 4006 addens:
555 3959 692 4022 ,efflagita
710 3963 740 4006 ut
751 3958 810 4006 mibi
827 3957 930 4013 scribas.
949 3961 1008 4022 quid
1020 3961 1055 4008 ris
1068 3975 1111 4023 pro
1128 3959 1252 4008 laboribus
1270 3959 1327 4008 tuis.
1351 3957 1421 4008 Illico
1441 3959 1506 4008 onim
1524 3959 1683 4012 satisfaciam

321 4032 347 4076 et
364 4028 409 4077 tibi
428 4028 520 4078 solvam
539 4029 603 4093 quod
621 4029 702 4092 petis;
731 4035 816 4078 tantus
836 4031 901 4078 eninr
920 4044 986 4089 eum,
1012 4035 1041 4078 nt
1058 4031 1121 4080 bene
1140 4029 1233 4080 solrcro
1251 4029 1357 4094 poesim“
1379 4027 1433 4086 duc..
1461 4031 1684 4098 superaddensque

322 4099 400 4148 nimia
423 4098 525 4164 Kepleri
553 4101 674 4150 encomia
712 4099 878 4164 Kepierue
905 4101 1031 4164 respoudit
1056 4098 1160 4162 (Linciis
1181 4099 1222 4149 18.
1244 4103 1302 4164 Aps.
1323 4096 1415 4159 1618.)
1433 4099 1501 4150 hnnc
1518 4102 1545 4164 ¹in
1563 4103 1682 4154 modum:

409 4187 531 4250 Literas
547 4187 638 4258 Tuas,
661 4187 856 4250 Nobilissime
881 4189 999 4264 Octavi,
1026 4191 1155 4269 scriptas
1179 4187 1209 4253 4.
1225 4189 1362 4251 Januarii
1386 4209 1489 4251 mense
1512 4191 1682 4254 Februario

318 4276 427 4354 recepi.
475 4274 635 4346 Quodnam
659 4295 755 4339 meum
788 4279 899 4346 malum
923 4279 952 4339 in
976 4277 1055 4341 Nob.
1079 4279 1197 4341 Excell.
1224 4279 1318 4339 Tuam
1343 4287 1431 4340 extat
1454 4279 1611 4353 meritum,
1645 4289 1683 4342 ut

320 4371 367 4424 tot
399 4364 547 4426 machinis
580 4365 796 4428 immoriturum
831 4367 950 4429 laudum
987 4385 1186 4447 precumque,
1224 4369 1329 4447 quales
1366 4368 1503 4446 superbis
1541 4369 1681 4431 adbiberi

318 4451 426 4526 solent,
451 4455 681 4531 expugnandum
696 4455 848 4518 censueris
871 4476 967 4518 meum
992 4457 1154 4518 silentium.
1201 4455 1366 4535 Numquid,
1392 4475 1458 4518 cum
1487 4477 1565 4519 anno
1593 4454 1682 4522 1614

318 4539 427 4600 adme
452 4541 636 4620 scripsisses,
664 4562 720 4602 uon
746 4543 885 4622 expedite
909 4544 1073 4624 respondi?
1108 4545 1178 4606 Etsi
1203 4563 1273 4608 vero
1298 4544 1588 4608 tarditatem‘meam
1608 4547 1680 4627 J'ure

319 4632 371 4686 tuo
394 4627 575 4708 increpitare
600 4629 695 4691 videri
719 4630 837 4709 possis:
872 4641 904 4692 at
937 4651 973 4692 ne
1007 4633 1063 4694 hac
1096 4633 1214 4714 quidem
1249 4633 1278 4694 in
1310 4633 1503 4696 accusatione
1527 4637 1680 4716 persistes

321 4713 421 4778 causis
444 4716 606 4794 perceptis.
655 4717 802 4780 Nimirum
825 4719 923 4780 Lincii
948 4739 1083 4783 caremus
1113 4729 1220 4802 postas
1250 4721 1409 4796 beneficio;
1448 4723 1678 4787 tabellariorum

321 4813 396 4876 gene
419 4799 551 4862 literatis
574 4802 694 4865 infensa
718 4812 775 4876 eet,
799 4825 834 4867 eo
859 4809 938 4887 quod
960 4827 1051 4887 parce
1075 4809 1149 4888 ipsis
1173 4809 1370 4872 exsolvuntur
1391 4811 1539 4891 preciola,
1565 4813 1679 4894 quippe
