3566 5536
353 264 417 340 724
828 273 867 325 Da
888 273 966 326 Stella
983 271 1055 324 Nora
1073 273 1223 338 Serpammii

347 455 516 536 conjunctis
538 453 669 534 planetis
698 451 934 532 supersteterith
961 451 1135 532 Cuiusmodi
1159 451 1183 514 si
1208 452 1273 534 quis
1298 451 1408 515 alicubi
1432 452 1554 526 latitat,
1583 449 1637 530 qui
1664 443 1720 512 sibi

347 545 397 606 vel
419 544 595 625 prophetiae
624 561 729 604 munus
758 550 882 620 arrogat
905 542 951 603 vel
974 541 1130 623 potentiae
1155 542 1192 604 ad
1224 542 1378 604 destinata
1407 539 1605 620 perficienda
1640 558 1717 601 cou-

346 634 426 718 scins
451 642 517 696 est:
550 632 627 694 hunc
661 630 798 711 equidem
828 631 1058 710 praefiguratum
1091 632 1257 693 censuerim
1286 632 1518 704 tironensem,
1546 629 1636 708 quud
1662 630 1719 690 hoe

346 741 423 786 auno
457 716 551 786 1606.
583 720 720 782 Januarii
751 720 798 780 die
831 712 914 801 tlte.
952 727 1054 782 natum
1090 729 1138 782 est
1166 721 1364 800 Argentiuae.
1420 720 1583 782 Femellae
1627 720 1718 793 dnae,

347 831 469 893 quarum
503 818 623 872 ventres
653 809 810 870 inferiores
841 808 982 885 discreti,
1009 809 1145 889 jecinora
1175 810 1262 884 bida,
1295 809 1437 890 cujusque
1469 827 1572 870 venae
1601 807 1633 868 in
1660 827 1716 868 sua

344 899 469 962 brachia
492 917 620 978 suosque
643 898 736 978 pedes
760 899 903 972 directae,
929 917 1051 978 quorum
1075 897 1175 976 gratia
1194 909 1225 960 et
1244 899 1362 977 gemina
1385 898 1474 979 spina
1490 897 1717 977 geminumque

346 989 523 1052 cerebellum
556 989 584 1048 lu
615 988 767 1067 geminato
805 979 951 1067 occipite,
990 996 1025 1049 ut
1056 988 1139 1048 nervi
1176 988 1292 1049 motorii
1326 989 1352 1049 in
1385 988 1544 1067 geminata
1583 987 1715 1047 brachia

279 1093 283 1102 '
345 1080 496 1160 pedesque
520 1077 618 1152 ireut3
642 1070 736 1138 ‘simul
760 1083 791 1137 et
812 1076 883 1138 bina
908 1076 1021 1139 aurium
1049 1077 1149 1156 paria,
1174 1077 1251 1157 quod
1275 1077 1414 1140 auditorii
1444 1077 1530 1138 nervi
1558 1093 1600 1135 ex
1626 1077 1716 1135 cere-

348 1169 424 1232 bello
449 1167 602 1240 oriantur,
634 1167 711 1246 quod
736 1165 782 1227 hic
811 1175 877 1228 erat
905 1166 1074 1244 geminum:
1108 1167 1164 1227 hae
1194 1167 1312 1247 inquam
1336 1167 1413 1228 duae
1437 1165 1584 1227 femellae
1619 1181 1715 1243 supra

347 1255 525 1319 umbiculum
551 1255 696 1316 adversae
720 1254 748 1316 iu
773 1275 861 1316 unum
885 1256 1052 1330 thoracem,
1081 1253 1229 1334 capitibus
1252 1273 1323 1316 vero
1351 1255 1490 1317 secundis
1515 1261 1594 1334 post
1618 1271 1711 1313 uuam

348 1347 456 1409 faciem
481 1344 672 1416 coaluerunt,
704 1363 794 1406 unum
818 1363 874 1423 pur
897 1344 1060 1419 oculorum,
1092 1354 1179 1405 unum
1204 1363 1326 1419 nasum,
1350 1363 1439 1406 nuum
1463 1362 1519 1416 os,
1555 1361 1658 1423 quare
1682 1355 1712 1402 et

350 1455 439 1497 unum
463 1443 576 1514 guttur,
601 1452 689 1495 unum
708 1433 885 1512 pulmonem,
908 1453 999 1494 unum
1015 1451 1075 1504 cor,
1099 1433 1142 1494 sic
1156 1453 1244 1495 unam
1257 1435 1369 1513 gulam,
1394 1451 1484 1494 unum
1504 1431 1712 1492 ventriculum

348 1530 538 1604 acceperunt
584 1521 653 1584 Etsi
677 1541 747 1583 vero
771 1523 897 1584 monstri
924 1531 1012 1602 pater
1039 1521 1202 1584 arcularius
1235 1521 1327 1584 luisse
1361 1524 1474 1597 fertur,
1507 1519 1557 1582 cui
1590 1519 1711 1599 opificio

328 1613 561 1694 quotidianum·
577 1629 652 1691 opus
676 1619 733 1686 est,
757 1611 962 1691 conglutinare
987 1631 1106 1672 asseres
1129 1611 1204 1672 bena
1228 1611 1347 1673 dolatos
1372 1621 1402 1671 et
1422 1611 1655 1690 complanatus,
1682 1622 1710 1670 ut

348 1703 416 1764 inde
440 1701 569 1781 suspicio
593 1699 709 1764 oriatur
730 1699 935 1780 impressionis
958 1700 1172 1780 imaginatirae
1193 1701 1222 1762 iu
1239 1700 1433 1780 praegnantis
1456 1700 1564 1762 uxoris
1592 1700 1710 1760 foetum

350 1793 468 1854 fuctaez
493 1789 636 1851 tamenin
656 1790 704 1868 qui
730 1790 864 1852 femellas
889 1791 1115 1869 conglutinavit,
1141 1789 1324 1852 admirabilis
1348 1790 1457 1869 opifex,
1483 1789 1711 1850 incredibiliter

351 1881 492 1959 majorem
516 1878 652 1941 adhibuit
675 1879 864 1959 sapientiam,
889 1880 967 1960 quod
991 1879 1163 1940 fatebuntur
1186 1878 1355 1953 anatomici,
1381 1893 1469 1960 quam
1484 1879 1595 1940 solent
1620 1897 1709 1939 arcu-

350 1970 428 2041 larii,
452 1969 568 2030 ratione
592 1967 724 2036 iuventa,
748 1987 808 2048 qua
830 1969 888 2029 duo
912 1987 949 2029 ex
972 1968 1082 2029 eodem
1098 1967 1243 2048 principio
1266 1968 1411 2029 viverent.
1449 1967 1609 2046 Equidem
1636 1987 1708 2028 eon·

350 2058 515 2120 tentionem
539 2057 575 2118 de
599 2057 688 2118 rebus
712 2057 779 2118 fidei
799 2057 863 2136 jam
887 2057 1001 2137 pridem
1025 2063 1111 2118 satur
1132 2065 1180 2118 est
1202 2057 1342 2132 mundus,
1372 2075 1467 2136 neque
1494 2065 1609 2118 tamen
1642 2075 1708 2136 spes

350 2147 380 2210 lu
403 2146 568 2227 propinquo
583 2155 639 2214 est,
665 2145 787 2225 reliquis
807 2147 941 2225 partibus
964 2145 1168 2208 intermortuis
1187 2165 1275 2208 unam
1299 2145 1393 2206 sclam
1408 2147 1569 2208 in'muudo
1598 2146 1707 2208 obten-

349 2243 456 2297 turam.
502 2233 582 2304 Quid
605 2235 683 2295 anim
706 2237 731 2296 si
756 2235 792 2296 de
816 2233 852 2295 iis
875 2235 1022 2313 partibus,
1047 2255 1121 2314 quae
1145 2225 1232 2296 hodia
1255 2245 1397 2314 pugnant,
1422 2233 1500 2296 idem
1528 2235 1604 2309 liat,
1633 2234 1705 2315 quod

350 2325 387 2384 de
413 2323 543 2402 antiquis
561 2321 799 2386 Christianorum
823 2323 925 2400 sectis,
950 2333 983 2385 ut
1006 2323 1172 2386 diutissime
1190 2324 1219 2386 iu
1235 2325 1342 2386 muodo
1364 2325 1487 2386 durent:
1513 2323 1602 2386 sicut
1621 2324 1707 2404 juxta

350 2412 478 2475 Latinos
501 2411 646 2474 durarunt
668 2431 722 2492 per
744 2413 851 2474 Asiam
876 2421 908 2474 et
930 2413 1066 2475 Africam
1087 2411 1207 2485 Graeci,
1232 2411 1352 2474 Suriani
1370 2413 1586 2488 Judaizantes,
1613 2414 1705 2474 Jaco-

349 2501 421 2576 bini,
444 2500 634 2582 Eutychiani,
658 2501 788 2574 Tattari,
807 2502 992 2576 Nestoriani,
1018 2520 1140 2582 qnorum
1163 2501 1206 2564 illi
1230 2521 1283 2582 per
1296 2503 1442 2574 Africam,
1468 2502 1499 2562 hi
1524 2521 1585 2582 per
1601 2504 1705 2564 Asiam

353 2590 621 2672 septentrionalem
645 2590 830 2670 amplissima
853 2611 946 2671 regna
966 2591 1180 2670 possidebant;
1203 2601 1360 2670 praeterea
1384 2591 1568 2666 Merendae,
1597 2593 1706 2653 Mune·

351 2681 495 2754 theletos,
519 2680 654 2755 Armeni,
680 2679 854 2760 Georgiaui.
893 2680 998 2760 ltaque
1022 2680 1239 2760 quitationem
1263 2681 1394 2742 invenire
1418 2681 1533 2754 nititur,
1560 2699 1628 2761 qua
1653 2681 1707 2742 dnn

350 2769 500 2831 diversum
532 2769 698 2831 sentientes
722 2770 750 2830 iu
775 2789 864 2832 uuum
887 2788 940 2840 cor
962 2788 1062 2830 amore
1093 2769 1280 2843 coalescant,
1314 2788 1402 2832 unum
1433 2788 1504 2849 prae
1531 2787 1568 2831 se
1597 2771 1704 2841 ferant

351 2877 440 2920 uuum
470 2858 646 2939 loqduntur,
680 2865 778 2920 uuam'
801 2858 1019 2922 confessionem
1052 2867 1213 2940 usurpent,
1247 2859 1350 2922 multis
1381 2859 1519 2920 manibus
1554 2877 1617 2938 prn
1654 2879 1704 2918 nnn

350 2954 502 3027 pugnent:
535 2966 602 3009 eum
627 2949 763 3028 quamvis
786 2950 985 3010 monstrorum
1017 2947 1227 3010 fabricatorem
1254 2948 1415 3010 uerisimile
1439 2957 1487 3009 est
1509 2949 1631 3010 mundo
1656 2967 1702 3008 ac-

351 3045 470 3115 ceptum
495 3036 559 3098 lore
583 3043 615 3099 et
638 3057 656 3098 a
679 3047 812 3099 monstro
836 3038 893 3099 hoc
915 3036 1123 3108 adumbratum
1146 3055 1224 3099 esse.
1271 3037 1337 3100 Nisi
1367 3037 1443 3098 lorte
1471 3037 1630 3117 praelusit
1654 3039 1702 3099 hoc

352 3132 518 3186 monstrum
555 3126 775 3188 foederatarum
805 3127 1055 3188 Hanseaticamm
1089 3127 1244 3188 civitatum
1281 3125 1462 3208 expeditioni
1487 3127 1526 3187 ad
1551 3127 1701 3189 Brunsm'-

354 3213 683 3276 causemobsidionem
707 3214 892 3290 solvendam,
918 3216 995 3295 quod
1015 3216 1158 3296 exemplis
1183 3215 1314 3296 antiquis
1331 3215 1426 3295 magis
1441 3215 1596 3294 congruit.
1632 3216 1700 3277 Dico

353 3319 425 3362 vero
452 3302 590 3381 amplius,
615 3305 684 3384 quid
701 3303 789 3384 siqui
808 3323 902 3366 novas
917 3303 1019 3366 ludius
1036 3305 1155 3374 adeunt,
1179 3305 1345 3366 confirmati
1361 3305 1451 3366 stella
1465 3323 1546 3365 nova
1568 3305 1699 3384 vigilan·

354 3390 447 3464 tiores
472 3409 540 3452 sese
564 3390 593 3451 io
616 3392 818 3472 propagandis
843 3391 1034 3456 Christianae
1063 3394 1130 3456 fidei
1164 3392 1364 3456 fundamentis
1398 3393 1626 3456 exhibuerunt?
1660 3394 1701 3473 qui

352 3499 409 3542 non
433 3487 551 3541 tantum
575 3481 752 3559 prudentiae
776 3481 829 3544 sed
853 3483 943 3545 etiam
967 3483 1094 3546 eximiae
1117 3483 1242 3563 pietatis
1265 3481 1383 3544 laudem
1407 3483 1483 3563 apud
1508 3501 1556 3544 me
1583 3483 1701 3564 quidem

352 3570 423 3632 iude
446 3577 655 3648 reportarent,
684 3570 764 3649 qnod
791 3572 898 3633 stellae
928 3573 1015 3652 hujus
1044 3572 1230 3653 apparitione
1257 3571 1424 3633 rectissime
1448 3571 1543 3632 etad
1567 3591 1701 3634 normam

352 3659 431 3720 illius
455 3658 612 3738 Magorum
644 3659 752 3720 stellae
782 3671 885 3722 essent
907 3663 963 3724 usi.
998 3660 1142 3732 ¹(luorum
1175 3661 1293 3741 quidem
1321 3661 1380 3722 iter
1412 3661 1520 3723 stellae
1554 3663 1700 3740 parallelo

352 3747 520 3827 subjectum
543 3749 664 3828 propius
687 3749 770 3829 ipsos
794 3749 952 3812 admonere
976 3752 1084 3830 potnit,
1107 3760 1138 3812 et
1158 3757 1194 3812 ut
1217 3751 1380 3812 admoneat
1401 3749 1545 3830 plurimos
1570 3769 1615 3810 eo
1633 3770 1700 3832 pru-

231 3875 233 3879 ,
352 3836 519 3910 dcisceudi,
553 3846 644 3917 opto:
682 3857 748 3900 cum
780 3839 887 3901 messis
922 3840 1088 3921 spiritualis
1121 3839 1307 3920 amplissima
1336 3839 1377 3900 ibi
1408 3857 1474 3900 esse
1506 3837 1700 3919 perhibeatur

351 3925 482 4006 nihilque
505 3926 562 3988 nisi
584 3927 688 3989 lideles
716 3929 862 4009 operarii,
898 3929 1003 4009 quibus
1027 3929 1074 3992 hic
1104 3929 1308 3998 abundamus,
1341 3927 1404 3990 illic
1431 3928 1549 3991 deesse.
1600 3931 1698 4010 Atque

354 4012 525 4094 hujusmodi
546 4016 641 4077 multa
664 4017 725 4079 alia
747 4017 914 4080 homiuibus
937 4019 1049 4099 partim
1078 4018 1238 4092 accidisse,
1263 4017 1375 4098 partim
1399 4017 1535 4079 accidere
1564 4020 1698 4098 potuisse

352 4112 584 4166 consentaneum
604 4112 661 4167 est.
699 4107 928 4189 Fuitequidem
947 4108 1021 4170 haec
1045 4107 1202 4188 praecipue
1224 4125 1284 4169 vox
1301 4116 1500 4182 ,uorastalla
1515 4133 1606 4172 novus
1620 4118 1696 4174 Rex·

352 4191 429 4253 adeo
452 4192 559 4256 crebra
581 4193 611 4256 iu
635 4213 685 4256 ore
714 4195 796 4276 vulgi
825 4215 880 4276 per
903 4194 1114 4272 Germaniam,
1139 4205 1172 4259 nt
1198 4196 1266 4278 jure
1295 4195 1432 4272 mireris,
1457 4213 1514 4256 non
1539 4199 1695 4262 exstitisse

352 4279 457 4343 ducem
489 4276 615 4362 aliqriem
649 4283 772 4346 factioni
808 4286 1013 4348 validissimae
1046 4286 1251 4349 concitandae.
1307 4285 1455 4348 Nimirum
1487 4284 1545 4347 hoc
1577 4289 1696 4368 profuit,

352 4371 435 4450 vnlgi
458 4371 560 4434 oculos
583 4391 602 4434 a·
624 4373 833 4453 praesentibus
858 4393 981 4437 aversos
1004 4385 1035 4436 et
1050 4376 1079 4438 iu
1095 4385 1267 4438 extraneum
1292 4375 1421 4455 aliquem
1445 4373 1562 4437 eminus
1586 4380 1695 4441 tumul·

352 4467 489 4610 {qautem
511 4479 671 4524 conversos
693 4461 736 4526 ibi
752 4463 896 4538 haesisse,
922 4463 1015 4525 donec
1029 4464 1090 4526 ista
1105 4483 1202 4528 rerum
1217 4482 1360 4527 novarum
1385 4463 1576 4545 exspectatio
1601 4467 1696 4529 deier-

391 4555 500 4611 scoret.
1372 4575 1376 4586 ’
1410 4569 1413 4576 ’

442 4634 643 4717 Quaecunque
666 4639 703 4699 da
726 4639 863 4716 humine,
894 4647 1040 4719 quatenns
1068 4639 1094 4702 is
1122 4640 1237 4702 ratione
1270 4641 1378 4715 utitur,
1407 4641 1472 4719 jam
1505 4643 1590 4705 dicta
1622 4655 1693 4720 sunt,

355 4723 458 4786 eadem
481 4733 513 4786 et
535 4725 572 4786 de
595 4727 714 4790 occulta
737 4729 790 4790 illa
814 4728 967 4802 facultate,
993 4747 1068 4808 quae
1084 4729 1192 4792 homiui
1213 4750 1277 4793 cum
1301 4730 1439 4792 omnihus
1459 4731 1551 4794 rebus
1575 4745 1693 4798 natura-

357 4807 433 4874 libus
463 4815 626 4876 communis
657 4826 718 4888 est,
752 4817 810 4878 dici
842 4827 987 4898 possunt:
1021 4837 1124 4898 nempe
1153 4818 1221 4880 illos
1244 4820 1351 4896 etiam,
1378 4820 1487 4901 quide
1512 4831 1581 4884 ortu
1606 4844 1693 4886 novae
