3694 5528
718 306 923 358 nun-rm.
1433 303 1513 410 ιιιΙ

143 481 291 548 lateribus
314 481 400 558 oculi,
426 483 500 544 iaeit
523 485 601 547 oculi
633 486 757 564 figuram
788 484 921 547 nonnihil
954 482 1114 563 oblongam
1147 503 1200 548 seu
1233 483 1413 566 ellipoiden,
1446 484 1498 548 ubi

144 573 254 636 landus
283 589 338 634 seu
369 570 532 635 retiformis
565 573 683 636 tunicae
707 574 824 637 cavitas
853 573 967 638 recedit
990 572 1028 634 ab
1052 573 1174 637 humore
1198 574 1385 656 crystallino.
1432 573 1497 636 At-

144 661 278 724 tenuatis
313 679 385 724 vero
421 660 573 724 ciliaribus
609 662 801 742 processibus
834 663 864 724 in
901 663 965 726 tela
1004 681 1133 724 araneae
1168 671 1200 724 et
1235 661 1279 724 sic
1311 663 1342 724 in
1375 664 1497 743 longum

145 748 346 830 exporrectis,
372 749 532 829 ampliatur
555 751 682 814 circulus
704 769 759 830 per
781 753 879 814 latera
902 749 980 814 oculi
1003 751 1109 812 ductus
1143 757 1173 812 et
1205 751 1239 814 fit
1269 751 1371 813 oculus
1399 751 1496 831 magis

144 836 331 902 lenticularis
355 838 485 916 figurae,
518 839 609 901 fundo
643 839 807 902 retiformis
840 841 878 902 ad
910 839 1116 922 crystallinum
1148 839 1327 916 accedente,
1365 841 1498 921 ejusdem

146 945 241 990 ureae
264 925 450 1003 ministerio,
482 945 558 1007 quae
581 929 726 1008 pupillam
759 929 850 990 etiarn
883 935 985 991 arctat
1017 935 1046 990 et
1079 929 1173 992 laxat.
1220 927 1308 990 Hunc
1340 929 1379 990 ad
1413 946 1499 992 usum

146 1017 295 1090 humores,
320 1022 447 1094 excepto
471 1017 655 1096 crystallino,
681 1017 798 1079 fluxiles
822 1023 947 1079 suntet
971 1015 1123 1096 comprimi
1145 1025 1285 1097 possunt.

235 1101 294 1174 Qui
318 1122 388 1165 vero
412 1103 558 1166 alterutra
581 1105 676 1167 solum
700 1105 841 1168 distincte
865 1104 982 1180 vident,
1015 1105 1132 1167 oculum
1155 1106 1269 1168 habent
1299 1123 1404 1166 sanum
1428 1104 1496 1186 qdi-

147 1195 226 1267 dam,
249 1193 304 1254 sed
323 1192 389 1272 jam
412 1190 660 1268 indurescentem,
686 1194 894 1256 adsuefactum
918 1201 950 1256 et
979 1194 1065 1274 quasi
1094 1194 1228 1257 senilem.
1275 1193 1396 1255 Vanum
1420 1193 1498 1254 enim

149 1289 207 1356 est,
231 1300 319 1344 senes
343 1280 425 1343 soloe
447 1281 615 1362 propinqua
637 1301 695 1344 non
718 1283 821 1344 videre
845 1282 1006 1358 distincta,
1036 1289 1090 1344 aut
1120 1283 1201 1344 solos
1220 1283 1349 1363 juvenes
1372 1288 1498 1344 remota.

62 1393 69 1404 ·
149 1370 321 1433 Promisere
344 1369 418 1431 baec
442 1369 575 1452 utrisque
603 1370 761 1444 ev‘eniunt,
794 1373 955 1434 secundum
988 1371 1110 1432 habitus
1143 1389 1299 1450 corporum
1332 1375 1385 1432 aut
1408 1389 1497 1432 exer-

148 1459 222 1523 citia
240 1457 421 1539 juventutis.
467 1458 547 1522 Nam
570 1459 618 1539 qui
642 1479 661 1520 a
683 1461 784 1539 pneris
807 1459 1037 1535 venationibus,
1069 1459 1213 1538 aucupio,
1244 1457 1498 1539 navigationibus,

150 1547 308 1611 itineribus
332 1554 379 1608 est
403 1545 541 1623 deditus,
576 1549 692 1610 oculum
716 1547 885 1612 adsuefecit
907 1549 953 1610 ad
978 1555 1109 1622 remota;
1147 1548 1202 1609 sed
1234 1548 1304 1628 quia
1337 1546 1500 1609 identidem

149 1636 248 1701 cibum
271 1653 388 1715 capere,
412 1653 479 1697 curn
502 1635 670 1698 hominibus
694 1637 823 1718 colloqui
847 1643 976 1717 oportet,
1000 1643 1103 1698 manet
1121 1636 1224 1698 oonlns
1238 1635 1269 1698 in
1285 1635 1500 1698 exercitatione

151 1725 243 1788 etiam
275 1724 314 1785 ad
346 1723 514 1805 propinqua
544 1724 734 1804 respiciendi.
782 1727 928 1806 Tempore
960 1732 1063 1788 tamen
1094 1724 1271 1788 debilitatur
1303 1722 1501 1798 exercitati03

150 1814 196 1876 ita
219 1813 261 1888 tit,
286 1819 319 1874 nt
333 1811 396 1874 fere
419 1810 450 1886 ii,
474 1813 523 1893 qui
538 1813 619 1875 nullo
642 1814 848 1894 injuventute
870 1814 946 1876 vitio
969 1812 1094 1876 visionis
1107 1813 1257 1888 laborant,
1281 1813 1312 1875 in
1335 1812 1419 1875 senio
1434 1813 1502 1875 sola

152 1908 269 1965 remota
291 1899 433 1963 distincte
456 1901 589 1964 videant.
627 1901 729 1982 Magis
753 1901 831 1965 enim
855 1903 993 1965 naturale
1009 1909 1065 1976 est,
1091 1902 1193 1964 oculos
1207 1901 1371 1982 parallelos
1386 1907 1499 1975 tenere,

152 2009 241 2073 quam
264 1996 458 2070 contorquere
482 1990 710 2071 adpropinqua
734 1993 802 2070 (per
810 1991 933 2064 nvn).
971 1991 1006 2053 In
1030 1989 1113 2052 senio
1136 2007 1209 2052 vero
1225 1989 1371 2069 fatigatur
1386 1989 1503 2062 oculus,

152 2087 187 2142 ut
208 2084 327 2141 retenta
349 2077 481 2140 naturali
504 2077 667 2142 directione
691 2078 814 2142 omittat
836 2099 890 2154 ea,
925 2078 954 2140 in
988 2098 1064 2160 quae
1094 2097 1160 2140 cum
1182 2079 1285 2140 labore
1309 2076 1501 2158 perspicitur.

89 2214 93 2224 .
152 2167 254 2249 Atque
277 2167 334 2228 boc
356 2165 418 2228 illis
440 2165 546 2228 vitium
569 2168 740 2248 plerumque
763 2168 851 2230 tarde
875 2167 998 2230 obvenit
1019 2168 1049 2228 in
1073 2167 1167 2229 multo
1190 2166 1295 2231 senio..

111 2245 120 2260 ⁹
241 2253 374 2323 Contra,
408 2254 501 2317 vitam
531 2275 550 2316 a
581 2255 682 2337 pueris
706 2263 832 2336 agentes
855 2255 1077 2331 sedentariam,
1109 2255 1192 2317 intra
1218 2255 1371 2335 parietes,
1405 2251 1503 2314 literis

151 2345 358 2408 incumbentes
381 2350 413 2405 et
435 2344 598 2408 manuariis
621 2344 755 2407 artificiis
779 2345 949 2420 subtilibus,
973 2345 994 2407 ii
1018 2343 1158 2407 celeriter
1175 2344 1341 2406 assuefiunt
1366 2341 1406 2402 ad
1428 2360 1501 2420 pro-

150 2435 272 2516 pinqua,
295 2451 350 2495 nec
373 2450 501 2513 unquam
525 2451 665 2496 successu
689 2434 800 2496 aetatis
815 2433 1040 2508 abstrahuntur,
1062 2433 1117 2494 sed
1138 2433 1239 2512 potius
1262 2430 1360 2510 magis
1383 2429 1500 2511 magis-

151 2541 208 2606 que
231 2521 406 2584 caecutiunt
428 2521 467 2583 ad
491 2521 663 2604 longinqua.

242 2609 322 2674 Sunt
343 2609 436 2671 ctiam
458 2610 545 2690 primi
568 2610 686 2692 generis
701 2610 836 2672 homines
860 2607 957 2687 magis
982 2606 1091 2670 ebriosi
1116 2614 1147 2669 et
1162 2605 1343 2670 somnolenti
1366 2612 1399 2666 et
1414 2604 1504 2666 otiosi

152 2707 186 2763 et
208 2697 411 2779 cogitabundi,
434 2698 492 2761 boc
515 2704 577 2769 est,
602 2699 651 2780 qui
674 2698 778 2761 crebro
802 2698 957 2760 dimittunt
987 2715 1089 2760 curam
1121 2716 1219 2758 rernm
1252 2701 1323 2756 ante
1353 2694 1447 2774 pedes
1472 2698 1504 2752 et

152 2789 209 2850 sub
232 2787 370 2849 manibus
392 2787 594 2858 versantium,
620 2787 724 2869 quibus
747 2787 816 2850 ideo
840 2785 918 2848 oculi
941 2783 1109 2865 diriguntur
1131 2784 1335 2865 utplurimum
1357 2781 1388 2843 in
1412 2781 1504 2843 situm

153 2876 341 2957 parallelum,
366 2892 423 2955 qno
439 2875 498 2938 situ
521 2877 639 2940 nonnisi
662 2883 778 2940 remota
792 2874 934 2938 distincte
957 2873 1105 2936 videntur.
1139 2871 1270 2935 Secundi
1291 2889 1364 2932 vero
1387 2869 1507 2950 generis

152 2965 287 3028 homines
318 2971 389 3026 sunt
409 2965 509 3044 potius
533 2965 645 3041 sobrii,
677 2964 805 3045 vigiles,
839 2961 996 3038 laboriosi,
1025 2961 1134 3024 intenti
1158 2963 1196 3024 ad
1224 2958 1406 3042 praesentia.
1454 2955 1506 3019 Sic

152 3055 197 3118 illi
220 3055 283 3116 iere
306 3071 432 3133 procera
454 3059 573 3116 statura
597 3060 679 3128 sunt,
712 3053 782 3134 quia
804 3052 901 3132 magis
925 3072 944 3112 a
967 3052 1057 3113 fundo
1082 3057 1230 3113 remotum
1254 3049 1367 3110 babent
1390 3043 1507 3110 oculum

118 3199 123 3212 ‚
152 3150 185 3205 et
208 3141 325 3223 longius
357 3141 557 3223 prospiciunt,
589 3143 621 3205 bi
643 3141 744 3222 potius
775 3140 902 3222 pumila;
936 3140 1014 3221 quod
1037 3147 1219 3202 tamennon
1244 3145 1290 3200 est
1318 3143 1505 3216 perpetuum.

151 3232 273 3295 Dictum
289 3237 338 3292 εει
353 3231 432 3294 enim
447 3231 495 3293 bic
509 3232 601 3296 etiam
616 3231 728 3313 aliquid
743 3230 800 3292 sibi
816 3231 971 3293 vindicare
988 3228 1122 3308 eorporis
1136 3227 1270 3289 habitum
1283 3225 1462 3287 naturalem.
1472 3222 1507 3297 *)

241 3398 272 3474 Ι’)
294 3405 329 3472 Ιιιγ
340 3403 451 3458 Tabula
470 3399 628 3456 anatomica
648 3401 695 3455 49.
711 3401 751 3456 cl.
772 3399 823 3454 riri
848 3399 946 3454 Felicis
964 3399 1072 3454 Plateri
1092 3403 1213 3468 apparet
1232 3412 1344 3452 numero
1358 3395 1395 3450 X.
1415 3395 1509 3465 figura

154 3486 230 3542 telae
251 3499 383 3547 araneae,
405 3483 433 3536 in
456 3481 535 3550 enjus
555 3480 643 3536 medie
664 3480 840 3550 suspenditur
861 3478 1038 3552 crystallinus
1054 3481 1158 3542 humor,
1182 3477 1259 3548 cujus
1274 3475 1398 3548 genuina
1417 3475 1509 3546 figura

154 3571 200 3620 est
218 3579 330 3618 numero
344 3562 419 3626 Xlll,
441 3561 510 3616 situs
531 3559 559 3614 in
580 3561 659 3615 ooulo
679 3559 827 3624 numeral,
850 3561 923 3630 apud
944 3559 1053 3613 literam
1074 3575 1106 3613 a:
1128 3559 1176 3612 ubi
1196 3557 1267 3612 radii
1287 3557 1362 3609 telae
1384 3569 1507 3608 araneae

154 3648 402 3715 repraesentantur
421 3657 472 3712 per
491 3641 555 3696 ΚΚ.
597 3639 679 3696 Fines
700 3657 765 3694 vero
785 3639 936 3702 radiorum,
958 3638 1005 3709 qui
1025 3656 1136 3694 numero
1157 3639 1196 3693 X.
1219 3635 1377 3692 ambiuntur
1397 3633 1507 3696 circulo,

156 3723 315 3794 cogitentur
335 3737 398 3774 esse
411 3717 571 3775 'continuati
592 3738 651 3774 cum
672 3719 767 3776 tunica
787 3737 859 3774 urea
879 3719 963 3774 intus.
998 3719 1096 3790 ltaque
1117 3733 1229 3772 numero
1252 3716 1312 3770 Vll.
1333 3712 1409 3767 vides
1430 3713 1506 3766 illam

155 3804 277 3859 tunicam
304 3817 429 3855 eversam
455 3807 486 3854 et
510 3801 582 3870 apud
609 3800 706 3855 literae
728 3817 752 3858 o.
775 3818 799 3854 o.
825 3798 949 3869 vestigia
974 3799 1113 3853 radiorum
1138 3797 1248 3852 illorum
1268 3810 1288 3848 a
1315 3791 1410 3846 tunica
1434 3806 1508 3846 uvea

154 3883 341 3939 rescissorum.
382 3879 485 3934 Ibidem
514 3879 598 3934 litera
617 3899 636 3933 n
656 3887 700 3934 est
729 3879 813 3933 index
841 3880 975 3949 pupillae.
1019 3879 1086 3932 Cum
1116 3894 1183 3948 ergo
1210 3881 1241 3930 et
1266 3875 1337 3927 haee
1364 3871 1459 3926 tunica
1479 3878 1510 3925 et

154 3963 220 4018 dicti
240 3961 311 4017 radii
336 3961 412 4014 telae
438 3975 559 4014 araneae
586 3959 642 4014 sint
663 3978 700 4014 ex
725 3959 886 4014 substantia
910 3959 1007 4028 eadem
1032 3963 1062 4010 ει
1086 3957 1215 4011 continua
1239 3952 1354 4007 invicem
1382 3967 1508 4022 corpora,

155 4045 247 4098 colore
268 4041 353 4097 etiam
374 4041 469 4095 eodenr
488 4039 586 4112 nigro:
609 4040 690 4094 valde
711 4039 857 4111 probabile
872 4045 923 4102 est,
945 4044 975 4091 et
991 4043 1118 4092 naturam
1139 4042 1228 4090 motus
1249 4031 1372 4102 utrisque
1394 4032 1509 4086 eandem
1601 4067 1607 4082 .

155 4141 227 4179 esse.
269 4123 322 4176 Est
350 4126 443 4176 autem
469 4119 607 4174 naturalis
636 4119 811 4174 conniventia
835 4117 956 4188 partium
981 4117 1055 4171 circa
1074 4135 1091 4170 n
1113 4121 1164 4170 ant
1190 4111 1330 4168 corbaria
1354 4109 1507 4182 ampliatio.

122 4190 127 4204 ’
155 4205 248 4268 Quare
268 4209 298 4256 et
318 4202 371 4256 boc
390 4201 520 4256 naturale
540 4215 602 4254 esse
623 4199 739 4263 videtur,
760 4197 853 4253 radios
878 4213 990 4252 numero
1011 4197 1047 4251 X.
1077 4197 1213 4250 interdum
1233 4193 1261 4248 in
1282 4209 1312 4245 ee
1333 4196 1508 4246 recurrentes

117 4301 128 4322 ·
153 4281 310 4339 abbreviari
331 4287 361 4336 et
381 4281 420 4336 aio
441 4280 572 4334 ebculum
593 4298 646 4350 quo
667 4280 826 4334 ambiuntur
850 4277 966 4348 ejusque
990 4275 1114 4348 vestigia
1132 4289 1245 4331 numero
1265 4271 1327 4326 Vll.
1350 4273 1424 4341 apud
1445 4289 1470 4334 o,
1492 4286 1508 4324 o

154 4361 334 4434 coangustari
356 4360 492 4432 simulque
513 4360 705 4432 crystallinum
725 4359 754 4414 in
775 4378 800 4422 o,
822 4375 838 4412 o
860 4373 878 4412 a
898 4357 1015 4426 fundop
1037 4355 1173 4428 elongari.
1202 4356 1226 4408 E
1248 4351 1386 4406 contrario
1407 4367 1509 4421 expor-

153 4443 239 4498 rectio
261 4442 289 4496 in
314 4442 427 4512 longum
457 4439 541 4494 radiis
572 4456 684 4494 numero
705 4439 744 4503 X,
774 4439 846 4509 quod
865 4439 897 4492 dt
917 4435 1110 4492 attenuatione
1140 4433 1326 4505 singulorum,
1359 4431 1510 4501 ampliatur

155 4522 273 4576 circulus
288 4526 415 4574 extrema
430 4520 539 4574 illorum
553 4518 693 4572 includens
709 4525 738 4572 ει
752 4523 966 4587 repraesentans
988 4533 1100 4570 numero
1115 4515 1175 4569 Vll.
1196 4511 1320 4583 vestigia
1332 4510 1510 4566 rescissorum

155 4601 293 4655 radiorum
318 4615 404 4669 supra
424 4618 448 4666 c,
471 4618 498 4654 o.
541 4599 603 4660 Qua
626 4597 734 4652 ratione
754 4599 793 4660 fit,
816 4603 848 4650 ut
868 4596 1001 4665 ampliato
1029 4596 1130 4650 circulo
1152 4613 1177 4659 o,
1199 4611 1215 4648 o
1236 4593 1335 4647 fundus
1355 4607 1374 4660 p
1395 4589 1509 4661 propina

158 4681 318 4734 attrahatur
339 4679 375 4732 ad
395 4677 587 4750 crystallinum
608 4677 637 4730 in
656 4676 744 4730 medio
765 4676 859 4730 circuli
880 4694 904 4739 o,
927 4695 942 4729 o
964 4691 1137 4745 suspensum.

245 4759 424 4829 Reliquamm
444 4759 565 4829 partium
585 4756 657 4810 oculi
678 4755 829 4826 explicatio
850 4755 926 4810 utilis
946 4771 1046 4826 propp.
1069 4757 1116 4810 60.
1134 4749 1181 4808 61.
1201 4751 1248 4808 62.
1266 4749 1313 4806 63.
1329 4751 1376 4816 64,
1398 4755 1512 4822 petatur

157 4855 195 4894 ex
214 4835 328 4892 Platero
349 4844 380 4892 et
398 4855 477 4893 meae
498 4841 582 4892 Astr:
604 4843 686 4907 parte
707 4835 807 4905 Optica
834 4839 870 4906 (p.
890 4837 963 4901 229).
1471 4873 1476 4884 .
