3694 5528
753 277 920 330 cvm-cx.
1015 334 1018 340 .
1448 277 1514 346 557

252 452 336 512 Tunc
353 451 450 529 igitur
467 451 498 512 in
521 454 632 516 schem.
652 451 705 518 28.
732 473 825 516 cavae
849 453 939 516 lentis
964 461 995 516 ct
1018 455 1095 517 oculi
1125 455 1201 517 situs
1224 451 1282 517 erit
1304 457 1383 518 inter
1406 457 1517 520 lentem

164 558 329 602 convexam
344 529 400 602 AB
424 547 456 600 et
473 550 586 618 puncta
608 562 769 605 concursus
784 543 821 618 D,
837 545 880 617 Ἐς
904 543 945 604 sit
962 544 994 605 in
1009 542 1065 615 IG,
1089 551 1189 606 certus
1205 543 1296 624 igitur
1310 546 1368 606 erit
1381 546 1517 609 modulus

165 627 395 706 couvergentiae
429 629 578 692 rediomm
601 631 659 704 ΑΙ,
689 630 751 693 HG
784 632 893 710 angulo
923 630 1017 693 IFG:
1050 651 1125 712 quae
1156 634 1393 712 convergcntia,
1418 643 1453 696 ut
1479 655 1517 697 ne

164 716 310 796 impediat
333 715 507 778 distinctam
530 719 684 794 visionem,
709 720 845 781 tollenda
867 727 915 781 cst
937 721 984 781 vel
1009 723 1075 782 sola
1096 739 1150 798 pro
1174 721 1259 782 oculo
1284 723 1462 800 αρεσβστου,
1485 732 1519 784 ut

165 805 244 868 radii
275 803 349 865 liant
379 806 533 882 paralleli,
566 809 614 868 vel
645 809 767 888 insuper
802 807 894 869 etiam
927 807 1096 870 inducenda
1126 807 1315 887 divergentia
1346 829 1400 889 pro
1433 812 1518 872 oculo

164 914 295 970 pronae.
347 893 442 975 Atqui
472 913 527 972 per
559 896 641 960 clv.
675 901 830 976 utrumque
861 897 1009 974 praestari
1040 904 1143 976 potest
1175 916 1228 976 per
1269 916 1375 958 cavam
1407 897 1519 961 lentem
1587 967 1589 972 ,

166 982 296 1062 positam
320 981 349 1040 in
374 982 473 1061 aliquo
496 993 606 1062 puncto
631 991 702 1045 ante
726 1003 887 1046 concursus
910 993 1030 1062 puncta.
1078 986 1167 1047 Illam
1190 1003 1260 1046 vero
1289 994 1427 1065 oportere
1452 1005 1518 1050 esse
1544 1041 1560 1070 ‚

168 1069 272 1134 minori
296 1069 406 1130 circulo
425 1090 540 1146 cavam,
566 1092 654 1152 quam
669 1093 727 1166 quo
750 1073 844 1134 utitur
864 1090 1007 1141 convexa,
1033 1073 1257 1153 demonstratur
1271 1081 1305 1136 ut
1318 1093 1402 1154 prop
1420 1073 1519 1138 CVII.

167 1159 228 1222 Sed
252 1166 284 1218 et
307 1177 412 1220 cavam
435 1161 521 1222 oculo
545 1161 680 1222 solitarie
703 1161 836 1240 proxime
861 1161 1042 1240 applicatam
1072 1169 1192 1242 oportet
1214 1163 1340 1225 confusa
1362 1169 1519 1242 praestare

168 1246 306 1310 visibilia
354 1244 435 1316 Quia
450 1227 487 1308 id
512 1251 589 1328 quod
618 1252 755 1311 medetur
787 1249 952 1312 confusioni
980 1268 1034 1328 per
1060 1267 1240 1325 convexum,
1276 1257 1397 1330 oportet
1429 1251 1521 1312 etiam
1570 1244 1572 1247 ’
1641 1323 1646 1332 ¹

168 1343 324 1416 praestare
348 1335 553 1398 confusionem
576 1357 613 1399 cx
636 1356 730 1400 causa
752 1338 913 1400 contraria.
1208 1383 1210 1387 -

255 1423 333 1484 Esto
357 1425 487 1486 secundo
511 1425 586 1487 haec
610 1427 741 1507 qualitas
761 1426 839 1488 situs
862 1427 949 1498 oculi,
973 1431 1007 1486 ut
1022 1425 1185 1489 collocetur
1208 1430 1294 1486 extra
1310 1433 1422 1506 puncta
1446 1446 1519 1488 cou-

168 1532 290 1586 cursus,
323 1517 357 1571 ut
380 1513 406 1574 si
437 1512 467 1574 in
490 1513 600 1578 schem.
626 1513 678 1578 28.
705 1523 788 1577 esset
811 1515 840 1575 in
864 1514 927 1587 ΟΡ,
954 1513 1100 1588 extraD,
1126 1515 1159 1577 F.
1207 1514 1289 1575 Tunc
1322 1515 1415 1594 igitur
1446 1535 1523 1576 cava

169 1602 235 1662 lens
258 1599 412 1679 applicata
435 1601 515 1663 intra
537 1611 680 1682 punctum
704 1604 908 1665 concursusD
931 1603 1019 1664 velF
1042 1620 1094 1681 per
1109 1600 1193 1664 OIV.
1218 1611 1374 1682 praestare
1397 1604 1519 1682 poterit,

169 1697 202 1752 ut
225 1689 323 1750 nullus
347 1690 401 1750 fiat
423 1708 601 1768 concursus,
631 1693 685 1753 sed
708 1699 742 1754 ut
765 1691 841 1753 radii
869 1691 976 1753 iterum
1005 1691 1183 1770 divergant:
1214 1697 1246 1751 et
1269 1691 1313 1752 sic
1336 1692 1460 1753 veniant
1483 1693 1523 1753 ad

171 1778 287 1839 oculum
312 1775 376 1840 ΟΡ.
424 1778 663 1842 Veruntamen'
654 1799 684 1841 ru
713 1781 769 1842 hoe
798 1799 870 1842 casu
902 1780 1015 1840 multae
1046 1780 1235 1857 requiruntur
1266 1763 1520 1842 circumstantiae.

171 1866 302 1928 Primum
332 1865 408 1928 enim
441 1867 553 1930 lentem
586 1888 692 1930 cavam
725 1887 792 1930 esse
822 1877 941 1947 oportet
970 1886 1064 1947 parvo
1096 1866 1215 1931 circulo.
1261 1867 1390 1930 Nam
1365 1888 1391 1930 su
1414 1887 1523 1949 magno

171 1974 248 2016 σανα
271 1961 361 2022 esset.
386 1953 515 2018 universi
540 1957 615 2019 radii
634 1957 794 2030 interAD,
811 1956 866 2017 BD
889 1975 1014 2035 parvam
1030 1955 1095 2035 ejus
1118 1957 1285 2035 portionem
1309 1954 1525 2036 interciperent

171 2042 337 2123 proxImam
361 2044 610 2122 perpendiculari,
635 2046 760 2124 ideoque
784 2046 813 2106 in
837 2044 1018 2106 refractione
1041 2045 1126 2123 parvi
1150 2045 1274 2106 effectus
1298 2049 1330 2105 et
1351 2064 1411 2108 non
1435 2043 1524 2118 tanti,

137 2184 143 2196 .
173 2150 231 2210 quo
254 2130 319 2191 tolli
352 2140 457 2210 posset
487 2134 711 2214 convergentie.
756 2135 822 2195 Hoc
847 2139 894 2194 est
922 2133 989 2194 huic
1022 2132 1107 2194 casui
1139 2151 1293 2194 commune
1322 2152 1389 2195 cum
1420 2132 1523 2212 priori.

173 2219 290 2282 Deinde
314 2218 338 2280 si
363 2220 428 2280 lens
456 2228 504 2282 ost
534 2239 629 2300 parvo
662 2223 771 2284 circulo
802 2240 893 2298 σανα,
926 2227 962 2283 ut
993 2220 1211 2300 diuergentiam
1241 2219 1382 2284 iuducere
1416 2221 1523 2300 possit,

174 2317 273 2370 tamen
304 2307 494 2387 divergentes
527 2310 595 2371 illos
627 2329 685 2372 non
718 2309 812 2371 mittit
843 2329 946 2372 omnes
970 2309 1009 2371 ad
1038 2309 1170 2382 oculum,
1204 2310 1293 2387 longe
1327 2316 1414 2370 extra
1436 2309 1525 2384 D,F
1562 2364 1566 2372 .

172 2415 333 2460 concursus
353 2404 464 2475 puncta
478 2398 668 2461 collocatum
704 2399 784 2461 Nam
799 2397 825 2458 si
839 2398 915 2460 radii
930 2397 1098 2474 divergunt,
1123 2397 1266 2459 aberrant
1287 2396 1377 2475 igitur
1395 2397 1523 2458 circum-

172 2486 253 2548 circa
276 2484 314 2546 ab
347 2485 433 2547 oculo
465 2486 579 2548 eminus
609 2488 720 2566 posito.
767 2486 988 2566 Relinquuntur
1018 2487 1110 2565 Igitur
1139 2484 1311 2564 paucissimi
1339 2503 1393 2564 per
1425 2485 1524 2563 ipsum

172 2592 324 2636 convexae
349 2573 440 2634 lentis
463 2574 634 2636 umbilicum
657 2577 724 2647 (aut
748 2575 829 2636 aliud
852 2575 973 2676 aliquod
997 2574 1076 2653 ejus
1072 2581 1224 2652 puuctum
1251 2591 1305 2652 pro
1319 2573 1392 2634 situ
1415 2576 1525 2646 cavae)

173 2653 406 2740 angustissimae
434 2661 580 2766 portionis
607 2663 780 2725 transmissi
803 2661 833 2724 in
857 2663 955 2743 ipsum
987 2661 1109 2724 fundum
1132 2661 1161 2723 D
1185 2679 1278 2722 cavae
1313 2660 1400 2722 lentis
1432 2678 1525 2738 prope

173 2749 463 2831 perpendicularem,
487 2751 536 2830 qui
559 2771 635 2830 pene
659 2753 770 2813 nullam
792 2751 907 2813 babent
935 2747 1153 2830 divergentiem
1176 2767 1269 2828 eoque
1292 2767 1346 2827 pro
1368 2747 1525 2828 parallelis

174 2838 279 2900 haberi
311 2847 446 2918 possunt.
507 2837 574 2910 Quo
607 2841 736 2903 nomine.
758 2848 876 2902 tantum
907 2859 968 2908 τοις
1001 2839 1180 2916 accederem
1216 2835 1360 2899 serviunt.
1423 2835 1526 2899 Tertio
1576 2913 1578 2916 Ι

176 2925 382 2990 tenuissimam
412 2927 539 2990 visibilis
571 2929 750 3007 particulam
773 2929 821 2990 hic
849 2928 927 2989 situs
950 2929 989 2989 ad
1019 2928 1138 2989 oculum
1165 2924 1369 3000 transmittet,
1402 2932 1526 3005 propter

162 3015 254 3078 oculi
269 3014 324 3076 ΟΡ
347 3016 567 3095 elongationem
589 3024 622 3078 et
644 3018 682 3078 ab
696 3017 759 3100 ΑΒΙ
777 3017 859 3079 lente
883 3035 1018 3078 convexa
1041 3019 1110 3094 (per
1129 3015 1226 3089 dicta)
1250 3023 1282 3076 et
1299 3033 1318 3074 a
1336 3032 1413 3074 σανα
1436 3032 1528 3092 supra

174 3107 203 3167 D
227 3105 275 3165 vel
298 3105 323 3166 F
346 3105 474 3166 locanda
500 3123 555 3185 per
576 3103 710 3181 XCVII,
740 3112 771 3168 ct
799 3105 922 3185 insuper
952 3105 983 3167 id
1013 3102 1152 3185 quicquid
1185 3110 1233 3163 est
1265 3102 1384 3164 minImo
1418 3102 1527 3182 angulo

195 3213 228 3256 er
249 3191 400 3257 xcvrn.

173 3213 194 3274 p
265 3281 348 3344 CIX.
394 3279 619 3359 Propositio.
665 3283 699 3343 Iu
724 3281 931 3344 instrumentis
955 3280 1072 3358 majora
1094 3285 1127 3341 ct
1149 3275 1295 3340 distincta
1318 3275 1529 3338 exhibentibus

175 3369 309 3434 visibilia
336 3370 418 3431 nulla
447 3387 524 3431 cava
546 3370 612 3431 lens
631 3371 721 3432 valde
740 3371 827 3450 longe
847 3371 937 3432 abest
952 3389 970 3429 α
983 3369 1104 3448 punctis
1128 3385 1299 3441 concursus,
1324 3363 1395 3447 post
1417 3363 1529 3426 lentem

176 3477 342 3522 convexam
366 3457 577 3520 existentibus.
1246 3475 1251 3482 ·
1330 3479 1384 3543 mg.
1405 3473 1448 3528 29,

264 3547 346 3609 Nam
368 3546 394 3608 si
418 3565 507 3625 quern
529 3545 592 3607 fieri
612 3553 714 3627 potest
736 3546 869 3608 maxima
890 3552 1130 3622 repraesentent,
1155 3563 1261 3604 cavam
1350 3604 1354 3629 ι
1463 3614 1470 3629 .-

178 3639 290 3699 lentem
313 3641 432 3714 oportet
450 3652 517 3694 esse
537 3635 671 3714 proxime
690 3636 807 3696 oculum
827 3655 882 3714 per
898 3634 1046 3697 XCVIII.
1088 3632 1261 3696 Convcxam
1348 3634 1353 3637 ’

177 3746 249 3787 vern
264 3723 352 3801 longe
372 3723 410 3784 ab
426 3724 510 3784 oculo
524 3741 578 3801 per
586 3723 751 3787 LXXXII.
776 3722 876 3794 Quare
892 3731 924 3784 et
938 3724 1026 3800 louge
1045 3720 1159 3783 alente
1169 3737 1261 3787 cava;

178 3823 210 3876 et
238 3821 338 3875 tamen
366 3810 457 3873 lentls
484 3829 577 3872 cavae
610 3812 693 3873 locus
719 3831 774 3890 por
798 3813 882 3876 CIV.
912 3818 960 3872 est
989 3811 1067 3872 iuter
1099 3827 1263 3870 convexam

178 3912 210 3965 et
233 3902 299 3981 ejus
331 3906 472 3980 punctum
502 3918 671 3963 concursus.
724 3899 757 3962 Si
787 3920 857 3978 ergo
886 3919 1021 3961 convexa
1054 3905 1102 3958 est
1130 3897 1216 3974 longe
1244 3916 1263 3955 α

178 4013 255 4054 σανα
278 3996 407 4062 remota,
436 3994 577 4067 puuctum
608 4007 768 4052 concursus
792 3990 850 4051 erit
872 3987 1037 4068 proximum
1061 4003 1154 4046 cavae
1178 3983 1262 4044 lenti.

269 4079 337 4142 CX.
384 4075 609 4156 Propositio.
656 4077 817 4157 Proposita
840 4077 920 4137 lente
948 4094 1095 4146 convexa,
1125 4090 1266 4134 cavarum

180 4169 303 4232 lentium
328 4165 413 4228 oculo
432 4165 565 4244 proxime
586 4165 816 4245 applicatarum,
836 4183 911 4245 quae
935 4163 1041 4226 minori
1065 4161 1175 4223 circulo
1191 4178 1268 4221 cava
1348 4157 1373 4237 '‚
1428 4207 1447 4235 ,

179 4267 242 4333 est,
272 4276 309 4316 ea
341 4253 460 4333 longius
491 4273 510 4314 a
542 4272 674 4315 convexo
707 4255 804 4316 distat
834 4261 866 4314 et
895 4253 1019 4332 propius
1052 4249 1091 4311 ad
1124 4247 1265 4329 puirctum

179 4362 342 4408 concursus
367 4341 550 4423 applicanda
573 4349 631 4402 est.
1369 4388 1371 4411 ,

268 4431 376 4493 Lentis
400 4448 553 4491 convexae
572 4429 628 4490 AB
651 4429 750 4509 portio
772 4428 828 4490 DE
851 4429 954 4490 radios
970 4428 1008 4488 ab
1028 4426 1134 4488 eodem
1157 4430 1268 4504 puncto
1368 4428 1382 4455 '

182 4523 308 4583 fluentes
331 4518 522 4580 transmittat
545 4524 577 4578 et
600 4517 641 4578 eit
664 4535 824 4579 concursus
849 4515 885 4578 Ο.

271 4607 347 4669 Cum
378 4606 472 4686 igitur
500 4625 554 4684 per
586 4625 675 4667 unam
714 4605 823 4666 lentem
864 4622 1028 4666 convexam
1055 4601 1112 4664 AB
1151 4600 1269 4680 (ejusve

183 4695 348 4775 portionem
381 4694 437 4755 DE
468 4713 559 4755 uuam
591 4703 623 4754 et
662 4693 803 4766 eandem)
841 4693 946 4754 eadem
976 4690 1018 4752 sit
1057 4687 1272 4767 couvergentia

184 4781 334 4846 radiorum
356 4781 422 4856 Do,
446 4781 511 4852 EG,
537 4801 626 4844 unum
650 4788 683 4844 ct
705 4781 781 4842 idem
813 4781 902 4844 debet
929 4778 1065 4843 adhiberi
1095 4778 1272 4850 remedium,
