3700 5530
334 307 401 376 630
814 312 854 362 De
873 288 951 364 Stella
969 313 1041 388 liora
1059 311 1211 378 Serpentarii

335 488 459 569 periodo
483 487 646 549 consistere
670 487 735 549 loco
759 489 896 568 pristino,
922 491 1052 570 quadras
1075 489 1172 551 redire
1197 489 1235 549 ad
1259 488 1327 550 loca
1340 487 1476 568 pristinis
1498 488 1609 562 vicina,
1634 487 1690 548 nisi

336 577 529 639 distinctione
551 577 630 637 inter
653 575 753 638 sidera
776 579 859 638 facta
882 579 1106 658 nominibusque
1137 577 1308 656 impositis?
1339 575 1456 646 Quibus
1487 576 1605 656 quidem
1634 575 1689 636 boo

335 665 505 727 necessario
531 665 654 725 facturis
679 674 787 726 natura
810 668 970 745 praelusit,
1000 667 1147 727 sideribus
1176 683 1230 744 per
1258 665 1577 744 ultimam-sphaeram
1609 663 1688 725 nullo

333 761 477 835 perpetuo
502 751 618 826 ordine,
643 753 698 814 hoc
723 763 771 816 est
794 757 932 832 confuse,
957 755 1177 827 disseminatis;
1207 771 1243 812 ne
1268 752 1474 832 dispositionis
1497 751 1688 814 similitudine

333 841 363 902 in
387 841 514 902 diversis
540 840 613 901 locis
636 840 771 903 homines
796 844 860 904 falli
883 853 1018 924 possent.
1056 843 1106 905 Ab
1122 841 1262 921 agricolis
1278 842 1369 920 igitur·
1384 851 1432 902 est
1444 841 1545 915 Aries,
1561 840 1686 912 Taurus,

332 929 429 1008 Virgo
452 930 609 1009 spicifera,
644 927 759 1009 Caper,
784 931 898 993 Bootes
921 951 975 992 seu
1003 932 1152 1010 agitator,
1185 930 1372 1002 Heniochus,
1402 927 1545 1010 Capella,
1578 929 1687 1000 Haedi,

331 1019 504 1080 Plaustrum
528 1037 580 1078 seu
604 1018 685 1080 Ursa
708 1021 855 1091 (Homero
880 1021 944 1099 jam
968 1031 1040 1080 nota
1063 1020 1200 1099 nomina)
1224 1027 1257 1078 et
1280 1018 1409 1080 similes:
1451 1037 1471 1077 a
1493 1018 1594 1078 nautis
1617 1033 1688 1076 vero

330 1107 481 1185 Plejades,
505 1107 612 1180 Navis,
637 1107 720 1168 sidus
744 1108 891 1170 horizonti
915 1107 1089 1181 meridiano,
1110 1109 1166 1170 hoc
1190 1115 1238 1168 est
1261 1106 1411 1168 montibus
1427 1107 1568 1166 autmari
1587 1103 1687 1166 couti-

330 1213 428 1274 guum,
446 1196 562 1273 quoties
580 1195 710 1270 videtur,
727 1207 757 1258 et
771 1197 901 1258 similes:
927 1196 965 1258 ab
985 1198 1118 1276 utrisque
1132 1195 1265 1276 Hyades.
1305 1193 1339 1256 Si
1359 1213 1435 1273 quae
1454 1193 1531 1254 aliae
1551 1193 1690 1254 videntur

330 1283 448 1360 longius
473 1282 554 1344 abire
579 1301 598 1342 a
621 1283 709 1344 rebus
734 1285 850 1364 utrique
875 1285 1025 1346 hominnm
1045 1285 1146 1361 generi
1169 1282 1383 1356 familiaribus,
1407 1289 1545 1344 atcerte
1568 1290 1688 1342 santae

330 1381 402 1432 sunt
425 1391 441 1431 e
465 1373 563 1432 medio
586 1371 669 1433 vitae
693 1391 758 1442 usu,
783 1373 907 1435 erebus
922 1375 1026 1436 oculos
1046 1372 1231 1446 ferientibus,
1256 1381 1290 1432 ιιι
1304 1372 1450 1444 Venator,
1470 1371 1558 1445 Fara,
1573 1370 1687 1449 Lepus,

329 1458 431 1534 Canis,
456 1459 599 1538 Serpens.

408 1547 534 1618 ¹Quodsi
559 1548 751 1648 conjecturae
784 1548 856 1610 licet
883 1549 1055 1627 indulgere,
1087 1549 1235 1610 delectum
1268 1545 1430 1624 imaginum
1463 1554 1495 1608 et
1525 1517 1687 1621 nornibnm,

329 1655 404 1717 quae
428 1638 515 1716 plura
539 1637 588 1698 nni
612 1637 835 1698 constellationi
861 1656 996 1698 ererum
1020 1646 1129 1699 natura
1151 1645 1291 1716 poterant
1312 1635 1474 1714 imponere,
1498 1633 1575 1695 duae
1593 1651 1687 1712 prae·

328 1727 434 1804 cipuae
468 1744 578 1786 causae
612 1727 763 1788 iecerunt:
797 1726 955 1806 dispositio
988 1727 1143 1788 stellamm
1176 1733 1207 1786 et
1234 1732 1353 1802 tempus
1377 1723 1446 1784 anni
1470 1721 1610 1802 operibus
1633 1741 1687 1782 sen

327 1813 457 1876 nauticis
480 1833 534 1876 seu
559 1813 681 1874 rusticis
706 1822 911 1892 opportunum.
957 1813 1103 1893 Equidem
1133 1814 1181 1893 qui
1207 1813 1292 1884 Ursi,
1327 1810 1376 1890 qui
1399 1811 1601 1891 Serpentarii,
1637 1811 1686 1889 qui

281 1942 295 1964 .
328 1900 496 1982 Serpentis,
522 1903 571 1982 qui
594 1902 729 1982 Hydrae,
753 1900 885 1974 Orionis,
908 1903 1046 1981 Leporis,
1072 1901 1174 1978 Canis,
1200 1901 1307 1974 Tauri,
1332 1898 1538 1974 Geminorum,
1564 1896 1685 1972 Cancri,

327 1989 454 2060 Leonis,
487 1991 601 2052 alarum
634 1991 663 2052 in
688 1989 829 2068 Virgine,
860 1989 994 2070 Scorpii,
1020 1991 1160 2072 Sagittae
1193 1999 1225 2052 et
1247 1991 1360 2062 Arcus,
1396 1987 1554 2060 Gallinae,
1583 1985 1684 2058 Corvi,

329 2077 482 2152 Coronae,
506 2079 662 2158 Trianguli
690 2079 906 2159 multarumque
936 2079 1061 2142 aliarum
1092 2080 1251 2158 figurarum
1275 2077 1381 2140 stellas
1405 2078 1552 2150 intuetur,
1583 2094 1685 2136 earnm

328 2167 518 2246 praesertim,
545 2187 620 2246 quae
645 2177 749 2228 nostra
766 2169 909 2230 memoria
932 2185 970 2228 ex
993 2169 1078 2232 coelo
1102 2167 1269 2229 antarctico
1283 2167 1485 2245 Hispanorum
1509 2165 1683 2226 etHollan-

329 2256 433 2316 dorum
456 2256 605 2317 industria
629 2264 837 2318 accesserunt:
866 2256 948 2318 videt
972 2256 1022 2318 ille
1046 2255 1196 2336 quandam
1220 2255 1427 2334 dispositionis
1451 2273 1552 2318 earum
1576 2253 1682 2316 simili·
1725 2263 1729 2271 '

327 2343 462 2404 tudinem
494 2363 561 2404 cum
592 2343 733 2406 membris
766 2346 937 2406 animalium
962 2355 995 2406 et
1016 2365 1127 2420 rerum,
1162 2365 1181 2404 a
1212 2345 1319 2423 quibus
1349 2343 1463 2404 babent
1485 2342 1619 2416 nomina,
1651 2349 1684 2402 et

328 2431 412 2493 videt
434 2432 490 2493 hoc
514 2434 627 2494 rectius
650 2451 687 2492 eu
711 2433 794 2494 coelo
818 2452 907 2512 quarn
931 2453 969 2494 ex
993 2433 1099 2511 globo:
1133 2433 1211 2512 quod
1240 2432 1328 2494 hodie
1359 2431 1486 2494 vitiatae
1515 2431 1682 2494 habeantur

329 2521 384 2582 hae
409 2522 555 2600 imagines
578 2540 632 2600 pro
656 2520 741 2582 libitu
764 2522 910 2600 pictorum
934 2531 967 2583 et
988 2523 1172 2601 sculptorum
1195 2523 1410 2594 coulbrruatae,
1435 2541 1455 2582 a
1477 2519 1585 2588 stellis,
1614 2517 1679 2598 qui-

327 2611 382 2670 bus
406 2611 527 2672 nomina
551 2611 706 2678 dederuut,
731 2618 763 2671 et
786 2631 805 2670 a
827 2619 928 2674 mente
952 2619 1105 2672 auctorum
1128 2618 1316 2671 vetustorum
1340 2610 1427 2688 longe
1450 2609 1640 2672 dissidentes.

338 2725 343 2734 ·
415 2699 496 2759 Audi
521 2718 625 2762 versus
648 2699 738 2760 Arati
762 2699 798 2760 de
822 2700 936 2762 Tauro:
1001 2743 1006 2752 -

648 2821 690 2869 Tu
708 2812 775 2870 de
760 2835 788 2870 οι
804 2819 870 2888 μαλ’
888 2817 999 2871 dorsera
1018 2831 1139 2904 σηματα
1144 2833 1231 2870 κειται

647 2883 752 2955 Τοιη
735 2907 752 2955 η
772 2891 879 2958 tremule]
898 2888 1083 2956 susceptam,
1104 2883 1173 2942 οὐδε
1191 2907 1232 2948 τις
1250 2882 1324 2973 ἄλλῳ

642 2961 753 3044 Σηματι
772 2977 938 3044 τεκμηραιτο
958 2953 1176 3028 represserint
1193 2977 1246 3030 μεν
1265 2953 1333 3012 αὐτο

559 3053 563 3062 ·
641 3023 746 3102 Ἀςερες
764 3025 968 3106 ἆμφοτερωθεν
987 3027 1166 3101 discooperui
1183 3042 1318 3083 τυποωσι.

414 3141 464 3200 Ita
497 3139 616 3218 quidem
649 3140 785 3221 superius
809 3141 1009 3214 Albunnasar,
1044 3159 1166 3202 oausam
1198 3141 1360 3219 imaginum
1394 3158 1452 3201 non
1485 3157 1525 3199 ex
1555 3144 1689 3204 naturae,

324 3228 528 3307 penetralibus
551 3229 605 3288 sed
629 3247 667 3288 ex
687 3229 778 3290 Arati
801 3230 982 3292 auctoritate
1010 3237 1162 3308 repetens.

414 3315 559 3378 Vicissim
582 3317 631 3394 qui
655 3317 740 3378 audit
758 3316 911 3396 Pleiadas,
936 3317 1082 3390 Aristan.
1102 3315 1370 3380 Vindemiatricenr
1393 3313 1549 3388 nominari,
1573 3313 1675 3375 simul-

325 3423 381 3484 que
405 3404 585 3476 considerat,
612 3404 689 3482 quod
713 3414 796 3466 ortus
814 3425 916 3468 earum
933 3405 1089 3487 prosigue
1105 3403 1518 3486 ineritoperumuavigaudi,
1538 3401 1677 3474 metendi,

321 3492 490 3556 vindemias
518 3491 693 3594 colligendi3
727 3493 797 3572 quid
831 3495 881 3555 ille
914 3513 1025 3575 quaeso
1056 3493 1227 3556 occultioris
1260 3493 1468 3573 philosophiae
1501 3491 1618 3572 quaerit
1647 3491 1677 3550 in

322 3581 429 3643 horum
452 3581 603 3642 nominum
626 3581 762 3642 ratione?
786 3601 852 3644 cum
875 3602 968 3646 causa
991 3581 1118 3644 nominis
1142 3583 1180 3644 ad
1205 3584 1322 3644 oculum
1344 3589 1465 3662 pateat,
1497 3589 1530 3642 et
1550 3580 1618 3641 ideo
1641 3597 1677 3640 ne

322 3669 443 3750 quidem
461 3671 617 3732 stellarum
641 3669 799 3748 dispositio
823 3671 935 3732 nomini
958 3671 1140 3734 stabiliendo
1158 3677 1334 3775 quaeratur.

383 3759 498 3820 ¹Hanc
523 3777 643 3820 causam
666 3757 756 3820 Picus
781 3759 917 3822 extendit
949 3760 988 3823 ad
1021 3777 1124 3822 omnes
1157 3759 1303 3838 imagines
1336 3777 1395 3820 non
1427 3757 1524 3820 minua
1556 3755 1680 3819 ridicula

322 3848 496 3926 conjectura
519 3847 556 3908 de
580 3846 730 3908 hominum
753 3847 1002 3926 cogitationibus,
1027 3866 1116 3928 quam
1139 3854 1210 3910 sunt
1228 3847 1447 3928 astrologomm
1466 3845 1504 3908 de
1528 3846 1679 3926 signmum

322 3935 447 4010 naturis,
473 3953 548 4013 quas
572 3941 731 4014 tantopere
755 3934 888 3999 deridet:
914 3936 983 3998 dum
1004 3936 1189 3998 consilium
1180 3935 1255 4016 rpsis
1272 3935 1363 3997 fuisse
1378 3935 1432 4011 ait,
1456 3934 1526 3996 anni
1545 3942 1679 4013 tempora

322 4041 376 4103 per
399 4023 546 4102 imagines
569 4022 686 4086 zodiaci
712 4020 751 4084 12
776 4024 951 4104 exprimere.

411 4111 488 4173 Esto
522 4120 554 4172 et
585 4112 678 4174 tertia
710 4130 803 4173 causa
834 4111 947 4192 primae
978 4111 1144 4192 permixta,
1179 4109 1292 4172 aPico
1316 4109 1677 4184 stiam,commemorata,

322 4219 398 4280 quae
423 4199 531 4271 effecit,
556 4206 589 4261 nt
612 4200 861 4262 constellationes
885 4202 1054 4269 nonnullae,
1078 4199 1237 4261 humanam
1257 4205 1521 4277 repraesentantes
1541 4197 1675 4278 effigiem,

322 4289 508 4369 quorundam
532 4288 750 4350 individuorum
774 4288 896 4351 nomina
919 4289 1095 4358 meruerint,
1128 4289 1271 4350 historiae
1300 4305 1405 4367 nempe
1437 4305 1490 4348 seu
1513 4304 1602 4348 verae
1624 4303 1679 4346 seu

322 4377 489 4438 fabulosae.
536 4374 604 4447 Quo
627 4377 657 4438 in
682 4395 773 4437 censu
797 4385 868 4439 srrnt
897 4375 1052 4457 Cepheus,
1084 4377 1292 4449 Andromeda,
1312 4373 1515 4455 -oassiopeia,
1539 4375 1676 4445 Perseus,

320 4466 478 4526 Hiaco·et
501 4465 589 4528 aliae.
636 4465 701 4526 Nec
725 4466 870 4528 dissimile
893 4485 979 4538 vero,
1012 4465 1144 4528 vicissim
1168 4485 1206 4526 cx
1229 4483 1279 4539 eo,
1314 4465 1392 4545 quod
1419 4463 1528 4542 vulgus
1558 4461 1676 4542 agrino·

321 4553 431 4614 larum·
442 4553 591 4616 sideribus
606 4554 783 4632 quibusdam
797 4553 969 4616 animalium
983 4554 1105 4615 nomina
1120 4551 1337 4633 transscripsit,
1362 4559 1445 4615 ortas
1468 4569 1538 4614 esse
1560 4548 1677 4613 fabulas

323 4643 445 4718 poetica
468 4639 737 4704 commentatione:
761 4659 901 4723 quorsum
921 4643 1026 4704 referri
1045 4643 1163 4704 videtur
1177 4642 1291 4722 Hydra,
1308 4638 1427 4714 Orator,
1447 4638 1574 4714 Corvus,
1588 4639 1675 4711 ursa,

323 4725 499 4806 Ophiuchus
524 4749 590 4792 eum
614 4729 763 4807 Serpente
787 4741 818 4792 et
850 4730 975 4793 similes.
1022 4728 1121 4800 Quam
1152 4731 1303 4794 hominum
1327 4728 1507 4810 periergism
1529 4726 1675 4790 lucianus

321 4813 422 4876 libello
446 4818 483 4878 de
506 4818 685 4896 Astrologia
707 4818 808 4886 ridens
832 4819 1089 4895 artificiosissime,
1114 4827 1148 4882 ut
1170 4820 1221 4880 vis
1245 4817 1409 4894 discernas,
1434 4817 1521 4894 ludos
1543 4823 1617 4896 agat
1638 4831 1675 4876 sn
