<?xml version="1.0" encoding="UTF-8"?>
<!DOCTYPE html PUBLIC "-//W3C//DTD XHTML 1.0 Transitional//EN"
    "http://www.w3.org/TR/xhtml1/DTD/xhtml1-transitional.dtd">
<html xmlns="http://www.w3.org/1999/xhtml" xml:lang="en" lang="en">
 <head>
  <title>
</title>
<meta http-equiv="Content-Type" content="text/html;charset=utf-8" />
  <meta name='ocr-system' content='tesseract 3.04.00' />
  <meta name='ocr-capabilities' content='ocr_page ocr_carea ocr_par ocr_line ocrx_word'/>
</head>
<body>
  <div class='ocr_page' id='page_1' title='image "./joanniskepleria02unkngoog/joanniskepleria02unkngoog_0765.png"; bbox 0 0 3566 5536; ppageno 0'>
   <div class='ocr_carea' id='block_1_1' title="bbox 350 261 1222 331">
    <p class='ocr_par' dir='ltr' id='par_1_1' title="bbox 350 261 1222 331">
     <span class='ocr_line' id='line_1_1' title="bbox 350 261 1222 331; baseline -0.007 -8"><span class='ocrx_word' id='word_1_1' title='bbox 350 261 414 330; x_wconf 75' lang='grc'><strong>728</strong></span> <span class='ocrx_word' id='word_1_2' title='bbox 784 273 789 282; x_wconf 95' lang='grc'><strong>’</strong></span> <span class='ocrx_word' id='word_1_3' title='bbox 827 265 867 316; x_wconf 87' lang='lat' dir='ltr'><strong>De</strong></span> <span class='ocrx_word' id='word_1_4' title='bbox 886 264 965 316; x_wconf 84' lang='lat' dir='ltr'><strong>Stella</strong></span> <span class='ocrx_word' id='word_1_5' title='bbox 981 263 1055 316; x_wconf 83' lang='lat' dir='ltr'><strong>Nora</strong></span> <span class='ocrx_word' id='word_1_6' title='bbox 1072 264 1222 331; x_wconf 71' lang='lat' dir='ltr'><strong>Semeutuii</strong></span> 
     </span>
    </p>
   </div>
   <div class='ocr_carea' id='block_1_2' title="bbox 308 441 1711 2308">
    <p class='ocr_par' dir='ltr' id='par_1_2' title="bbox 308 441 1711 2308">
     <span class='ocr_line' id='line_1_2' title="bbox 348 441 1710 526; baseline -0.003 -18"><span class='ocrx_word' id='word_1_7' title='bbox 348 441 619 526; x_wconf 75' lang='lat' dir='ltr'><strong>permutationibus</strong></span> <span class='ocrx_word' id='word_1_8' title='bbox 643 459 697 504; x_wconf 91' lang='grc' dir='ltr'><strong>εεε</strong></span> <span class='ocrx_word' id='word_1_9' title='bbox 727 443 828 522; x_wconf 89' lang='lat' dir='ltr'><strong>potius</strong></span> <span class='ocrx_word' id='word_1_10' title='bbox 858 445 975 524; x_wconf 87' lang='lat' dir='ltr'><strong>magnis</strong></span> <span class='ocrx_word' id='word_1_11' title='bbox 1007 443 1282 522; x_wconf 86' lang='lat' dir='ltr'><strong>conjunctionibus,</strong></span> <span class='ocrx_word' id='word_1_12' title='bbox 1314 441 1345 505; x_wconf 91' lang='lat' dir='ltr'><strong>id</strong></span> <span class='ocrx_word' id='word_1_13' title='bbox 1376 442 1434 505; x_wconf 90' lang='lat' dir='ltr'><strong>bae</strong></span> <span class='ocrx_word' id='word_1_14' title='bbox 1465 441 1606 522; x_wconf 87' lang='lat' dir='ltr'><strong>generali</strong></span> <span class='ocrx_word' id='word_1_15' title='bbox 1638 461 1710 504; x_wconf 76' lang='lat' dir='ltr'><strong>soce</strong></span> 
     </span>
     <span class='ocr_line' id='line_1_3' title="bbox 348 532 1710 614; baseline -0.001 -18"><span class='ocrx_word' id='word_1_16' title='bbox 348 533 530 596; x_wconf 76' lang='lat' dir='ltr'>turbationis</span> <span class='ocrx_word' id='word_1_17' title='bbox 553 549 649 594; x_wconf 88' lang='lat' dir='ltr'><strong>rerum</strong></span> <span class='ocrx_word' id='word_1_18' title='bbox 673 551 727 611; x_wconf 86' lang='lat' dir='ltr'><strong>per</strong></span> <span class='ocrx_word' id='word_1_19' title='bbox 750 551 817 594; x_wconf 91' lang='lat' dir='ltr'><strong>sese</strong></span> <span class='ocrx_word' id='word_1_20' title='bbox 840 533 991 594; x_wconf 90' lang='lat' dir='ltr'><strong>mobilium</strong></span> <span class='ocrx_word' id='word_1_21' title='bbox 1014 532 1283 612; x_wconf 80' lang='lat' dir='ltr'><strong>comprehenditur.</strong></span> <span class='ocrx_word' id='word_1_22' title='bbox 1322 533 1356 594; x_wconf 94' lang='lat' dir='ltr'><strong>In</strong></span> <span class='ocrx_word' id='word_1_23' title='bbox 1377 533 1416 594; x_wconf 87' lang='lat' dir='ltr'><strong>iis</strong></span> <span class='ocrx_word' id='word_1_24' title='bbox 1439 533 1552 614; x_wconf 88' lang='lat' dir='ltr'><strong>quippe</strong></span> <span class='ocrx_word' id='word_1_25' title='bbox 1577 533 1710 613; x_wconf 85' lang='lat' dir='ltr'><strong>negotiis</strong></span> 
     </span>
     <span class='ocr_line' id='line_1_4' title="bbox 348 621 1711 704; baseline -0.001 -19"><span class='ocrx_word' id='word_1_26' title='bbox 348 623 445 704; x_wconf 89' lang='lat' dir='ltr'><strong>iisque</strong></span> <span class='ocrx_word' id='word_1_27' title='bbox 469 622 695 701; x_wconf 88' lang='lat' dir='ltr'><strong>rebuspublicis,</strong></span> <span class='ocrx_word' id='word_1_28' title='bbox 720 622 881 701; x_wconf 87' lang='lat' dir='ltr'><strong>quaejam</strong></span> <span class='ocrx_word' id='word_1_29' title='bbox 905 623 1030 685; x_wconf 89' lang='lat' dir='ltr'><strong>amulto</strong></span> <span class='ocrx_word' id='word_1_30' title='bbox 1054 629 1189 702; x_wconf 88' lang='lat' dir='ltr'><strong>tempore</strong></span> <span class='ocrx_word' id='word_1_31' title='bbox 1213 621 1414 684; x_wconf 85' lang='lat' dir='ltr'><strong>turbabantur</strong></span> <span class='ocrx_word' id='word_1_32' title='bbox 1437 621 1557 694; x_wconf 84' lang='lat' dir='ltr'><strong>leniter,</strong></span> <span class='ocrx_word' id='word_1_33' title='bbox 1583 623 1657 684; x_wconf 84' lang='lat' dir='ltr'><strong>neri</strong></span> <span class='ocrx_word' id='word_1_34' title='bbox 1680 631 1711 684; x_wconf 89' lang='lat' dir='ltr'><strong>et</strong></span> 
     </span>
     <span class='ocr_line' id='line_1_5' title="bbox 347 709 1710 794; baseline -0.001 -20"><span class='ocrx_word' id='word_1_35' title='bbox 347 711 500 794; x_wconf 80' lang='lat' dir='ltr'><strong>praecipui</strong></span> <span class='ocrx_word' id='word_1_36' title='bbox 523 711 667 772; x_wconf 90' lang='lat' dir='ltr'><strong>turnultus</strong></span> <span class='ocrx_word' id='word_1_37' title='bbox 691 709 816 772; x_wconf 86' lang='lat' dir='ltr'><strong>excitati</strong></span> <span class='ocrx_word' id='word_1_38' title='bbox 840 719 917 786; x_wconf 91' lang='lat' dir='ltr'><strong>sunt,</strong></span> <span class='ocrx_word' id='word_1_39' title='bbox 943 712 1031 792; x_wconf 89' lang='lat' dir='ltr'><strong>idque</strong></span> <span class='ocrx_word' id='word_1_40' title='bbox 1055 720 1125 773; x_wconf 90' lang='lat' dir='ltr'><strong>aute</strong></span> <span class='ocrx_word' id='word_1_41' title='bbox 1149 711 1400 778; x_wconf 88' lang='lat' dir='ltr'><strong>triennium.tuto</strong></span> <span class='ocrx_word' id='word_1_42' title='bbox 1420 711 1601 792; x_wconf 79' lang='lat' dir='ltr'><strong>praedicere</strong></span> <span class='ocrx_word' id='word_1_43' title='bbox 1626 712 1710 792; x_wconf 82' lang='lat' dir='ltr'><strong>potui</strong></span> 
     </span>
     <span class='ocr_line' id='line_1_6' title="bbox 349 799 773 864; baseline -0.007 -1"><span class='ocrx_word' id='word_1_44' title='bbox 349 803 441 864; x_wconf 89' lang='lat' dir='ltr'><strong>etlam</strong></span> <span class='ocrx_word' id='word_1_45' title='bbox 464 800 521 862; x_wconf 90' lang='lat' dir='ltr'><strong>hac</strong></span> <span class='ocrx_word' id='word_1_46' title='bbox 543 799 609 862; x_wconf 83' lang='lat' dir='ltr'><strong>vice</strong></span> <span class='ocrx_word' id='word_1_47' title='bbox 633 800 773 861; x_wconf 80' lang='lat' dir='ltr'><strong>futurum.</strong></span> 
     </span>
     <span class='ocr_line' id='line_1_7' title="bbox 308 883 1709 970; baseline -0.001 -18"><span class='ocrx_word' id='word_1_48' title='bbox 308 883 311 892; x_wconf 82' lang='lat'>&#39;</span> <span class='ocrx_word' id='word_1_49' title='bbox 435 887 597 969; x_wconf 86' lang='lat' dir='ltr'><strong>Imperium</strong></span> <span class='ocrx_word' id='word_1_50' title='bbox 630 905 701 950; x_wconf 80' lang='lat' dir='ltr'><strong>vero</strong></span> <span class='ocrx_word' id='word_1_51' title='bbox 727 890 817 970; x_wconf 88' lang='lat' dir='ltr'><strong>plane</strong></span> <span class='ocrx_word' id='word_1_52' title='bbox 849 905 957 951; x_wconf 88' lang='lat' dir='ltr'><strong>novum</strong></span> <span class='ocrx_word' id='word_1_53' title='bbox 987 891 1065 950; x_wconf 89' lang='lat' dir='ltr'><strong>inter</strong></span> <span class='ocrx_word' id='word_1_54' title='bbox 1094 889 1228 952; x_wconf 87' lang='lat' dir='ltr'><strong>homines</strong></span> <span class='ocrx_word' id='word_1_55' title='bbox 1259 887 1463 965; x_wconf 88' lang='lat' dir='ltr'><strong>constituere,</strong></span> <span class='ocrx_word' id='word_1_56' title='bbox 1495 907 1654 970; x_wconf 89' lang='lat' dir='ltr'><strong>regnaque</strong></span> <span class='ocrx_word' id='word_1_57' title='bbox 1678 902 1709 951; x_wconf 91' lang='lat' dir='ltr'><strong>et</strong></span> 
     </span>
     <span class='ocr_line' id='line_1_8' title="bbox 347 978 1708 1060; baseline 0 -20"><span class='ocrx_word' id='word_1_58' title='bbox 347 978 532 1060; x_wconf 70' lang='lat' dir='ltr'><strong>principatus</strong></span> <span class='ocrx_word' id='word_1_59' title='bbox 566 979 747 1052; x_wconf 85' lang='lat' dir='ltr'><strong>transferre,</strong></span> <span class='ocrx_word' id='word_1_60' title='bbox 780 979 963 1040; x_wconf 88' lang='lat' dir='ltr'><strong>mutationes</strong></span> <span class='ocrx_word' id='word_1_61' title='bbox 995 979 1172 1059; x_wconf 88' lang='lat' dir='ltr'><strong>religionum</strong></span> <span class='ocrx_word' id='word_1_62' title='bbox 1201 997 1253 1040; x_wconf 91' lang='lat' dir='ltr'><strong>seu</strong></span> <span class='ocrx_word' id='word_1_63' title='bbox 1280 995 1443 1058; x_wconf 87' lang='lat' dir='ltr'><strong>procurare</strong></span> <span class='ocrx_word' id='word_1_64' title='bbox 1476 987 1555 1060; x_wconf 87' lang='lat' dir='ltr'><strong>quae</strong></span> <span class='ocrx_word' id='word_1_65' title='bbox 1580 987 1656 1040; x_wconf 87' lang='lat' dir='ltr'><strong>suut</strong></span> <span class='ocrx_word' id='word_1_66' title='bbox 1678 981 1708 1040; x_wconf 89' lang='lat' dir='ltr'><strong>in</strong></span> 
     </span>
     <span class='ocr_line' id='line_1_9' title="bbox 346 1067 1706 1148; baseline -0.001 -16"><span class='ocrx_word' id='word_1_67' title='bbox 346 1067 466 1142; x_wconf 88' lang='lat' dir='ltr'><strong>melius,</strong></span> <span class='ocrx_word' id='word_1_68' title='bbox 500 1085 554 1129; x_wconf 88' lang='lat' dir='ltr'><strong>seu</strong></span> <span class='ocrx_word' id='word_1_69' title='bbox 577 1068 750 1148; x_wconf 83' lang='lat' dir='ltr'><strong>permittere</strong></span> <span class='ocrx_word' id='word_1_70' title='bbox 784 1085 859 1148; x_wconf 87' lang='lat' dir='ltr'><strong>quae</strong></span> <span class='ocrx_word' id='word_1_71' title='bbox 883 1068 911 1128; x_wconf 89' lang='lat' dir='ltr'><strong>in</strong></span> <span class='ocrx_word' id='word_1_72' title='bbox 936 1069 1065 1130; x_wconf 88' lang='lat' dir='ltr'><strong>deterius</strong></span> <span class='ocrx_word' id='word_1_73' title='bbox 1093 1075 1241 1148; x_wconf 82' lang='lat' dir='ltr'><strong>vergnut3</strong></span> <span class='ocrx_word' id='word_1_74' title='bbox 1274 1068 1349 1130; x_wconf 85' lang='lat' dir='ltr'><strong>hacc</strong></span> <span class='ocrx_word' id='word_1_75' title='bbox 1371 1067 1493 1147; x_wconf 73' lang='lat' dir='ltr'><strong>iuquam</strong></span> <span class='ocrx_word' id='word_1_76' title='bbox 1524 1085 1622 1148; x_wconf 85' lang='lat' dir='ltr'><strong>opera</strong></span> <span class='ocrx_word' id='word_1_77' title='bbox 1647 1087 1706 1130; x_wconf 93' lang='lat' dir='ltr'><strong>uon</strong></span> 
     </span>
     <span class='ocr_line' id='line_1_10' title="bbox 347 1149 1708 1237; baseline -0.001 -17"><span class='ocrx_word' id='word_1_78' title='bbox 347 1165 474 1220; x_wconf 90' lang='lat' dir='ltr'><strong>naturae</strong></span> <span class='ocrx_word' id='word_1_79' title='bbox 505 1157 559 1218; x_wconf 91' lang='lat' dir='ltr'><strong>sed</strong></span> <span class='ocrx_word' id='word_1_80' title='bbox 593 1157 687 1218; x_wconf 89' lang='lat' dir='ltr'><strong>solius</strong></span> <span class='ocrx_word' id='word_1_81' title='bbox 718 1165 789 1218; x_wconf 89' lang='lat' dir='ltr'><strong>suut</strong></span> <span class='ocrx_word' id='word_1_82' title='bbox 828 1156 1097 1236; x_wconf 89' lang='lat' dir='ltr'><strong>imperscrutabilis</strong></span> <span class='ocrx_word' id='word_1_83' title='bbox 1133 1157 1340 1237; x_wconf 80' lang='lat' dir='ltr'><strong>providentiae</strong></span> <span class='ocrx_word' id='word_1_84' title='bbox 1359 1149 1361 1156; x_wconf 78' lang='grc'><strong>’</strong></span> <span class='ocrx_word' id='word_1_85' title='bbox 1383 1157 1503 1218; x_wconf 84' lang='lat' dir='ltr'><strong>divinae</strong></span> <span class='ocrx_word' id='word_1_86' title='bbox 1544 1157 1708 1237; x_wconf 75' lang='lat' dir='ltr'><strong>solentque</strong></span> 
     </span>
     <span class='ocr_line' id='line_1_11' title="bbox 346 1246 1706 1327; baseline -0.001 -20"><span class='ocrx_word' id='word_1_87' title='bbox 346 1247 538 1327; x_wconf 88' lang='lat' dir='ltr'><strong>utplurimum</strong></span> <span class='ocrx_word' id='word_1_88' title='bbox 554 1267 573 1308; x_wconf 90' lang='lat' dir='ltr'><strong>a</strong></span> <span class='ocrx_word' id='word_1_89' title='bbox 587 1254 649 1307; x_wconf 90' lang='lat' dir='ltr'><strong>tam</strong></span> <span class='ocrx_word' id='word_1_90' title='bbox 673 1247 834 1308; x_wconf 88' lang='lat' dir='ltr'><strong>contemtis</strong></span> <span class='ocrx_word' id='word_1_91' title='bbox 856 1246 951 1310; x_wconf 89' lang='lat' dir='ltr'><strong>initiis</strong></span> <span class='ocrx_word' id='word_1_92' title='bbox 974 1246 1124 1326; x_wconf 86' lang='lat' dir='ltr'><strong>progredi,</strong></span> <span class='ocrx_word' id='word_1_93' title='bbox 1149 1257 1290 1326; x_wconf 79' lang='lat' dir='ltr'><strong>utquam</strong></span> <span class='ocrx_word' id='word_1_94' title='bbox 1312 1246 1457 1326; x_wconf 90' lang='lat' dir='ltr'><strong>plurimos</strong></span> <span class='ocrx_word' id='word_1_95' title='bbox 1475 1265 1585 1321; x_wconf 84' lang='lat' dir='ltr'><strong>annos,</strong></span> <span class='ocrx_word' id='word_1_96' title='bbox 1610 1265 1706 1325; x_wconf 88' lang='lat' dir='ltr'><strong>saepe</strong></span> 
     </span>
     <span class='ocr_line' id='line_1_12' title="bbox 346 1335 1705 1418; baseline -0.001 -21"><span class='ocrx_word' id='word_1_97' title='bbox 346 1337 439 1398; x_wconf 92' lang='lat' dir='ltr'><strong>etiam</strong></span> <span class='ocrx_word' id='word_1_98' title='bbox 463 1355 521 1412; x_wconf 84' lang='lat' dir='ltr'><strong>nou</strong></span> <span class='ocrx_word' id='word_1_99' title='bbox 545 1354 633 1397; x_wconf 89' lang='lat' dir='ltr'><strong>uuum</strong></span> <span class='ocrx_word' id='word_1_100' title='bbox 662 1335 794 1396; x_wconf 88' lang='lat' dir='ltr'><strong>seculum</strong></span> <span class='ocrx_word' id='word_1_101' title='bbox 823 1336 953 1408; x_wconf 79' lang='lat' dir='ltr'><strong>lateant,</strong></span> <span class='ocrx_word' id='word_1_102' title='bbox 985 1344 1037 1396; x_wconf 85' lang='lat' dir='ltr'><strong>aut</strong></span> <span class='ocrx_word' id='word_1_103' title='bbox 1069 1335 1204 1414; x_wconf 86' lang='lat' dir='ltr'><strong>quamvis</strong></span> <span class='ocrx_word' id='word_1_104' title='bbox 1228 1343 1417 1418; x_wconf 87' lang='lat' dir='ltr'><strong>appareant,</strong></span> <span class='ocrx_word' id='word_1_105' title='bbox 1445 1343 1548 1396; x_wconf 88' lang='lat' dir='ltr'><strong>tamen</strong></span> <span class='ocrx_word' id='word_1_106' title='bbox 1574 1335 1616 1397; x_wconf 85' lang='lat' dir='ltr'><strong>ab</strong></span> <span class='ocrx_word' id='word_1_107' title='bbox 1641 1337 1705 1414; x_wconf 88' lang='lat' dir='ltr'><strong>ejus</strong></span> 
     </span>
     <span class='ocr_line' id='line_1_13' title="bbox 347 1423 1705 1504; baseline 0 -18"><span class='ocrx_word' id='word_1_108' title='bbox 347 1425 459 1487; x_wconf 90' lang='lat' dir='ltr'><strong>aetatis</strong></span> <span class='ocrx_word' id='word_1_109' title='bbox 482 1423 650 1487; x_wconf 87' lang='lat' dir='ltr'><strong>homiuibus</strong></span> <span class='ocrx_word' id='word_1_110' title='bbox 674 1431 910 1486; x_wconf 87' lang='lat' dir='ltr'><strong>contemnantur.</strong></span> <span class='ocrx_word' id='word_1_111' title='bbox 952 1425 1036 1486; x_wconf 88' lang='lat' dir='ltr'><strong>llaec</strong></span> <span class='ocrx_word' id='word_1_112' title='bbox 1065 1424 1156 1503; x_wconf 87' lang='lat' dir='ltr'><strong>igitur</strong></span> <span class='ocrx_word' id='word_1_113' title='bbox 1179 1442 1234 1504; x_wconf 88' lang='lat' dir='ltr'><strong>ego</strong></span> <span class='ocrx_word' id='word_1_114' title='bbox 1258 1434 1328 1486; x_wconf 88' lang='lat' dir='ltr'><strong>ante</strong></span> <span class='ocrx_word' id='word_1_115' title='bbox 1353 1424 1408 1486; x_wconf 94' lang='lat' dir='ltr'><strong>hoc</strong></span> <span class='ocrx_word' id='word_1_116' title='bbox 1431 1423 1596 1486; x_wconf 87' lang='lat' dir='ltr'><strong>triennium</strong></span> <span class='ocrx_word' id='word_1_117' title='bbox 1622 1426 1705 1496; x_wconf 90' lang='lat' dir='ltr'><strong>(eum</strong></span> 
     </span>
     <span class='ocr_line' id='line_1_14' title="bbox 316 1511 1705 1595; baseline 0 -19"><span class='ocrx_word' id='word_1_118' title='bbox 316 1585 321 1595; x_wconf 26' lang='grc' dir='ltr'>ι</span> <span class='ocrx_word' id='word_1_119' title='bbox 347 1531 385 1576; x_wconf 83' lang='lat' dir='ltr'><strong>ex</strong></span> <span class='ocrx_word' id='word_1_120' title='bbox 408 1531 491 1576; x_wconf 91' lang='lat' dir='ltr'><strong>more</strong></span> <span class='ocrx_word' id='word_1_121' title='bbox 515 1515 552 1575; x_wconf 91' lang='lat' dir='ltr'><strong>de</strong></span> <span class='ocrx_word' id='word_1_122' title='bbox 581 1513 699 1594; x_wconf 88' lang='lat' dir='ltr'><strong>trigono</strong></span> <span class='ocrx_word' id='word_1_123' title='bbox 731 1513 819 1594; x_wconf 87' lang='lat' dir='ltr'><strong>ignee</strong></span> <span class='ocrx_word' id='word_1_124' title='bbox 850 1513 960 1593; x_wconf 82' lang='lat' dir='ltr'><strong>aliquid</strong></span> <span class='ocrx_word' id='word_1_125' title='bbox 986 1511 1166 1574; x_wconf 85' lang='lat' dir='ltr'><strong>Germanico</strong></span> <span class='ocrx_word' id='word_1_126' title='bbox 1195 1513 1606 1594; x_wconf 81' lang='lat' dir='ltr'><strong>idiomateperscriberem)</strong></span> <span class='ocrx_word' id='word_1_127' title='bbox 1640 1533 1705 1576; x_wconf 90' lang='lat' dir='ltr'><strong>cum</strong></span> 
     </span>
     <span class='ocr_line' id='line_1_15' title="bbox 345 1602 1705 1684; baseline 0 -20"><span class='ocrx_word' id='word_1_128' title='bbox 345 1602 477 1665; x_wconf 87' lang='lat' dir='ltr'><strong>noudum</strong></span> <span class='ocrx_word' id='word_1_129' title='bbox 506 1603 689 1666; x_wconf 87' lang='lat' dir='ltr'><strong>accessisset</strong></span> <span class='ocrx_word' id='word_1_130' title='bbox 717 1621 796 1664; x_wconf 90' lang='lat' dir='ltr'><strong>nova</strong></span> <span class='ocrx_word' id='word_1_131' title='bbox 823 1603 927 1678; x_wconf 88' lang='lat' dir='ltr'><strong>stella,</strong></span> <span class='ocrx_word' id='word_1_132' title='bbox 957 1603 1001 1664; x_wconf 88' lang='lat' dir='ltr'><strong>sic</strong></span> <span class='ocrx_word' id='word_1_133' title='bbox 1024 1603 1130 1668; x_wconf 87' lang='lat' dir='ltr'><strong>solitus</strong></span> <span class='ocrx_word' id='word_1_134' title='bbox 1154 1621 1219 1664; x_wconf 90' lang='lat' dir='ltr'><strong>sum</strong></span> <span class='ocrx_word' id='word_1_135' title='bbox 1250 1603 1403 1684; x_wconf 88' lang='lat' dir='ltr'><strong>applicare</strong></span> <span class='ocrx_word' id='word_1_136' title='bbox 1426 1603 1466 1664; x_wconf 88' lang='lat' dir='ltr'><strong>ad</strong></span> <span class='ocrx_word' id='word_1_137' title='bbox 1488 1613 1600 1664; x_wconf 73' lang='lat' dir='ltr'><strong>uosua</strong></span> <span class='ocrx_word' id='word_1_138' title='bbox 1625 1613 1705 1664; x_wconf 89' lang='lat' dir='ltr'><strong>tem-</strong></span> 
     </span>
     <span class='ocr_line' id='line_1_16' title="bbox 345 1691 1705 1772; baseline -0.001 -18"><span class='ocrx_word' id='word_1_139' title='bbox 345 1709 437 1772; x_wconf 89' lang='lat' dir='ltr'><strong>pora,</strong></span> <span class='ocrx_word' id='word_1_140' title='bbox 470 1699 504 1753; x_wconf 89' lang='lat' dir='ltr'><strong>ut</strong></span> <span class='ocrx_word' id='word_1_141' title='bbox 527 1692 652 1754; x_wconf 87' lang='lat' dir='ltr'><strong>tidenter</strong></span> <span class='ocrx_word' id='word_1_142' title='bbox 683 1692 958 1772; x_wconf 79' lang='lat' dir='ltr'><strong>pronuntiaverim:</strong></span> <span class='ocrx_word' id='word_1_143' title='bbox 993 1693 1105 1755; x_wconf 81' lang='lat' dir='ltr'><strong>lhustra</strong></span> <span class='ocrx_word' id='word_1_144' title='bbox 1133 1711 1187 1754; x_wconf 89' lang='lat' dir='ltr'><strong>nos</strong></span> <span class='ocrx_word' id='word_1_145' title='bbox 1218 1691 1332 1754; x_wconf 90' lang='lat' dir='ltr'><strong>inhiare</strong></span> <span class='ocrx_word' id='word_1_146' title='bbox 1365 1691 1454 1754; x_wconf 89' lang='lat' dir='ltr'><strong>rebus</strong></span> <span class='ocrx_word' id='word_1_147' title='bbox 1486 1692 1582 1772; x_wconf 85' lang='lat' dir='ltr'><strong>plane</strong></span> <span class='ocrx_word' id='word_1_148' title='bbox 1615 1695 1705 1754; x_wconf 89' lang='lat' dir='ltr'><strong>novis</strong></span> 
     </span>
     <span class='ocr_line' id='line_1_17' title="bbox 346 1775 1705 1862; baseline 0 -18"><span class='ocrx_word' id='word_1_149' title='bbox 346 1781 618 1862; x_wconf 72' lang='lat' dir='ltr'><strong>mutationibusque</strong></span> <span class='ocrx_word' id='word_1_150' title='bbox 638 1782 759 1855; x_wconf 83' lang='lat' dir='ltr'><strong>talibus,</strong></span> <span class='ocrx_word' id='word_1_151' title='bbox 786 1782 889 1862; x_wconf 90' lang='lat' dir='ltr'><strong>quales</strong></span> <span class='ocrx_word' id='word_1_152' title='bbox 908 1781 1055 1860; x_wconf 78' lang='lat' dir='ltr'><strong>astrologi</strong></span> <span class='ocrx_word' id='word_1_153' title='bbox 1078 1775 1164 1843; x_wconf 87' lang='lat' dir='ltr'><strong>uobis</strong></span> <span class='ocrx_word' id='word_1_154' title='bbox 1179 1799 1216 1842; x_wconf 83' lang='lat' dir='ltr'><strong>ex</strong></span> <span class='ocrx_word' id='word_1_155' title='bbox 1230 1781 1349 1860; x_wconf 82' lang='lat' dir='ltr'><strong>trigono</strong></span> <span class='ocrx_word' id='word_1_156' title='bbox 1367 1781 1455 1860; x_wconf 88' lang='lat' dir='ltr'><strong>igneo</strong></span> <span class='ocrx_word' id='word_1_157' title='bbox 1478 1781 1705 1860; x_wconf 84' lang='lat' dir='ltr'><strong>praedicerent,</strong></span> 
     </span>
     <span class='ocr_line' id='line_1_18' title="bbox 349 1869 1705 1952; baseline 0 -20"><span class='ocrx_word' id='word_1_158' title='bbox 349 1889 444 1952; x_wconf 89' lang='lat' dir='ltr'><strong>neque</strong></span> <span class='ocrx_word' id='word_1_159' title='bbox 467 1873 659 1952; x_wconf 88' lang='lat' dir='ltr'><strong>perpendere,</strong></span> <span class='ocrx_word' id='word_1_160' title='bbox 685 1869 761 1952; x_wconf 91' lang='lat' dir='ltr'><strong>quod</strong></span> <span class='ocrx_word' id='word_1_161' title='bbox 776 1869 912 1950; x_wconf 87' lang='lat' dir='ltr'><strong>proximo</strong></span> <span class='ocrx_word' id='word_1_162' title='bbox 929 1871 1030 1931; x_wconf 90' lang='lat' dir='ltr'><strong>seculo</strong></span> <span class='ocrx_word' id='word_1_163' title='bbox 1046 1877 1149 1932; x_wconf 88' lang='lat' dir='ltr'><strong>tentae</strong></span> <span class='ocrx_word' id='word_1_164' title='bbox 1169 1871 1234 1950; x_wconf 88' lang='lat' dir='ltr'><strong>jam</strong></span> <span class='ocrx_word' id='word_1_165' title='bbox 1259 1871 1440 1932; x_wconf 88' lang='lat' dir='ltr'><strong>mutationes</strong></span> <span class='ocrx_word' id='word_1_166' title='bbox 1464 1871 1705 1949; x_wconf 80' lang='lat' dir='ltr'><strong>praecesserint,</strong></span> 
     </span>
     <span class='ocr_line' id='line_1_19' title="bbox 348 1959 1705 2045; baseline -0.001 -22"><span class='ocrx_word' id='word_1_167' title='bbox 348 1969 383 2023; x_wconf 88' lang='lat' dir='ltr'><strong>ut</strong></span> <span class='ocrx_word' id='word_1_168' title='bbox 405 1960 455 2021; x_wconf 83' lang='lat' dir='ltr'><strong>vix</strong></span> <span class='ocrx_word' id='word_1_169' title='bbox 486 1960 603 2038; x_wconf 84' lang='lat' dir='ltr'><strong>majora</strong></span> <span class='ocrx_word' id='word_1_170' title='bbox 635 1960 785 2041; x_wconf 88' lang='lat' dir='ltr'><strong>speranda</strong></span> <span class='ocrx_word' id='word_1_171' title='bbox 809 1960 856 2021; x_wconf 89' lang='lat' dir='ltr'><strong>vel</strong></span> <span class='ocrx_word' id='word_1_172' title='bbox 881 1961 1085 2040; x_wconf 85' lang='lat' dir='ltr'><strong>exspectanda</strong></span> <span class='ocrx_word' id='word_1_173' title='bbox 1108 1960 1178 2020; x_wconf 90' lang='lat' dir='ltr'><strong>siut.</strong></span> <span class='ocrx_word' id='word_1_174' title='bbox 1228 1960 1333 2040; x_wconf 87' lang='lat' dir='ltr'><strong>ltaque</strong></span> <span class='ocrx_word' id='word_1_175' title='bbox 1365 1959 1505 2045; x_wconf 84' lang='lat' dir='ltr'><strong>quicquid</strong></span> <span class='ocrx_word' id='word_1_176' title='bbox 1537 1969 1615 2040; x_wconf 86' lang='lat' dir='ltr'><strong>post</strong></span> <span class='ocrx_word' id='word_1_177' title='bbox 1650 1962 1705 2022; x_wconf 89' lang='lat' dir='ltr'><strong>hoc</strong></span> 
     </span>
     <span class='ocr_line' id='line_1_20' title="bbox 343 2047 1704 2134; baseline 0.001 -24"><span class='ocrx_word' id='word_1_178' title='bbox 343 2047 461 2112; x_wconf 88' lang='lat' dir='ltr'><strong>initium</strong></span> <span class='ocrx_word' id='word_1_179' title='bbox 484 2047 594 2127; x_wconf 92' lang='lat' dir='ltr'><strong>trigoni</strong></span> <span class='ocrx_word' id='word_1_180' title='bbox 618 2050 696 2129; x_wconf 85' lang='lat' dir='ltr'><strong>ignei</strong></span> <span class='ocrx_word' id='word_1_181' title='bbox 721 2051 850 2134; x_wconf 74' lang='lat' dir='ltr'><strong>futurum</strong></span> <span class='ocrx_word' id='word_1_182' title='bbox 870 2058 962 2121; x_wconf 87' lang='lat' dir='ltr'><strong>esset,</strong></span> <span class='ocrx_word' id='word_1_183' title='bbox 987 2049 1016 2109; x_wconf 94' lang='lat' dir='ltr'><strong>id</strong></span> <span class='ocrx_word' id='word_1_184' title='bbox 1032 2057 1085 2110; x_wconf 89' lang='lat' dir='ltr'><strong>aut</strong></span> <span class='ocrx_word' id='word_1_185' title='bbox 1102 2047 1168 2127; x_wconf 89' lang='lat' dir='ltr'><strong>jam</strong></span> <span class='ocrx_word' id='word_1_186' title='bbox 1192 2049 1345 2130; x_wconf 85' lang='lat' dir='ltr'><strong>antiquum</strong></span> <span class='ocrx_word' id='word_1_187' title='bbox 1364 2056 1530 2111; x_wconf 80' lang='lat' dir='ltr'><strong>accentum</strong></span> <span class='ocrx_word' id='word_1_188' title='bbox 1554 2069 1704 2112; x_wconf 87' lang='lat' dir='ltr'><strong>annornm</strong></span> 
     </span>
     <span class='ocr_line' id='line_1_21' title="bbox 344 2137 1704 2219; baseline 0.001 -19"><span class='ocrx_word' id='word_1_189' title='bbox 344 2155 412 2200; x_wconf 89' lang='lat' dir='ltr'><strong>esse</strong></span> <span class='ocrx_word' id='word_1_190' title='bbox 436 2137 586 2200; x_wconf 83' lang='lat' dir='ltr'><strong>fabulam:</strong></span> <span class='ocrx_word' id='word_1_191' title='bbox 611 2145 664 2200; x_wconf 90' lang='lat' dir='ltr'><strong>aut</strong></span> <span class='ocrx_word' id='word_1_192' title='bbox 678 2137 703 2198; x_wconf 93' lang='lat' dir='ltr'><strong>si</strong></span> <span class='ocrx_word' id='word_1_193' title='bbox 719 2137 787 2218; x_wconf 91' lang='lat' dir='ltr'><strong>quid</strong></span> <span class='ocrx_word' id='word_1_194' title='bbox 810 2139 900 2218; x_wconf 89' lang='lat' dir='ltr'><strong>plane</strong></span> <span class='ocrx_word' id='word_1_195' title='bbox 920 2137 988 2200; x_wconf 90' lang='lat' dir='ltr'><strong>novi</strong></span> <span class='ocrx_word' id='word_1_196' title='bbox 1013 2146 1138 2210; x_wconf 84' lang='lat' dir='ltr'><strong>seretur,</strong></span> <span class='ocrx_word' id='word_1_197' title='bbox 1164 2137 1336 2219; x_wconf 88' lang='lat' dir='ltr'><strong>prinsquam</strong></span> <span class='ocrx_word' id='word_1_198' title='bbox 1351 2138 1382 2199; x_wconf 92' lang='lat' dir='ltr'><strong>id</strong></span> <span class='ocrx_word' id='word_1_199' title='bbox 1401 2138 1431 2199; x_wconf 88' lang='lat' dir='ltr'><strong>in</strong></span> <span class='ocrx_word' id='word_1_200' title='bbox 1446 2155 1513 2200; x_wconf 90' lang='lat' dir='ltr'><strong>eam</strong></span> <span class='ocrx_word' id='word_1_201' title='bbox 1539 2139 1704 2202; x_wconf 84' lang='lat' dir='ltr'><strong>adolescat</strong></span> 
     </span>
     <span class='ocr_line' id='line_1_22' title="bbox 344 2225 1702 2308; baseline 0.001 -19"><span class='ocrx_word' id='word_1_202' title='bbox 344 2225 598 2306; x_wconf 79' lang='lat' dir='ltr'><strong>magnitudinem,</strong></span> <span class='ocrx_word' id='word_1_203' title='bbox 632 2235 666 2289; x_wconf 92' lang='lat' dir='ltr'><strong>ut</strong></span> <span class='ocrx_word' id='word_1_204' title='bbox 689 2227 791 2288; x_wconf 86' lang='lat' dir='ltr'><strong>oculos</strong></span> <span class='ocrx_word' id='word_1_205' title='bbox 815 2229 966 2300; x_wconf 83' lang='lat' dir='ltr'><strong>incurrat,</strong></span> <span class='ocrx_word' id='word_1_206' title='bbox 997 2227 1140 2306; x_wconf 89' lang='lat' dir='ltr'><strong>plurimos</strong></span> <span class='ocrx_word' id='word_1_207' title='bbox 1165 2227 1272 2302; x_wconf 87' lang='lat' dir='ltr'><strong>exiis,</strong></span> <span class='ocrx_word' id='word_1_208' title='bbox 1297 2229 1346 2308; x_wconf 90' lang='lat' dir='ltr'><strong>qui</strong></span> <span class='ocrx_word' id='word_1_209' title='bbox 1370 2227 1573 2302; x_wconf 87' lang='lat' dir='ltr'><strong>hodiesuut,</strong></span> <span class='ocrx_word' id='word_1_210' title='bbox 1608 2229 1702 2290; x_wconf 87' lang='lat' dir='ltr'><strong>vitam</strong></span> 
     </span>
    </p>
   </div>
   <div class='ocr_carea' id='block_1_3' title="bbox 222 2309 1703 2396">
    <p class='ocr_par' dir='ltr' id='par_1_3' title="bbox 222 2309 1703 2396">
     <span class='ocr_line' id='line_1_23' title="bbox 222 2309 1703 2396; baseline 0.001 -18"><span class='ocrx_word' id='word_1_211' title='bbox 222 2309 225 2316; x_wconf 72' lang='grc'><strong>’</strong></span> <span class='ocrx_word' id='word_1_212' title='bbox 345 2316 542 2390; x_wconf 84' lang='lat' dir='ltr'><strong>deserturam,</strong></span> <span class='ocrx_word' id='word_1_213' title='bbox 566 2315 668 2396; x_wconf 88' lang='lat' dir='ltr'><strong>itaque</strong></span> <span class='ocrx_word' id='word_1_214' title='bbox 691 2315 826 2377; x_wconf 91' lang='lat' dir='ltr'><strong>inutilem</strong></span> <span class='ocrx_word' id='word_1_215' title='bbox 851 2323 882 2378; x_wconf 89' lang='lat' dir='ltr'><strong>et</strong></span> <span class='ocrx_word' id='word_1_216' title='bbox 905 2316 1018 2378; x_wconf 85' lang='lat' dir='ltr'><strong>irritam</strong></span> <span class='ocrx_word' id='word_1_217' title='bbox 1042 2333 1110 2377; x_wconf 85' lang='lat' dir='ltr'><strong>esse</strong></span> <span class='ocrx_word' id='word_1_218' title='bbox 1132 2318 1264 2396; x_wconf 88' lang='lat' dir='ltr'><strong>ipsorum</strong></span> <span class='ocrx_word' id='word_1_219' title='bbox 1288 2317 1503 2379; x_wconf 80' lang='lat' dir='ltr'><strong>curiositatem.</strong></span> <span class='ocrx_word' id='word_1_220' title='bbox 1546 2317 1703 2380; x_wconf 86' lang='lat' dir='ltr'><strong>Desinant</strong></span> 
     </span>
    </p>
   </div>
   <div class='ocr_carea' id='block_1_4' title="bbox 344 2401 1702 2485">
    <p class='ocr_par' dir='ltr' id='par_1_4' title="bbox 344 2401 1702 2485">
     <span class='ocr_line' id='line_1_24' title="bbox 344 2401 1702 2485; baseline 0.001 -18"><span class='ocrx_word' id='word_1_221' title='bbox 344 2405 436 2485; x_wconf 88' lang='lat' dir='ltr'><strong>igitur</strong></span> <span class='ocrx_word' id='word_1_222' title='bbox 460 2405 592 2466; x_wconf 90' lang='lat' dir='ltr'><strong>hoiuioes</strong></span> <span class='ocrx_word' id='word_1_223' title='bbox 618 2401 791 2476; x_wconf 86' lang='lat' dir='ltr'><strong>(occa&#39;sione</strong></span> <span class='ocrx_word' id='word_1_224' title='bbox 815 2405 901 2485; x_wconf 88' lang='lat' dir='ltr'><strong>hujus</strong></span> <span class='ocrx_word' id='word_1_225' title='bbox 926 2405 1044 2484; x_wconf 85' lang='lat' dir='ltr'><strong>quidem</strong></span> <span class='ocrx_word' id='word_1_226' title='bbox 1074 2405 1151 2467; x_wconf 87' lang='lat' dir='ltr'><strong>initii</strong></span> <span class='ocrx_word' id='word_1_227' title='bbox 1174 2407 1212 2466; x_wconf 92' lang='lat' dir='ltr'><strong>de</strong></span> <span class='ocrx_word' id='word_1_228' title='bbox 1235 2405 1353 2485; x_wconf 88' lang='lat' dir='ltr'><strong>trigono</strong></span> <span class='ocrx_word' id='word_1_229' title='bbox 1376 2406 1479 2485; x_wconf 90' lang='lat' dir='ltr'><strong>igneo,</strong></span> <span class='ocrx_word' id='word_1_230' title='bbox 1504 2407 1653 2470; x_wconf 84' lang='lat' dir='ltr'><strong>solitarie</strong></span> <span class='ocrx_word' id='word_1_231' title='bbox 1675 2422 1702 2468; x_wconf 85' lang='lat' dir='ltr'><strong>er</strong></span> 
     </span>
    </p>
   </div>
   <div class='ocr_carea' id='block_1_5' title="bbox 229 2493 1702 2576">
    <p class='ocr_par' dir='ltr' id='par_1_5' title="bbox 229 2493 1702 2576">
     <span class='ocr_line' id='line_1_25' title="bbox 229 2493 1702 2576; baseline 0.003 -21"><span class='ocrx_word' id='word_1_232' title='bbox 229 2537 233 2545; x_wconf 81' lang='lat'>·</span> <span class='ocrx_word' id='word_1_233' title='bbox 345 2495 526 2557; x_wconf 83' lang='lat' dir='ltr'><strong>naturaliter</strong></span> <span class='ocrx_word' id='word_1_234' title='bbox 548 2494 747 2567; x_wconf 90' lang='lat' dir='ltr'><strong>considerati)</strong></span> <span class='ocrx_word' id='word_1_235' title='bbox 772 2493 887 2555; x_wconf 88' lang='lat' dir='ltr'><strong>somnia</strong></span> <span class='ocrx_word' id='word_1_236' title='bbox 901 2494 959 2556; x_wconf 91' lang='lat' dir='ltr'><strong>sibi</strong></span> <span class='ocrx_word' id='word_1_237' title='bbox 974 2493 1085 2573; x_wconf 84' lang='lat' dir='ltr'><strong>fingere</strong></span> <span class='ocrx_word' id='word_1_238' title='bbox 1109 2497 1285 2574; x_wconf 84' lang='lat' dir='ltr'><strong>magnifica:</strong></span> <span class='ocrx_word' id='word_1_239' title='bbox 1311 2495 1426 2556; x_wconf 88' lang='lat' dir='ltr'><strong>Turcae</strong></span> <span class='ocrx_word' id='word_1_240' title='bbox 1440 2496 1477 2556; x_wconf 92' lang='lat' dir='ltr'><strong>de</strong></span> <span class='ocrx_word' id='word_1_241' title='bbox 1491 2497 1702 2576; x_wconf 83' lang='lat' dir='ltr'><strong>opprimendis</strong></span> 
     </span>
    </p>
   </div>
   <div class='ocr_carea' id='block_1_6' title="bbox 297 2581 1703 4894">
    <p class='ocr_par' dir='ltr' id='par_1_6' title="bbox 297 2581 1703 4002">
     <span class='ocr_line' id='line_1_26' title="bbox 347 2581 1703 2666; baseline 0.001 -20"><span class='ocrx_word' id='word_1_242' title='bbox 347 2582 548 2657; x_wconf 81' lang='lat' dir='ltr'><strong>Christianis,</strong></span> <span class='ocrx_word' id='word_1_243' title='bbox 582 2581 748 2647; x_wconf 82' lang='lat' dir='ltr'><strong>Christiani</strong></span> <span class='ocrx_word' id='word_1_244' title='bbox 772 2583 809 2644; x_wconf 88' lang='lat' dir='ltr'><strong>de</strong></span> <span class='ocrx_word' id='word_1_245' title='bbox 833 2583 1034 2645; x_wconf 83' lang='lat' dir='ltr'><strong>subvertenda</strong></span> <span class='ocrx_word' id='word_1_246' title='bbox 1064 2583 1167 2646; x_wconf 90' lang='lat' dir='ltr'><strong>domus</strong></span> <span class='ocrx_word' id='word_1_247' title='bbox 1192 2582 1432 2646; x_wconf 88' lang='lat' dir='ltr'><strong>Othomauuioae</strong></span> <span class='ocrx_word' id='word_1_248' title='bbox 1461 2585 1629 2666; x_wconf 79' lang='lat' dir='ltr'><strong>tyrannide</strong></span> <span class='ocrx_word' id='word_1_249' title='bbox 1654 2598 1703 2648; x_wconf 90' lang='lat' dir='ltr'><strong>aut</strong></span> 
     </span>
     <span class='ocr_line' id='line_1_27' title="bbox 345 2671 1702 2752; baseline 0.002 -17"><span class='ocrx_word' id='word_1_250' title='bbox 345 2672 381 2735; x_wconf 88' lang='lat' dir='ltr'><strong>de</strong></span> <span class='ocrx_word' id='word_1_251' title='bbox 412 2673 623 2736; x_wconf 83' lang='lat' dir='ltr'><strong>convertendis</strong></span> <span class='ocrx_word' id='word_1_252' title='bbox 656 2673 694 2734; x_wconf 85' lang='lat' dir='ltr'><strong>ed</strong></span> <span class='ocrx_word' id='word_1_253' title='bbox 728 2673 817 2735; x_wconf 84' lang='lat' dir='ltr'><strong>fldem</strong></span> <span class='ocrx_word' id='word_1_254' title='bbox 842 2671 1045 2736; x_wconf 81' lang='lat' dir='ltr'><strong>Christianam</strong></span> <span class='ocrx_word' id='word_1_255' title='bbox 1069 2673 1251 2736; x_wconf 85' lang='lat' dir='ltr'><strong>vastissimis</strong></span> <span class='ocrx_word' id='word_1_256' title='bbox 1274 2673 1369 2734; x_wconf 86' lang='lat' dir='ltr'><strong>Asiae</strong></span> <span class='ocrx_word' id='word_1_257' title='bbox 1392 2674 1508 2752; x_wconf 87' lang='lat' dir='ltr'><strong>reguis,</strong></span> <span class='ocrx_word' id='word_1_258' title='bbox 1533 2673 1702 2738; x_wconf 85' lang='lat' dir='ltr'><strong>Persarum</strong></span> 
     </span>
     <span class='ocr_line' id='line_1_28' title="bbox 297 2761 1700 2844; baseline 0.002 -21"><span class='ocrx_word' id='word_1_259' title='bbox 297 2789 301 2796; x_wconf 93' lang='lat'>·</span> <span class='ocrx_word' id='word_1_260' title='bbox 344 2762 422 2842; x_wconf 87' lang='lat' dir='ltr'><strong>Regi</strong></span> <span class='ocrx_word' id='word_1_261' title='bbox 447 2761 632 2844; x_wconf 81' lang='lat' dir='ltr'><strong>parentibus.</strong></span> <span class='ocrx_word' id='word_1_262' title='bbox 657 2781 692 2824; x_wconf 92' lang='lat' dir='ltr'><strong>eo</strong></span> <span class='ocrx_word' id='word_1_263' title='bbox 708 2763 785 2843; x_wconf 85' lang='lat' dir='ltr'><strong>quod</strong></span> <span class='ocrx_word' id='word_1_264' title='bbox 800 2761 935 2841; x_wconf 87' lang='lat' dir='ltr'><strong>trigonus</strong></span> <span class='ocrx_word' id='word_1_265' title='bbox 951 2763 1055 2842; x_wconf 89' lang='lat' dir='ltr'><strong>igneus</strong></span> <span class='ocrx_word' id='word_1_266' title='bbox 1075 2764 1177 2824; x_wconf 80' lang='lat' dir='ltr'><strong>faveat</strong></span> <span class='ocrx_word' id='word_1_267' title='bbox 1195 2763 1331 2843; x_wconf 86' lang='lat' dir='ltr'><strong>religioni</strong></span> <span class='ocrx_word' id='word_1_268' title='bbox 1347 2761 1542 2825; x_wconf 85' lang='lat' dir='ltr'><strong>Christianae</strong></span> <span class='ocrx_word' id='word_1_269' title='bbox 1559 2764 1700 2839; x_wconf 82' lang='lat' dir='ltr'><strong>scilicet;</strong></span> 
     </span>
     <span class='ocr_line' id='line_1_29' title="bbox 343 2851 1698 2936; baseline 0.002 -23"><span class='ocrx_word' id='word_1_270' title='bbox 343 2862 448 2934; x_wconf 86' lang='lat' dir='ltr'><strong>partes</strong></span> <span class='ocrx_word' id='word_1_271' title='bbox 471 2871 526 2933; x_wconf 90' lang='lat' dir='ltr'><strong>per</strong></span> <span class='ocrx_word' id='word_1_272' title='bbox 548 2851 699 2933; x_wconf 87' lang='lat' dir='ltr'><strong>Europam</strong></span> <span class='ocrx_word' id='word_1_273' title='bbox 733 2851 889 2930; x_wconf 87' lang='lat' dir='ltr'><strong>litigantes</strong></span> <span class='ocrx_word' id='word_1_274' title='bbox 913 2851 1010 2912; x_wconf 88' lang='lat' dir='ltr'><strong>altera</strong></span> <span class='ocrx_word' id='word_1_275' title='bbox 1033 2853 1070 2912; x_wconf 90' lang='lat' dir='ltr'><strong>de</strong></span> <span class='ocrx_word' id='word_1_276' title='bbox 1094 2851 1218 2914; x_wconf 88' lang='lat' dir='ltr'><strong>alterius</strong></span> <span class='ocrx_word' id='word_1_277' title='bbox 1243 2853 1458 2931; x_wconf 81' lang='lat' dir='ltr'><strong>exstirpatione</strong></span> <span class='ocrx_word' id='word_1_278' title='bbox 1484 2862 1540 2914; x_wconf 88' lang='lat' dir='ltr'><strong>aut</strong></span> <span class='ocrx_word' id='word_1_279' title='bbox 1570 2873 1698 2936; x_wconf 90' lang='lat' dir='ltr'><strong>recupe-</strong></span> 
     </span>
     <span class='ocr_line' id='line_1_30' title="bbox 343 2939 1699 3021; baseline -0.001 -17"><span class='ocrx_word' id='word_1_280' title='bbox 343 2941 480 3015; x_wconf 86' lang='lat' dir='ltr'><strong>ratione,</strong></span> <span class='ocrx_word' id='word_1_281' title='bbox 515 2959 591 3021; x_wconf 87' lang='lat' dir='ltr'><strong>quae</strong></span> <span class='ocrx_word' id='word_1_282' title='bbox 627 2943 704 3002; x_wconf 89' lang='lat' dir='ltr'><strong>citra</strong></span> <span class='ocrx_word' id='word_1_283' title='bbox 735 2940 886 3020; x_wconf 90' lang='lat' dir='ltr'><strong>ingentem</strong></span> <span class='ocrx_word' id='word_1_284' title='bbox 919 2939 998 3002; x_wconf 88' lang='lat' dir='ltr'><strong>orbis</strong></span> <span class='ocrx_word' id='word_1_285' title='bbox 1028 2939 1186 3002; x_wconf 81' lang='lat' dir='ltr'><strong>Terrarum</strong></span> <span class='ocrx_word' id='word_1_286' title='bbox 1219 2943 1444 3003; x_wconf 87' lang='lat' dir='ltr'><strong>concussionem</strong></span> <span class='ocrx_word' id='word_1_287' title='bbox 1477 2950 1509 3003; x_wconf 90' lang='lat' dir='ltr'><strong>et</strong></span> <span class='ocrx_word' id='word_1_288' title='bbox 1542 2941 1699 3005; x_wconf 81' lang='lat' dir='ltr'><strong>inauditos</strong></span> 
     </span>
     <span class='ocr_line' id='line_1_31' title="bbox 343 3028 1697 3111; baseline 0.001 -18"><span class='ocrx_word' id='word_1_289' title='bbox 343 3031 487 3094; x_wconf 87' lang='lat' dir='ltr'><strong>tumultus</strong></span> <span class='ocrx_word' id='word_1_290' title='bbox 511 3031 573 3093; x_wconf 85' lang='lat' dir='ltr'><strong>lieri</strong></span> <span class='ocrx_word' id='word_1_291' title='bbox 597 3031 648 3092; x_wconf 84' lang='lat' dir='ltr'><strong>vix</strong></span> <span class='ocrx_word' id='word_1_292' title='bbox 675 3030 803 3111; x_wconf 90' lang='lat' dir='ltr'><strong>possint.</strong></span> <span class='ocrx_word' id='word_1_293' title='bbox 850 3028 1052 3107; x_wconf 85' lang='lat' dir='ltr'><strong>Quaecunque</strong></span> <span class='ocrx_word' id='word_1_294' title='bbox 1081 3031 1157 3090; x_wconf 92' lang='lat' dir='ltr'><strong>enirn</strong></span> <span class='ocrx_word' id='word_1_295' title='bbox 1191 3031 1361 3109; x_wconf 88' lang='lat' dir='ltr'><strong>hujusmodi</strong></span> <span class='ocrx_word' id='word_1_296' title='bbox 1391 3032 1507 3110; x_wconf 89' lang='lat' dir='ltr'><strong>sperari</strong></span> <span class='ocrx_word' id='word_1_297' title='bbox 1530 3033 1582 3094; x_wconf 91' lang='lat' dir='ltr'><strong>vel</strong></span> <span class='ocrx_word' id='word_1_298' title='bbox 1607 3035 1697 3095; x_wconf 84' lang='lat' dir='ltr'><strong>metui</strong></span> 
     </span>
     <span class='ocr_line' id='line_1_32' title="bbox 342 3115 1696 3202; baseline 0.002 -21"><span class='ocrx_word' id='word_1_299' title='bbox 342 3119 391 3200; x_wconf 92' lang='lat' dir='ltr'><strong>pie</strong></span> <span class='ocrx_word' id='word_1_300' title='bbox 415 3115 544 3193; x_wconf 86' lang='lat' dir='ltr'><strong>soleant,</strong></span> <span class='ocrx_word' id='word_1_301' title='bbox 568 3138 670 3181; x_wconf 91' lang='lat' dir='ltr'><strong>eorum</strong></span> <span class='ocrx_word' id='word_1_302' title='bbox 694 3119 808 3181; x_wconf 86' lang='lat' dir='ltr'><strong>semina</strong></span> <span class='ocrx_word' id='word_1_303' title='bbox 831 3121 960 3180; x_wconf 90' lang='lat' dir='ltr'><strong>noudum</strong></span> <span class='ocrx_word' id='word_1_304' title='bbox 984 3126 1066 3180; x_wconf 91' lang='lat' dir='ltr'><strong>certe</strong></span> <span class='ocrx_word' id='word_1_305' title='bbox 1085 3118 1269 3180; x_wconf 81' lang='lat' dir='ltr'><strong>sufficienter</strong></span> <span class='ocrx_word' id='word_1_306' title='bbox 1292 3137 1447 3198; x_wconf 89' lang='lat' dir='ltr'><strong>apparere,</strong></span> <span class='ocrx_word' id='word_1_307' title='bbox 1472 3129 1505 3182; x_wconf 89' lang='lat' dir='ltr'><strong>ut</strong></span> <span class='ocrx_word' id='word_1_308' title='bbox 1519 3123 1696 3202; x_wconf 84' lang='lat' dir='ltr'><strong>astrologus</strong></span> 
     </span>
     <span class='ocr_line' id='line_1_33' title="bbox 341 3207 1695 3290; baseline 0.003 -22"><span class='ocrx_word' id='word_1_309' title='bbox 341 3207 534 3270; x_wconf 85' lang='lat' dir='ltr'><strong>verisimilem</strong></span> <span class='ocrx_word' id='word_1_310' title='bbox 559 3207 626 3270; x_wconf 91' lang='lat' dir='ltr'><strong>inde</strong></span> <span class='ocrx_word' id='word_1_311' title='bbox 650 3209 852 3288; x_wconf 88' lang='lat' dir='ltr'><strong>conjecturam</strong></span> <span class='ocrx_word' id='word_1_312' title='bbox 876 3209 1004 3269; x_wconf 87' lang='lat' dir='ltr'><strong>formare</strong></span> <span class='ocrx_word' id='word_1_313' title='bbox 1037 3207 1150 3288; x_wconf 91' lang='lat' dir='ltr'><strong>possit,</strong></span> <span class='ocrx_word' id='word_1_314' title='bbox 1184 3227 1272 3290; x_wconf 83' lang='lat' dir='ltr'><strong>quarn</strong></span> <span class='ocrx_word' id='word_1_315' title='bbox 1296 3209 1346 3270; x_wconf 90' lang='lat' dir='ltr'><strong>diu</strong></span> <span class='ocrx_word' id='word_1_316' title='bbox 1369 3208 1487 3288; x_wconf 88' lang='lat' dir='ltr'><strong>quidem</strong></span> <span class='ocrx_word' id='word_1_317' title='bbox 1511 3210 1599 3272; x_wconf 87' lang='lat' dir='ltr'><strong>solas</strong></span> <span class='ocrx_word' id='word_1_318' title='bbox 1625 3231 1695 3274; x_wconf 89' lang='lat' dir='ltr'><strong>cou-</strong></span> 
     </span>
     <span class='ocr_line' id='line_1_34' title="bbox 338 3296 1696 3378; baseline 0.003 -20"><span class='ocrx_word' id='word_1_319' title='bbox 338 3296 511 3378; x_wconf 79' lang='lat' dir='ltr'><strong>junctiones</strong></span> <span class='ocrx_word' id='word_1_320' title='bbox 536 3316 661 3377; x_wconf 87' lang='lat' dir='ltr'><strong>magnas</strong></span> <span class='ocrx_word' id='word_1_321' title='bbox 685 3298 825 3371; x_wconf 89' lang='lat' dir='ltr'><strong>intuetur,</strong></span> <span class='ocrx_word' id='word_1_322' title='bbox 851 3297 928 3376; x_wconf 90' lang='lat' dir='ltr'><strong>quod</strong></span> <span class='ocrx_word' id='word_1_323' title='bbox 949 3297 1021 3357; x_wconf 85' lang='lat' dir='ltr'><strong>lucit</strong></span> <span class='ocrx_word' id='word_1_324' title='bbox 1036 3297 1072 3372; x_wconf 83' lang='lat' dir='ltr'><strong>is,</strong></span> <span class='ocrx_word' id='word_1_325' title='bbox 1097 3298 1146 3377; x_wconf 89' lang='lat' dir='ltr'><strong>qui</strong></span> <span class='ocrx_word' id='word_1_326' title='bbox 1160 3297 1256 3378; x_wconf 87' lang='lat' dir='ltr'><strong>ipsam</strong></span> <span class='ocrx_word' id='word_1_327' title='bbox 1272 3299 1362 3358; x_wconf 87' lang='lat' dir='ltr'><strong>etiarn</strong></span> <span class='ocrx_word' id='word_1_328' title='bbox 1381 3296 1501 3360; x_wconf 88' lang='lat' dir='ltr'><strong>stellam</strong></span> <span class='ocrx_word' id='word_1_329' title='bbox 1524 3303 1696 3362; x_wconf 80' lang='lat' dir='ltr'><strong>naturalem</strong></span> 
     </span>
     <span class='ocr_line' id='line_1_35' title="bbox 342 3385 1696 3466; baseline 0.003 -20"><span class='ocrx_word' id='word_1_330' title='bbox 342 3394 375 3447; x_wconf 89' lang='lat' dir='ltr'><strong>et</strong></span> <span class='ocrx_word' id='word_1_331' title='bbox 398 3385 611 3464; x_wconf 87' lang='lat' dir='ltr'><strong>astrologicum</strong></span> <span class='ocrx_word' id='word_1_332' title='bbox 644 3387 782 3448; x_wconf 74' lang='lat' dir='ltr'><strong>effectum</strong></span> <span class='ocrx_word' id='word_1_333' title='bbox 810 3405 878 3447; x_wconf 88' lang='lat' dir='ltr'><strong>esse</strong></span> <span class='ocrx_word' id='word_1_334' title='bbox 910 3386 1021 3448; x_wconf 88' lang='lat' dir='ltr'><strong>statuit</strong></span> <span class='ocrx_word' id='word_1_335' title='bbox 1050 3403 1177 3465; x_wconf 89' lang='lat' dir='ltr'><strong>magnae</strong></span> <span class='ocrx_word' id='word_1_336' title='bbox 1212 3387 1447 3466; x_wconf 84' lang='lat' dir='ltr'><strong>conjunctionis:</strong></span> <span class='ocrx_word' id='word_1_337' title='bbox 1479 3395 1515 3449; x_wconf 90' lang='lat' dir='ltr'><strong>ut</strong></span> <span class='ocrx_word' id='word_1_338' title='bbox 1536 3389 1696 3452; x_wconf 80' lang='lat' dir='ltr'><strong>Fabricius</strong></span> 
     </span>
     <span class='ocr_line' id='line_1_36' title="bbox 342 3474 1695 3556; baseline 0.004 -20"><span class='ocrx_word' id='word_1_339' title='bbox 342 3493 399 3537; x_wconf 90' lang='lat' dir='ltr'><strong>uon</strong></span> <span class='ocrx_word' id='word_1_340' title='bbox 424 3474 559 3548; x_wconf 88' lang='lat' dir='ltr'><strong>obscure,</strong></span> <span class='ocrx_word' id='word_1_341' title='bbox 585 3483 618 3536; x_wconf 92' lang='lat' dir='ltr'><strong>ut</strong></span> <span class='ocrx_word' id='word_1_342' title='bbox 641 3477 786 3553; x_wconf 88' lang='lat' dir='ltr'><strong>astrologi</strong></span> <span class='ocrx_word' id='word_1_343' title='bbox 810 3475 875 3550; x_wconf 90' lang='lat' dir='ltr'><strong>alii,</strong></span> <span class='ocrx_word' id='word_1_344' title='bbox 905 3477 954 3555; x_wconf 90' lang='lat' dir='ltr'><strong>qui</strong></span> <span class='ocrx_word' id='word_1_345' title='bbox 978 3475 1162 3554; x_wconf 89' lang='lat' dir='ltr'><strong>scripserunt</strong></span> <span class='ocrx_word' id='word_1_346' title='bbox 1186 3476 1358 3556; x_wconf 84' lang='lat' dir='ltr'><strong>priusquam</strong></span> <span class='ocrx_word' id='word_1_347' title='bbox 1386 3493 1465 3536; x_wconf 87' lang='lat' dir='ltr'><strong>nora</strong></span> <span class='ocrx_word' id='word_1_348' title='bbox 1493 3478 1589 3539; x_wconf 88' lang='lat' dir='ltr'><strong>stella</strong></span> <span class='ocrx_word' id='word_1_349' title='bbox 1612 3497 1695 3542; x_wconf 90' lang='lat' dir='ltr'><strong>com-</strong></span> 
     </span>
     <span class='ocr_line' id='line_1_37' title="bbox 341 3563 1695 3645; baseline 0.004 -19"><span class='ocrx_word' id='word_1_350' title='bbox 341 3564 504 3645; x_wconf 87' lang='lat' dir='ltr'><strong>paruisset.</strong></span> <span class='ocrx_word' id='word_1_351' title='bbox 549 3563 627 3627; x_wconf 91' lang='lat' dir='ltr'><strong>Nam</strong></span> <span class='ocrx_word' id='word_1_352' title='bbox 652 3565 728 3644; x_wconf 92' lang='lat' dir='ltr'><strong>quod</strong></span> <span class='ocrx_word' id='word_1_353' title='bbox 751 3581 830 3625; x_wconf 85' lang='lat' dir='ltr'><strong>nove</strong></span> <span class='ocrx_word' id='word_1_354' title='bbox 849 3565 939 3626; x_wconf 89' lang='lat' dir='ltr'><strong>stella</strong></span> <span class='ocrx_word' id='word_1_355' title='bbox 962 3575 1082 3644; x_wconf 86' lang='lat' dir='ltr'><strong>praeter</strong></span> <span class='ocrx_word' id='word_1_356' title='bbox 1098 3573 1222 3626; x_wconf 85' lang='lat' dir='ltr'><strong>naturae</strong></span> <span class='ocrx_word' id='word_1_357' title='bbox 1246 3564 1389 3627; x_wconf 89' lang='lat' dir='ltr'><strong>usitatum</strong></span> <span class='ocrx_word' id='word_1_358' title='bbox 1412 3582 1531 3628; x_wconf 84' lang='lat' dir='ltr'><strong>cursum</strong></span> <span class='ocrx_word' id='word_1_359' title='bbox 1555 3567 1599 3629; x_wconf 88' lang='lat' dir='ltr'><strong>ud</strong></span> <span class='ocrx_word' id='word_1_360' title='bbox 1624 3589 1695 3631; x_wconf 91' lang='lat' dir='ltr'><strong>con-</strong></span> 
     </span>
     <span class='ocr_line' id='line_1_38' title="bbox 338 3653 1695 3736; baseline 0.004 -19"><span class='ocrx_word' id='word_1_361' title='bbox 338 3653 526 3736; x_wconf 76' lang='lat' dir='ltr'><strong>junctionem</strong></span> <span class='ocrx_word' id='word_1_362' title='bbox 558 3655 704 3716; x_wconf 86' lang='lat' dir='ltr'><strong>accessit:</strong></span> <span class='ocrx_word' id='word_1_363' title='bbox 744 3653 782 3714; x_wconf 91' lang='lat' dir='ltr'><strong>de</strong></span> <span class='ocrx_word' id='word_1_364' title='bbox 818 3653 905 3732; x_wconf 89' lang='lat' dir='ltr'><strong>hujus</strong></span> <span class='ocrx_word' id='word_1_365' title='bbox 936 3655 979 3716; x_wconf 91' lang='lat' dir='ltr'><strong>rei</strong></span> <span class='ocrx_word' id='word_1_366' title='bbox 1010 3653 1263 3734; x_wconf 87' lang='lat' dir='ltr'><strong>praeternaturali</strong></span> <span class='ocrx_word' id='word_1_367' title='bbox 1304 3653 1521 3734; x_wconf 76' lang='lat' dir='ltr'><strong>significatione</strong></span> <span class='ocrx_word' id='word_1_368' title='bbox 1561 3659 1695 3722; x_wconf 86' lang='lat' dir='ltr'><strong>noudum</strong></span> 
     </span>
     <span class='ocr_line' id='line_1_39' title="bbox 343 3742 1694 3828; baseline 0.001 -21"><span class='ocrx_word' id='word_1_369' title='bbox 343 3745 462 3826; x_wconf 88' lang='lat' dir='ltr'><strong>quidem</strong></span> <span class='ocrx_word' id='word_1_370' title='bbox 487 3743 571 3824; x_wconf 88' lang='lat' dir='ltr'><strong>coepi</strong></span> <span class='ocrx_word' id='word_1_371' title='bbox 595 3744 709 3816; x_wconf 88' lang='lat' dir='ltr'><strong>dicere,</strong></span> <span class='ocrx_word' id='word_1_372' title='bbox 736 3742 788 3803; x_wconf 83' lang='lat' dir='ltr'><strong>fiet</strong></span> <span class='ocrx_word' id='word_1_373' title='bbox 811 3751 910 3804; x_wconf 88' lang='lat' dir='ltr'><strong>autem</strong></span> <span class='ocrx_word' id='word_1_374' title='bbox 933 3744 1023 3822; x_wconf 89' lang='lat' dir='ltr'><strong>paulo</strong></span> <span class='ocrx_word' id='word_1_375' title='bbox 1046 3751 1133 3822; x_wconf 90' lang='lat' dir='ltr'><strong>post:</strong></span> <span class='ocrx_word' id='word_1_376' title='bbox 1158 3743 1188 3804; x_wconf 92' lang='lat' dir='ltr'><strong>in</strong></span> <span class='ocrx_word' id='word_1_377' title='bbox 1212 3761 1355 3823; x_wconf 88' lang='lat' dir='ltr'><strong>praesens</strong></span> <span class='ocrx_word' id='word_1_378' title='bbox 1377 3763 1449 3806; x_wconf 84' lang='lat' dir='ltr'><strong>nero</strong></span> <span class='ocrx_word' id='word_1_379' title='bbox 1471 3745 1591 3808; x_wconf 88' lang='lat' dir='ltr'><strong>inculco</strong></span> <span class='ocrx_word' id='word_1_380' title='bbox 1616 3749 1694 3828; x_wconf 90' lang='lat' dir='ltr'><strong>quod</strong></span> 
     </span>
     <span class='ocr_line' id='line_1_40' title="bbox 343 3831 1693 3916; baseline 0.004 -22"><span class='ocrx_word' id='word_1_381' title='bbox 343 3836 433 3914; x_wconf 84' lang='lat' dir='ltr'><strong>poulo</strong></span> <span class='ocrx_word' id='word_1_382' title='bbox 457 3831 643 3912; x_wconf 82' lang='lat' dir='ltr'><strong>supradixi,</strong></span> <span class='ocrx_word' id='word_1_383' title='bbox 668 3831 802 3894; x_wconf 90' lang='lat' dir='ltr'><strong>nimirum</strong></span> <span class='ocrx_word' id='word_1_384' title='bbox 827 3849 903 3911; x_wconf 87' lang='lat' dir='ltr'><strong>quae</strong></span> <span class='ocrx_word' id='word_1_385' title='bbox 928 3832 1174 3912; x_wconf 78' lang='lat' dir='ltr'><strong>explanatorum</strong></span> <span class='ocrx_word' id='word_1_386' title='bbox 1205 3833 1487 3913; x_wconf 84' lang='lat' dir='ltr'><strong>configurationibus</strong></span> <span class='ocrx_word' id='word_1_387' title='bbox 1510 3853 1570 3897; x_wconf 89' lang='lat' dir='ltr'><strong>uon</strong></span> <span class='ocrx_word' id='word_1_388' title='bbox 1594 3835 1693 3916; x_wconf 89' lang='lat' dir='ltr'><strong>sigui·</strong></span> 
     </span>
     <span class='ocr_line' id='line_1_41' title="bbox 345 3921 1480 4002; baseline -0.003 -17"><span class='ocrx_word' id='word_1_389' title='bbox 345 3923 472 3986; x_wconf 84' lang='lat' dir='ltr'><strong>licentur</strong></span> <span class='ocrx_word' id='word_1_390' title='bbox 494 3937 549 4002; x_wconf 88' lang='lat' dir='ltr'><strong>per</strong></span> <span class='ocrx_word' id='word_1_391' title='bbox 570 3929 697 3984; x_wconf 86' lang='lat' dir='ltr'><strong>naturae</strong></span> <span class='ocrx_word' id='word_1_392' title='bbox 720 3921 867 4002; x_wconf 90' lang='lat' dir='ltr'><strong>quendam</strong></span> <span class='ocrx_word' id='word_1_393' title='bbox 891 3921 1020 3993; x_wconf 91' lang='lat' dir='ltr'><strong>modum,</strong></span> <span class='ocrx_word' id='word_1_394' title='bbox 1043 3922 1132 4001; x_wconf 87' lang='lat' dir='ltr'><strong>plane</strong></span> <span class='ocrx_word' id='word_1_395' title='bbox 1155 3941 1212 3984; x_wconf 90' lang='lat' dir='ltr'><strong>uon</strong></span> <span class='ocrx_word' id='word_1_396' title='bbox 1235 3922 1480 4002; x_wconf 81' lang='lat' dir='ltr'><strong>praesignificari.</strong></span> 
     </span>
    </p>

    <p class='ocr_par' dir='ltr' id='par_1_7' title="bbox 342 4009 1693 4894">
     <span class='ocr_line' id='line_1_42' title="bbox 431 4009 1693 4091; baseline 0.002 -17"><span class='ocrx_word' id='word_1_397' title='bbox 431 4009 520 4082; x_wconf 87' lang='lat' dir='ltr'><strong>Quae</strong></span> <span class='ocrx_word' id='word_1_398' title='bbox 543 4010 620 4086; x_wconf 83' lang='lat' dir='ltr'><strong>dixi,</strong></span> <span class='ocrx_word' id='word_1_399' title='bbox 652 4010 784 4073; x_wconf 87' lang='lat' dir='ltr'><strong>naturali</strong></span> <span class='ocrx_word' id='word_1_400' title='bbox 816 4017 990 4088; x_wconf 85' lang='lat' dir='ltr'><strong>argumento</strong></span> <span class='ocrx_word' id='word_1_401' title='bbox 1013 4029 1052 4072; x_wconf 81' lang='lat' dir='ltr'><strong>es</strong></span> <span class='ocrx_word' id='word_1_402' title='bbox 1073 4009 1149 4091; x_wconf 89' lang='lat' dir='ltr'><strong>ipsis</strong></span> <span class='ocrx_word' id='word_1_403' title='bbox 1173 4012 1289 4091; x_wconf 87' lang='lat' dir='ltr'><strong>maguis</strong></span> <span class='ocrx_word' id='word_1_404' title='bbox 1319 4010 1579 4091; x_wconf 77' lang='lat' dir='ltr'><strong>conjunctionibus</strong></span> <span class='ocrx_word' id='word_1_405' title='bbox 1602 4014 1693 4076; x_wconf 89' lang='lat' dir='ltr'><strong>ducto</strong></span> 
     </span>
     <span class='ocr_line' id='line_1_43' title="bbox 342 4097 1693 4184; baseline 0.001 -21"><span class='ocrx_word' id='word_1_406' title='bbox 342 4100 533 4165; x_wconf 80' lang='lat' dir='ltr'><strong>confirmavi:</strong></span> <span class='ocrx_word' id='word_1_407' title='bbox 557 4117 616 4162; x_wconf 87' lang='lat' dir='ltr'><strong>unu</strong></span> <span class='ocrx_word' id='word_1_408' title='bbox 631 4119 698 4162; x_wconf 87' lang='lat' dir='ltr'><strong>esse</strong></span> <span class='ocrx_word' id='word_1_409' title='bbox 714 4117 766 4162; x_wconf 92' lang='lat' dir='ltr'><strong>cur</strong></span> <span class='ocrx_word' id='word_1_410' title='bbox 784 4099 822 4160; x_wconf 91' lang='lat' dir='ltr'><strong>ob</strong></span> <span class='ocrx_word' id='word_1_411' title='bbox 841 4097 918 4161; x_wconf 88' lang='lat' dir='ltr'><strong>hauc</strong></span> <span class='ocrx_word' id='word_1_412' title='bbox 941 4117 1083 4180; x_wconf 86' lang='lat' dir='ltr'><strong>unperam</strong></span> <span class='ocrx_word' id='word_1_413' title='bbox 1106 4099 1343 4180; x_wconf 86' lang='lat' dir='ltr'><strong>conjunctionem</strong></span> <span class='ocrx_word' id='word_1_414' title='bbox 1365 4100 1557 4182; x_wconf 88' lang='lat' dir='ltr'><strong>praecipuum</strong></span> <span class='ocrx_word' id='word_1_415' title='bbox 1577 4103 1693 4184; x_wconf 89' lang='lat' dir='ltr'><strong>aliquid</strong></span> 
     </span>
     <span class='ocr_line' id='line_1_44' title="bbox 344 4188 1693 4272; baseline 0.001 -19"><span class='ocrx_word' id='word_1_416' title='bbox 344 4191 498 4272; x_wconf 87' lang='lat' dir='ltr'><strong>majusque</strong></span> <span class='ocrx_word' id='word_1_417' title='bbox 523 4207 612 4271; x_wconf 83' lang='lat' dir='ltr'><strong>quam</strong></span> <span class='ocrx_word' id='word_1_418' title='bbox 634 4188 836 4269; x_wconf 89' lang='lat' dir='ltr'><strong>superioribus</strong></span> <span class='ocrx_word' id='word_1_419' title='bbox 860 4188 974 4250; x_wconf 87' lang='lat' dir='ltr'><strong>duobus</strong></span> <span class='ocrx_word' id='word_1_420' title='bbox 998 4190 1117 4263; x_wconf 88' lang='lat' dir='ltr'><strong>seculis,</strong></span> <span class='ocrx_word' id='word_1_421' title='bbox 1143 4197 1267 4250; x_wconf 86' lang='lat' dir='ltr'><strong>naturae</strong></span> <span class='ocrx_word' id='word_1_422' title='bbox 1291 4190 1330 4264; x_wconf 89' lang='lat' dir='ltr'><strong>vi,</strong></span> <span class='ocrx_word' id='word_1_423' title='bbox 1354 4199 1574 4271; x_wconf 83' lang='lat' dir='ltr'><strong>exspectemus.</strong></span> <span class='ocrx_word' id='word_1_424' title='bbox 1609 4193 1693 4255; x_wconf 71' lang='lat' dir='ltr'><strong>liihil</strong></span> 
     </span>
     <span class='ocr_line' id='line_1_45' title="bbox 344 4277 1692 4359; baseline 0 -15"><span class='ocrx_word' id='word_1_425' title='bbox 344 4281 421 4344; x_wconf 90' lang='lat' dir='ltr'><strong>enim</strong></span> <span class='ocrx_word' id='word_1_426' title='bbox 444 4279 573 4342; x_wconf 89' lang='lat' dir='ltr'><strong>interest</strong></span> <span class='ocrx_word' id='word_1_427' title='bbox 596 4278 634 4340; x_wconf 87' lang='lat' dir='ltr'><strong>ad</strong></span> <span class='ocrx_word' id='word_1_428' title='bbox 658 4297 756 4340; x_wconf 90' lang='lat' dir='ltr'><strong>rernm</strong></span> <span class='ocrx_word' id='word_1_429' title='bbox 779 4277 973 4339; x_wconf 87' lang='lat' dir='ltr'><strong>humanamm</strong></span> <span class='ocrx_word' id='word_1_430' title='bbox 1002 4287 1114 4340; x_wconf 88' lang='lat' dir='ltr'><strong>statum</strong></span> <span class='ocrx_word' id='word_1_431' title='bbox 1147 4279 1404 4354; x_wconf 88' lang='lat' dir='ltr'><strong>commovendum,</strong></span> <span class='ocrx_word' id='word_1_432' title='bbox 1434 4280 1472 4342; x_wconf 88' lang='lat' dir='ltr'><strong>ab</strong></span> <span class='ocrx_word' id='word_1_433' title='bbox 1494 4279 1565 4359; x_wconf 85' lang='lat' dir='ltr'><strong>igue</strong></span> <span class='ocrx_word' id='word_1_434' title='bbox 1589 4301 1630 4343; x_wconf 93' lang='lat' dir='ltr'><strong>au</strong></span> <span class='ocrx_word' id='word_1_435' title='bbox 1655 4283 1692 4345; x_wconf 87' lang='lat' dir='ltr'><strong>ab</strong></span> 
     </span>
     <span class='ocr_line' id='line_1_46' title="bbox 344 4365 1692 4452; baseline -0.001 -19"><span class='ocrx_word' id='word_1_436' title='bbox 344 4387 422 4452; x_wconf 87' lang='lat' dir='ltr'><strong>equa</strong></span> <span class='ocrx_word' id='word_1_437' title='bbox 444 4368 581 4449; x_wconf 87' lang='lat' dir='ltr'><strong>trigonus</strong></span> <span class='ocrx_word' id='word_1_438' title='bbox 605 4367 829 4430; x_wconf 81' lang='lat' dir='ltr'><strong>denominetur:</strong></span> <span class='ocrx_word' id='word_1_439' title='bbox 854 4365 949 4428; x_wconf 81' lang='lat' dir='ltr'><strong>ethic</strong></span> <span class='ocrx_word' id='word_1_440' title='bbox 967 4368 1090 4430; x_wconf 88' lang='lat' dir='ltr'><strong>multum</strong></span> <span class='ocrx_word' id='word_1_441' title='bbox 1115 4368 1251 4442; x_wconf 76' lang='lat' dir='ltr'><strong>interest,</strong></span> <span class='ocrx_word' id='word_1_442' title='bbox 1276 4369 1362 4431; x_wconf 90' lang='lat' dir='ltr'><strong>multi</strong></span> <span class='ocrx_word' id='word_1_443' title='bbox 1381 4387 1419 4430; x_wconf 89' lang='lat' dir='ltr'><strong>au</strong></span> <span class='ocrx_word' id='word_1_444' title='bbox 1437 4371 1525 4449; x_wconf 85' lang='lat' dir='ltr'><strong>pauci</strong></span> <span class='ocrx_word' id='word_1_445' title='bbox 1548 4370 1692 4450; x_wconf 86' lang='lat' dir='ltr'><strong>planetae</strong></span> 
     </span>
     <span class='ocr_line' id='line_1_47' title="bbox 343 4455 1690 4539; baseline -0.001 -16"><span class='ocrx_word' id='word_1_446' title='bbox 343 4461 421 4539; x_wconf 88' lang='lat' dir='ltr'><strong>iique</strong></span> <span class='ocrx_word' id='word_1_447' title='bbox 453 4473 547 4538; x_wconf 83' lang='lat' dir='ltr'><strong>prope</strong></span> <span class='ocrx_word' id='word_1_448' title='bbox 575 4475 613 4520; x_wconf 87' lang='lat' dir='ltr'><strong>au</strong></span> <span class='ocrx_word' id='word_1_449' title='bbox 640 4455 709 4518; x_wconf 83' lang='lat' dir='ltr'><strong>laxe</strong></span> <span class='ocrx_word' id='word_1_450' title='bbox 738 4463 769 4518; x_wconf 91' lang='lat' dir='ltr'><strong>et</strong></span> <span class='ocrx_word' id='word_1_451' title='bbox 795 4455 911 4518; x_wconf 88' lang='lat' dir='ltr'><strong>eminus</strong></span> <span class='ocrx_word' id='word_1_452' title='bbox 942 4466 1058 4518; x_wconf 81' lang='lat' dir='ltr'><strong>coeant.</strong></span> <span class='ocrx_word' id='word_1_453' title='bbox 1104 4455 1179 4518; x_wconf 83' lang='lat' dir='ltr'><strong>Cum</strong></span> <span class='ocrx_word' id='word_1_454' title='bbox 1212 4457 1290 4519; x_wconf 89' lang='lat' dir='ltr'><strong>enim</strong></span> <span class='ocrx_word' id='word_1_455' title='bbox 1318 4475 1356 4520; x_wconf 91' lang='lat' dir='ltr'><strong>ea</strong></span> <span class='ocrx_word' id='word_1_456' title='bbox 1387 4457 1515 4520; x_wconf 83' lang='lat' dir='ltr'><strong>homiuis</strong></span> <span class='ocrx_word' id='word_1_457' title='bbox 1548 4459 1690 4536; x_wconf 76' lang='lat' dir='ltr'><strong>facultas,</strong></span> 
     </span>
     <span class='ocr_line' id='line_1_48' title="bbox 343 4544 1692 4632; baseline 0 -22"><span class='ocrx_word' id='word_1_458' title='bbox 343 4565 421 4629; x_wconf 89' lang='lat' dir='ltr'><strong>qnae</strong></span> <span class='ocrx_word' id='word_1_459' title='bbox 445 4565 543 4628; x_wconf 86' lang='lat' dir='ltr'><strong>capax</strong></span> <span class='ocrx_word' id='word_1_460' title='bbox 566 4556 614 4608; x_wconf 90' lang='lat' dir='ltr'><strong>est</strong></span> <span class='ocrx_word' id='word_1_461' title='bbox 636 4544 856 4608; x_wconf 88' lang='lat' dir='ltr'><strong>harmoniarum</strong></span> <span class='ocrx_word' id='word_1_462' title='bbox 880 4544 958 4608; x_wconf 89' lang='lat' dir='ltr'><strong>inter</strong></span> <span class='ocrx_word' id='word_1_463' title='bbox 989 4547 1172 4607; x_wconf 87' lang='lat' dir='ltr'><strong>radiationes</strong></span> <span class='ocrx_word' id='word_1_464' title='bbox 1205 4547 1371 4632; x_wconf 75' lang='lat' dir='ltr'><strong>coelestes,</strong></span> <span class='ocrx_word' id='word_1_465' title='bbox 1401 4547 1469 4628; x_wconf 86' lang='lat' dir='ltr'><strong>ipsa</strong></span> <span class='ocrx_word' id='word_1_466' title='bbox 1495 4567 1614 4630; x_wconf 85' lang='lat' dir='ltr'><strong>quoque</strong></span> <span class='ocrx_word' id='word_1_467' title='bbox 1640 4551 1692 4612; x_wconf 90' lang='lat' dir='ltr'><strong>det</strong></span> 
     </span>
     <span class='ocr_line' id='line_1_49' title="bbox 343 4633 1690 4719; baseline 0.001 -21"><span class='ocrx_word' id='word_1_468' title='bbox 343 4635 400 4697; x_wconf 89' lang='lat' dir='ltr'><strong>hoe</strong></span> <span class='ocrx_word' id='word_1_469' title='bbox 423 4635 545 4711; x_wconf 87' lang='lat' dir='ltr'><strong>homiui,</strong></span> <span class='ocrx_word' id='word_1_470' title='bbox 569 4643 602 4697; x_wconf 90' lang='lat' dir='ltr'><strong>ut</strong></span> <span class='ocrx_word' id='word_1_471' title='bbox 625 4635 667 4697; x_wconf 91' lang='lat' dir='ltr'><strong>sit</strong></span> <span class='ocrx_word' id='word_1_472' title='bbox 689 4633 799 4696; x_wconf 85' lang='lat' dir='ltr'><strong>animal</strong></span> <span class='ocrx_word' id='word_1_473' title='bbox 822 4634 975 4708; x_wconf 87' lang='lat' dir='ltr'><strong>sociabile,</strong></span> <span class='ocrx_word' id='word_1_474' title='bbox 1001 4635 1068 4714; x_wconf 88' lang='lat' dir='ltr'><strong>ipsa</strong></span> <span class='ocrx_word' id='word_1_475' title='bbox 1091 4636 1228 4697; x_wconf 89' lang='lat' dir='ltr'><strong>nimirum</strong></span> <span class='ocrx_word' id='word_1_476' title='bbox 1250 4635 1291 4697; x_wconf 89' lang='lat' dir='ltr'><strong>sit</strong></span> <span class='ocrx_word' id='word_1_477' title='bbox 1310 4637 1534 4700; x_wconf 80' lang='lat' dir='ltr'><strong>tundamentum</strong></span> <span class='ocrx_word' id='word_1_478' title='bbox 1551 4649 1586 4699; x_wconf 92' lang='lat' dir='ltr'><strong>et</strong></span> <span class='ocrx_word' id='word_1_479' title='bbox 1602 4639 1690 4719; x_wconf 91' lang='lat' dir='ltr'><strong>prin-</strong></span> 
     </span>
     <span class='ocr_line' id='line_1_50' title="bbox 344 4723 1690 4808; baseline 0.004 -24"><span class='ocrx_word' id='word_1_480' title='bbox 344 4723 453 4803; x_wconf 81' lang='lat' dir='ltr'><strong>cipium</strong></span> <span class='ocrx_word' id='word_1_481' title='bbox 484 4724 656 4805; x_wconf 87' lang='lat' dir='ltr'><strong>politiamm</strong></span> <span class='ocrx_word' id='word_1_482' title='bbox 678 4741 733 4803; x_wconf 93' lang='lat' dir='ltr'><strong>per</strong></span> <span class='ocrx_word' id='word_1_483' title='bbox 760 4723 894 4804; x_wconf 89' lang='lat' dir='ltr'><strong>singulos</strong></span> <span class='ocrx_word' id='word_1_484' title='bbox 926 4739 1063 4802; x_wconf 88' lang='lat' dir='ltr'><strong>sparsum</strong></span> <span class='ocrx_word' id='word_1_485' title='bbox 1095 4724 1270 4800; x_wconf 85' lang='lat' dir='ltr'><strong>(instinctus</strong></span> <span class='ocrx_word' id='word_1_486' title='bbox 1300 4725 1378 4788; x_wconf 89' lang='lat' dir='ltr'><strong>enim</strong></span> <span class='ocrx_word' id='word_1_487' title='bbox 1401 4735 1449 4789; x_wconf 88' lang='lat' dir='ltr'><strong>est</strong></span> <span class='ocrx_word' id='word_1_488' title='bbox 1475 4727 1577 4805; x_wconf 87' lang='lat' dir='ltr'><strong>potius</strong></span> <span class='ocrx_word' id='word_1_489' title='bbox 1607 4728 1690 4808; x_wconf 82' lang='lat' dir='ltr'><strong>apud</strong></span> 
     </span>
     <span class='ocr_line' id='line_1_51' title="bbox 344 4811 1687 4894; baseline 0.004 -20"><span class='ocrx_word' id='word_1_490' title='bbox 344 4811 489 4889; x_wconf 82' lang='lat' dir='ltr'><strong>homiues,</strong></span> <span class='ocrx_word' id='word_1_491' title='bbox 512 4830 599 4894; x_wconf 84' lang='lat' dir='ltr'><strong>quam</strong></span> <span class='ocrx_word' id='word_1_492' title='bbox 622 4811 795 4886; x_wconf 77' lang='lat' dir='ltr'><strong>consilium,</strong></span> <span class='ocrx_word' id='word_1_493' title='bbox 811 4811 839 4872; x_wconf 94' lang='lat' dir='ltr'><strong>iu</strong></span> <span class='ocrx_word' id='word_1_494' title='bbox 863 4829 951 4874; x_wconf 88' lang='lat' dir='ltr'><strong>uuum</strong></span> <span class='ocrx_word' id='word_1_495' title='bbox 975 4811 1148 4883; x_wconf 74' lang='lat' dir='ltr'><strong>caleaneo</strong></span> <span class='ocrx_word' id='word_1_496' title='bbox 1170 4813 1346 4893; x_wconf 78' lang='lat' dir='ltr'><strong>providente</strong></span> <span class='ocrx_word' id='word_1_497' title='bbox 1364 4815 1565 4880; x_wconf 80' lang='lat' dir='ltr'><strong>imbecillitati</strong></span> <span class='ocrx_word' id='word_1_498' title='bbox 1589 4818 1687 4880; x_wconf 87' lang='lat' dir='ltr'><strong>ratio-</strong></span> 
     </span>
    </p>
   </div>
   <div class='ocr_carea' id='block_1_7' title="bbox 0 0 1788 5536">
    <p class='ocr_par' dir='ltr' id='par_1_8' title="bbox 0 0 1788 5536">
     <span class='ocr_line' id='line_1_52' title="bbox 0 0 1788 5536; baseline 0 4"><span class='ocrx_word' id='word_1_499' title='bbox 0 0 1788 5536; x_wconf 95' lang='lat' dir='ltr'><strong> </strong></span> 
     </span>
    </p>
   </div>
  </div>
 </body>
</html>
