3648 5530
582 357 587 366 ,
671 309 702 360 aa
720 307 788 362 tom
806 306 960 362 morianas
977 303 1022 362 te.
1140 315 1151 324 ·
1457 311 1520 383 tar

170 501 259 566 quam
283 503 321 545 ex
344 487 575 550 conversatione
607 487 752 550 honorum
786 488 892 550 eodem
924 489 1104 568 cognitionis
1135 490 1285 554 desiderio
1317 493 1521 574 flagrantiam,

167 591 226 636 non
249 573 356 635 minori
380 577 424 636 tui
448 577 495 637 vel
520 576 639 636 videndi
663 577 711 637 vel
743 577 882 638 audiendi
914 586 946 638 et
979 579 1105 658 denique
1138 580 1254 641 fruendi
1283 581 1431 644 desiderio
1454 603 1521 646 sum

168 664 318 724 incensus.
365 665 444 726 Nam
467 665 571 744 nequit
589 665 715 725 'exulare
748 666 844 726 virtus
878 685 915 726 ex
948 685 983 727 eo
1018 667 1134 741 animo,
1171 669 1201 729 iu
1234 687 1290 748 quo
1323 671 1426 732 sedem
1456 672 1522 735 fixit

168 769 251 814 amor
274 752 428 814 doctrinae
453 772 632 834 operumque
655 754 713 814 Dei
742 755 912 815 admiratio.
937 754 994 816 'Si
1023 756 1159 817 collibuit
1187 756 1303 832 animo,
1339 777 1415 842 qnae
1438 760 1521 822 Deus

168 841 243 902 iacit
265 843 480 921 contemplari,
512 843 648 904 collibuit
671 851 703 902 et
726 861 802 922 quae
827 843 907 904 idem
930 843 1013 905 Dens
1036 846 1192 925 praecepit
1225 845 1334 908 iacere.
1382 845 1522 918 Quodsi

168 929 206 991 ab
229 929 365 991 omuibus
389 939 452 992 tarn
475 939 581 1011 posset
611 931 782 1010 impetrari,
822 949 911 1012 qnam
943 941 977 993 tu
1009 933 1087 995 ultro
1120 942 1279 1014 praestas,
1318 935 1391 998 nihil
1424 937 1522 1016 magis

167 1020 295 1080 humano
319 1020 422 1096 generi
446 1021 536 1104 ¹fuerit
558 1019 730 1099 optandum,
757 1039 846 1100 qnam
870 1029 903 1081 nt
926 1041 1029 1082 omnes
1053 1039 1105 1100 per
1124 1030 1222 1084 totum
1236 1023 1395 1086 Terrarum
1420 1025 1522 1088 orbem

170 1125 258 1170 uuam
281 1107 385 1169 urbem
410 1108 584 1170 habitarent
607 1108 792 1187 invicemque
816 1109 907 1170 etiam
930 1110 960 1170 in
985 1110 1041 1170 hoc
1065 1111 1166 1172 seculo
1191 1111 1235 1172 sic
1259 1112 1428 1174 fruerentur
1442 1115 1522 1176 omni

168 1197 220 1258 lite
244 1205 376 1270 remota,
401 1197 444 1258 uti
467 1197 597 1258 futurum
621 1215 777 1276 speramus
801 1198 829 1258 in
855 1199 964 1258 futuro.
1012 1199 1120 1278 Itaque
1143 1199 1277 1262 vicissim
1305 1219 1361 1282 ego
1384 1201 1440 1263 tibi
1463 1221 1522 1264 uon

169 1285 401 1347 instrumentum
424 1287 544 1366 porrigo
567 1285 742 1366 pervidendi
766 1286 857 1348 animi
881 1287 1061 1363 meismes,
1086 1288 1140 1349 sed
1164 1289 1313 1350 trilemrna
1336 1291 1392 1352 hoc
1416 1291 1521 1352 eodem

167 1374 312 1448 tendens,
337 1393 395 1454 quo
419 1393 563 1454 expresso
587 1382 639 1436 aut
662 1383 744 1436 tuam
772 1375 826 1437 tibi
857 1391 1092 1455 personam'per
1114 1377 1174 1438 vim
1203 1378 1376 1455 detraham,
1409 1387 1462 1441 aut
1484 1397 1522 1441 ex

167 1461 304 1524 manibus
328 1472 520 1542 personatum
546 1464 705 1532 dimittam,
730 1483 786 1524 non
811 1464 975 1526 rediturum
999 1465 1056 1526 nisi
1079 1473 1208 1544 persona
1232 1466 1359 1545 abjecta.

256 1551 320 1612 Aut
343 1552 421 1612 euim
444 1571 553 1632 genere
577 1553 674 1631 polles
698 1561 730 1613 et
759 1554 881 1632 opibus;
915 1562 967 1614 aut
990 1554 1131 1615 mediocri
1154 1561 1236 1616 sorte
1260 1575 1332 1618 usus
1356 1557 1393 1617 ad
1418 1555 1521 1618 erudi-

166 1640 258 1700 tionis
282 1641 391 1701 sarnam
415 1649 447 1702 et
474 1643 601 1702 honores
625 1641 748 1703 meritos
772 1644 922 1704 eluctatus
955 1661 1004 1716 es;
1043 1651 1096 1703 aut
1122 1643 1261 1704 desertus
1290 1645 1328 1705 ab
1355 1645 1409 1719 iis,
1443 1657 1520 1725 quae

168 1735 239 1790 sunt
262 1725 418 1798 fortunae,
453 1731 549 1792 solam
574 1730 728 1791 doctrinae
753 1731 914 1792 anchoram
945 1731 1116 1810 arripuisti,
1151 1751 1211 1813 qua
1238 1733 1338 1793 navim
1369 1733 1398 1794 in
1430 1740 1522 1817 portu

168 1826 285 1890 teneas,
311 1819 406 1897 quoad
431 1819 485 1880 tibi
509 1819 704 1880 subveniatur
728 1819 857 1881 aliunde.
896 1818 929 1881 Si
952 1819 979 1880 is
999 1839 1042 1894 es,
1067 1839 1153 1898 quem
1168 1820 1265 1881 medio
1282 1821 1347 1882 loco
1362 1822 1520 1901 descripsi,

168 1913 232 1966 tore
256 1905 315 1966 iter
338 1907 393 1968 hoc
418 1908 579 1968 literarium
604 1907 820 1988 epropiuquo:
846 1909 891 1969 sin
916 1909 1047 1982 ultimus,
1073 1909 1103 1968 iu
1127 1927 1225 1970 meam
1248 1909 1405 1972 concedito
1429 1911 1521 1972 lami·

168 1994 240 2056 liam
264 1997 302 2055 ad
326 1996 458 2058 futurum
480 1996 601 2057 Pascha
623 2014 749 2077 meaque
773 1997 949 2076 frugalitate
973 2007 1133 2060 contentus
1163 1999 1289 2060 eandem
1318 2017 1432 2062 mecum
1457 1999 1520 2060 ior-

169 2091 272 2144 tunam
296 2085 467 2164 experiare:
506 2085 551 2146 siu
576 2085 702 2166 denique
733 2087 863 2165 primus,
903 2087 980 2168 quod
1012 2093 1083 2166 opto
1112 2095 1144 2148 et
1172 2088 1268 2166 magis
1301 2097 1392 2167 atque
1423 2087 1521 2167 magis

168 2173 293 2252 conjicio
322 2175 395 2246 (etsi
419 2193 544 2253 maguus
569 2193 616 2236 me
640 2183 725 2236 tenet
747 2183 860 2251 metus,
885 2195 922 2236 ne
946 2177 1003 2238 hoc
1027 2173 1217 2255 opprobrium
1241 2175 1270 2236 in
1294 2175 1346 2238 illo
1370 2176 1522 2238 homiuum

169 2277 279 2339 genere
302 2262 327 2322 si
350 2264 521 2342 suspicatus
546 2264 647 2339 fuero,
682 2265 760 2324 male
784 2264 823 2324 ab
851 2265 911 2326 illis
940 2265 1051 2326 muller
1074 2265 1112 2325 ob
1135 2263 1302 2327 ominosam
1324 2283 1422 2326 meam
1446 2283 1521 2327 eou-

164 2351 346 2429 jacturam),
380 2370 451 2431 ergo
475 2352 501 2412 si
524 2353 625 2431 placet
648 2354 686 2413 ad
709 2361 740 2414 te
765 2355 899 2414 transibo
924 2353 1074 2434 Dresdam
1096 2371 1164 2414 cum
1188 2353 1302 2415 familia
1325 2360 1411 2429 tota,
1444 2372 1522 2434 quae

169 2447 290 2500 constat
304 2457 342 2500 ex
357 2459 458 2509 uxore,
483 2440 579 2502 tribus
603 2441 715 2515 liberis,
741 2443 852 2503 ancilla
875 2451 905 2503 et
924 2443 949 2504 si
964 2443 1066 2521 placet
1084 2442 1205 2514 ramulo,
1231 2449 1388 2522 tecumque
1411 2443 1461 2503 vel
1480 2439 1521 2504 ibi

168 2529 215 2588 vel
249 2529 459 2592 commodioris
489 2530 587 2591 victus
621 2549 713 2591 causa
735 2531 900 2610 Fribergae
929 2531 958 2593 id
982 2530 1126 2608 temporis
1155 2531 1293 2609 exigam,
1329 2532 1407 2610 quod
1431 2549 1519 2610 spero

167 2633 214 2677 me
234 2615 355 2678 aGaes.
373 2618 539 2697 Majestate
563 2619 789 2698 impetraturum
814 2621 970 2682 absentiae
989 2638 1084 2693 meae,
1110 2619 1230 2680 interim
1253 2620 1322 2682 dnm
1346 2619 1520 2681 melioribus

168 2706 267 2766 ventis
292 2707 477 2785 spirantibus
502 2725 538 2768 ex
563 2709 631 2769 aula
654 2708 725 2769 mihi
749 2727 839 2789 super
860 2719 953 2789 pacta
972 2710 1036 2788 jam
1060 2706 1168 2768 merita
1191 2709 1328 2770 mercede
1351 2707 1492 2770 satisfiat
1539 2727 1543 2737 ·

254 2794 359 2854 Habes
392 2796 482 2857 animi
515 2797 573 2858 mei
605 2797 777 2876 speculnm;
816 2805 848 2858 tu
880 2799 949 2877 quid
983 2798 1120 2860 videatur
1152 2802 1184 2856 et
1217 2797 1283 2878 quis
1313 2797 1356 2858 sis
1380 2796 1519 2876 deposita

166 2884 448 2963 personarescribe
473 2887 721 2966 quamprimum,
746 2887 891 2948 ctVale.
929 2887 1047 2966 Plagae
1074 2883 1123 2948 18.
1149 2884 1222 2948 Dec.
1251 2880 1346 2948 1610.
1387 2883 1520 2948 Virtutis

167 2979 199 3034 et
221 2973 408 3035 Eruditiouis
432 2975 515 3036 ibae
539 2973 763 3038 amantissimus

1167 3061 1220 3125 Jc.
1244 3060 1412 3145 Kepleruae.

253 3219 424 3286 Mauuscripto
451 3225 602 3286 praemissae
629 3223 748 3286 epistulae
775 3223 906 3288 adscripsit
922 3221 1081 3273 Hanschius:
1112 3221 1156 3280 ,P.
1181 3221 1287 3272 Muller“
1316 3235 1372 3271 sam
1400 3221 1462 3270 iorte
1489 3222 1520 3271 ob

166 3306 274 3352 causam,
295 3293 353 3356 quia
372 3294 478 3342 amicum
497 3295 646 3360 singularem
665 3294 731 3343 huno
749 3295 823 3344 fuisse
842 3295 881 3346 Jo.
902 3293 1003 3350 Senssii,
1023 3308 1095 3358 quem
1114 3291 1174 3341 dicit
1191 3293 1314 3358 Keplerus
1332 3293 1359 3341 in
1376 3291 1414 3340 his
1432 3293 1518 3350 literis,

164 3351 306 3413 Hanschius
329 3365 478 3428 nescioquo
504 3367 558 3427 jure
583 3371 662 3429 putat.
701 3363 813 3415 Seusaius
839 3380 940 3415 munere
967 3365 1117 3429 fungebatur
1143 3365 1270 3414 secretarii
1291 3363 1358 3427 apud
1380 3361 1520 3412 aleatorem

166 3431 304 3490 saxoniae,
324 3433 436 3485 Dresdae
462 3435 568 3500 degens,
596 3437 695 3500 saepius
713 3435 820 3501 Pragam
843 3439 954 3486 renitet
977 3435 1056 3485 multa
1081 3449 1137 3484 cum
1156 3435 1264 3499 Keplero
1288 3437 1340 3500 egit
1362 3435 1518 3495 amicissime,

165 3505 202 3554 ita
219 3511 247 3552 ut
258 3507 343 3554 'remus
367 3507 461 3556 diceret
479 3507 634 3562 Hauschlus.
659 3507 807 3571 aiKeplero
825 3509 938 3572 quamsi
956 3507 1061 3558 Milllsro
1083 3510 1196 3569 junctum
1217 3507 1375 3570 praedicarat
1393 3504 1518 3556 Seusaium

167 3576 316 3640 „singulari“
333 3579 472 3634 amicitia,
496 3591 645 3644 quamquam
671 3579 790 3628 Mllllerue
816 3579 943 3630 Seussinm
969 3579 1038 3628 dicet
1066 3593 1237 3636 „comunem
1265 3585 1375 3628 nostrum
1401 3578 1516 3633 amicum,

166 3653 323 3710 patronorum
335 3664 443 3698 meorum
456 3650 640 3714 praecipuum.“
667 3650 786 3698 Miillems
798 3651 935 3714 Lipsiae
953 3649 1075 3699 mathesin
1089 3649 1250 3712 profitebatur
1265 3655 1321 3712 pust
1333 3647 1393 3696 illud
1412 3653 1517 3710 tempus,

165 3733 214 3780 quo
231 3717 354 3782 Keplerus
379 3719 462 3769 literas
482 3719 643 3770 Dresdam'
658 3721 725 3769 misit
742 3723 905 3784 praemissas,
929 3727 982 3771 tum
1004 3723 1120 3784 temporis
1144 3734 1263 3770 annorum
1292 3717 1325 3767 25
1344 3719 1406 3767 forte
1434 3717 1521 3766 studiis

165 3801 265 3852 operam
292 3788 368 3838 dabat
394 3791 453 3840 item
481 3791 590 3854 Lipsiae.
628 3789 711 3851 Quare
738 3794 877 3855 opinionem
901 3791 1037 3848 Hansehii,
1063 3792 1166 3854 abipso
1190 3791 1272 3859 autem
1294 3797 1383 3853 postea
1409 3789 1520 3845 misam,

164 3861 223 3910 dum
242 3860 267 3908 lu
287 3860 430 3912 collectione
442 3877 490 3912 sua
501 3877 591 3913 nomeu
603 3863 702 3913 Mlllleri
720 3864 810 3922 omisit,
829 3877 878 3913 uon
891 3864 1031 3928 probantes,
1051 3864 1182 3920 nescimus,
1202 3877 1274 3926 quam
1293 3861 1369 3910 ahum
1380 3860 1452 3922 hujus
1464 3859 1519 3908 loco

163 3932 350 3988 masticamus,
369 3939 449 3982 utrum
462 3933 569 3984 nobilem
581 3935 606 3982 iu
620 3934 679 3984 aula
696 3942 836 3986 versantem
848 3935 992 3991 Dresdensi,
1011 3949 1044 3984 au
1057 3935 1131 3984 alium
1150 3935 1269 3982 minorum
1287 3932 1407 3996 gentium.
1438 3931 1519 3996 Aegre

163 4009 247 4054 autem
275 4003 414 4062 leuandum,
443 4005 527 4055 literas
555 4006 610 4055 illas
636 4006 738 4064 deesse,
767 4007 799 4056 ad
821 4020 882 4070 quaa
907 4005 1031 4070 Keplerus
1052 4009 1125 4054 tauto
1147 4005 1227 4054 studio
1254 4009 1375 4066 mutaque
1396 4002 1520 4052 suavitate

161 4073 295 4137 respondit.
318 4099 350 4109 -

230 4146 232 4154 '
251 4143 347 4194 Similia
366 4147 577 4211 praemissis,egit
593 4147 719 4210 Keplerua
737 4163 792 4198 cum
811 4147 876 4198 Italo
896 4147 1036 4196 Octavio
1054 4146 1184 4200 Pieaui,
1207 4146 1248 4209 qui
1269 4144 1393 4202 ,vacabat
1416 4143 1519 4207 privatis

161 4217 250 4268 stadiis
268 4215 453 4270 mathematicis
471 4220 646 4282 antverpiae,
665 4219 752 4283 quibus
771 4219 925 4270 delectatua'*
946 4219 1089 4282 antuerpia
1106 4216 1242 4280 Keplerum
1267 4216 1344 4265 literis
1362 4214 1437 4272 adiit,
1458 4216 1519 4274 „tibi

161 4289 276 4353 ignotam,
303 4287 349 4336 sed
367 4295 395 4336 tu
417 4289 476 4338 mihi
503 4290 654 4338 notissimus.
692 4289 748 4339 Tua
774 4292 839 4340 euim
867 4303 943 4354 opera
965 4289 995 4338 de
1015 4288 1085 4338 Motu
1104 4287 1191 4336 Martis
1211 4295 1236 4336 et
1255 4286 1346 4350 Optica
1373 4301 1518 4350 quocunque

162 4364 339 4424 pervagantur,
360 4373 531 4424 quemcunque
551 4360 649 4410 doctum
672 4361 813 4409 sortiuntur.
850 4359 893 4409 Me
913 4367 1084 4409 coacervatum
1107 4358 1172 4408 seius
1190 4358 1239 4406 tuis
1259 4358 1371 4414 amicis,·
1386 4358 1519 4421 praecipue

163 4443 217 4479 cum
237 4437 263 4480 te
283 4431 391 4478 amicum
410 4431 486 4479 nostri
506 4429 630 4479 Galilei
650 4445 793 4494 agnoscam,
813 4446 829 4480 a
847 4446 894 4495 quo
914 4431 953 4480 die
971 4431 1086 4480 hesterno
1104 4429 1189 4478 literae
1209 4429 1302 4492 accepi.
1329 4427 1394 4478 Vere
1408 4427 1519 4477 Galileus

162 4507 201 4550 est
220 4499 335 4550 eoelestis
355 4501 498 4558 americus,
527 4504 568 4566 qui
587 4503 612 4550 iu
631 4502 700 4550 coelo
719 4517 784 4551 nora
801 4503 883 4552 sidera
901 4507 927 4552 et
945 4503 1077 4566 praecipue
1095 4499 1211 4550 Medioea
1232 4500 1339 4556 iurauit,
1368 4513 1414 4564 ego
1433 4505 1518 4550 autem
1596 4497 1599 4502 '

161 4571 294 4620 theorimm
320 4577 401 4620 mutus
424 4573 530 4622 siderum
553 4571 721 4622 Mollieeornm
745 4573 839 4624 deliueo
866 4575 933 4623 circa
954 4574 1022 4624 levis
1045 4571 1129 4636 regale
1155 4570 1229 4632 jubar
1253 4569 1364 4622 satellitii
1388 4571 1467 4622 instar
1492 4573 1518 4622 iu

161 4643 269 4704 apicyclc
281 4641 365 4692 low
380 4640 425 4692 dic.
455 4641 488 4706 (E
502 4645 579 4694 literis
591 4643 616 4692 d.
631 4646 711 4692 butu.
726 4644 750 4694 d.
765 4641 790 4693 5.
806 4643 861 4694 Oct.
877 4640 965 4704 1613).
994 4643 1072 4692 Biduo
1091 4648 1146 4706 post
1165 4641 1234 4690 addit
1246 4641 1368 4691 Pisanus:
1387 4639 1472 4692 Multis
1491 4649 1517 4693 te

163 4712 217 4762 volo
249 4714 317 4762 circa
343 4711 491 4778 hypotheses
519 4715 698 4764 astronomicas
716 4721 742 4763 et
759 4717 891 4780 praecipue
918 4715 985 4764 circa
1011 4713 1183 4778 phaenomena
1207 4713 1262 4760 novi
1286 4711 1425 4776 perspicilli.
1463 4713 1518 4764 Alio

164 4787 248 4832 autem
267 4783 340 4832 modo
359 4783 524 4847 perspieillum
542 4791 683 4834 construere
697 4785 790 4843 molior,
809 4801 897 4848 nempe
910 4785 1004 4834 duobus
1023 4783 1098 4832 oculis
1117 4787 1237 4845 aptatum.
1262 4781 1354 4834 Multos
1373 4785 1438 4835 euim
1457 4787 1516 4845 scio,

162 4855 205 4919 qui
225 4865 281 4902 cum
300 4851 390 4902 dinam
408 4869 457 4904 uuo
476 4855 546 4905 oculu
563 4857 688 4918 mapieem
713 4863 906 4916 commorantur,
925 4855 992 4913 iere,
1010 4855 1061 4904 lere
1079 4854 1192 4918 iuquam,
1212 4853 1290 4904 altero
1309 4856 1379 4906 oealo
1398 4855 1517 4932 caligant,

231 4937 321 4988 leplarl
335 4939 405 4988 Opera
422 4940 449 4981 11.
1273 4939 1303 5000 31
