3672 5528
299 259 365 330 236
770 263 962 328 Paralipomena
980 265 1006 314 in
1024 263 1191 315 Vitelliorum.

299 449 363 504 turn
394 441 588 522 refringetur,
627 460 719 522 quare
759 441 855 502 miuus
893 439 1010 520 quidem
1043 441 1072 501 in
1106 441 1201 503 vitreo
1243 440 1379 502 discedet
1407 461 1426 502 a
1453 439 1546 521 priori
1580 459 1656 502 cono

300 533 414 594 directo
438 550 527 611 quam
549 531 579 592 in
595 529 781 612 crystallino,
806 529 859 590 sed
874 537 975 590 tamen
995 530 1132 592 discedet
1154 539 1185 591 et
1208 528 1252 590 sic
1276 531 1315 590 ad
1333 530 1488 592 sinistrum
1506 529 1656 609 parietem

299 621 414 683 retinas
438 618 595 682 allabatur.
642 617 687 679 At
710 638 745 679 ne
770 618 943 680 turbaretur
966 619 1180 699 hemisphaerii
1210 618 1306 693 ratio,
1339 619 1366 680 si
1389 627 1501 698 puncta
1525 620 1599 682 foris
1624 619 1654 680 in

299 716 369 771 abre
394 727 431 768 ex
454 715 556 770 centro
580 707 657 768 oculi
690 706 748 769 sibi
778 715 879 768 mutuo
913 707 1053 787 opposita
1084 708 1197 788 triplici
1224 707 1404 769 refractione
1429 730 1447 769 a
1469 727 1598 770 corneae
1624 715 1656 768 et

298 795 465 879 crystallini
494 795 705 875 superficiebus
738 796 819 858 facta
855 797 1051 858 deflecterent
1083 797 1120 858 ab
1150 795 1351 876 oppositione,
1377 806 1409 859 et
1431 806 1578 878 tanquam
1616 797 1656 858 ab

299 887 408 964 angulo
433 884 462 945 in
485 884 721 964 profunditatem
754 885 832 947 oculi
860 885 1025 947 defluerent
1055 886 1156 966 sicque
1180 885 1300 948 sesain
1333 887 1503 964 portionem
1538 885 1657 948 retinas

298 975 442 1036 minorent
463 973 683 1053 hemisphaerio
708 974 902 1054 colligerent,
926 983 1034 1036 natura
1058 975 1209 1054 egregiam
1223 974 1372 1036 rationem
1386 975 1510 1048 invenit,
1535 982 1656 1036 statuto

298 1071 401 1126 centro
426 1062 542 1124 retiuue
566 1082 624 1125 non
649 1062 678 1123 in
702 1081 848 1125 concursu
872 1063 971 1125 axium
995 1082 1145 1138 concrum,
1171 1063 1220 1145 qui
1243 1064 1371 1124 vitreum
1395 1065 1656 1143 humorempera-

297 1159 399 1232 grant,
434 1138 489 1212 sed
519 1152 606 1230 longe
639 1151 721 1212 intra
749 1159 780 1212 et
804 1151 894 1214 limbo
924 1153 1040 1214 retinas
1070 1153 1190 1214 admoto
1216 1173 1234 1212 a
1259 1153 1422 1226 lateribus,
1460 1159 1495 1213 ut
1517 1153 1563 1214 ita
1586 1151 1654 1214 coni

298 1239 458 1320 longiores,
484 1239 534 1320 qui
557 1240 624 1319 plus
649 1241 862 1315 divaricantur,
887 1251 988 1310 rectas
1013 1249 1043 1301 et
1067 1239 1133 1302 ideo
1158 1241 1265 1302 breves
1287 1249 1391 1321 partes
1415 1241 1530 1302 retinas
1555 1240 1653 1302 inter·

296 1330 439 1409 ciperani,
465 1328 603 1408 quivero
622 1328 784 1402 breviores,
808 1330 905 1392 miuus
930 1329 1134 1392 divaricantur
1157 1331 1196 1392 ad
1220 1331 1318 1392 latera
1341 1331 1466 1404 retinas,
1491 1330 1512 1390 ii
1536 1329 1654 1392 retinas

295 1419 417 1499 oblique
439 1417 579 1496 objectae
602 1437 727 1496 magnas
750 1419 903 1496 portiones
925 1419 1032 1498 exigno
1057 1421 1166 1498 angulo
1183 1419 1402 1498 distinguerent
1416 1423 1654 1498 punctorumque

172 1505 176 1514 '
263 1519 270 1532 ·
295 1527 332 1569 ex
356 1506 495 1587 opposito
519 1507 717 1582 radiantium,
740 1507 863 1570 refracti
887 1527 946 1570 nou
970 1507 1114 1587 oppositi,
1139 1507 1168 1569 in
1193 1507 1335 1588 opposita
1357 1507 1550 1568 nihilominus
1576 1507 1653 1568 reti·

295 1597 398 1658 formis
422 1603 534 1674 puncta
557 1594 723 1657 inciderent
755 1604 787 1657 et
810 1597 853 1658 sic
876 1598 962 1659 fieret
989 1598 1204 1676 compensatio.
1250 1597 1394 1675 Adeoque
1425 1596 1451 1656 si
1480 1596 1653 1676 deniqnea

294 1685 416 1766 punctis
440 1683 652 1762 hemisphaerii
680 1693 783 1746 rectae
807 1686 985 1748 ducerentur
1008 1703 1061 1763 per
1084 1693 1218 1747 neutrum
1243 1686 1357 1746 retinas
1383 1692 1414 1745 et
1437 1684 1525 1746 vitrei
1545 1684 1654 1746 humo·

297 1774 347 1848 ris,
374 1773 445 1836 illae
469 1779 580 1852 puncta
603 1793 675 1836 snae
699 1773 830 1853 ipsorum
853 1775 988 1854 picturae
1017 1773 1045 1834 in
1071 1774 1212 1854 opposita
1242 1773 1339 1835 retina
1363 1773 1537 1853 signabunt.
1585 1771 1655 1835 Nisi

300 1863 356 1924 hoc
379 1863 480 1935 lieret,
515 1861 669 1941 quantitas
693 1882 789 1924 rerum
814 1883 833 1924 a
856 1864 951 1926 latere
974 1862 1107 1926 visarum
1130 1862 1305 1926 indistincte
1337 1879 1455 1941 semper
1483 1861 1656 1924 variaretur

298 1970 364 2014 cum
387 1949 465 2012 oculi
488 1951 690 2024 conversione,
715 1958 749 2013 ut
773 1952 806 2013 fit
828 1952 1088 2032 curuperspicilla
1111 1952 1205 2014 oculis
1229 1951 1434 2014 admoventur.
1473 1952 1555 2012 Nam
1580 1951 1655 2014 haec

299 2039 437 2120 quamvis
461 2039 547 2101 oculo
570 2039 760 2102 immobiliter
783 2041 996 2114 adhaerentia,
1030 2041 1058 2102 si
1080 2059 1157 2103 cunr
1171 2061 1205 2101 eo
1230 2041 1494 2114 circumferantur,
1526 2058 1653 2119 reprae-

297 2136 424 2190 sentant
447 2147 485 2188 ea
508 2144 584 2206 quae
608 2129 765 2208 quiescunt
788 2149 854 2192 cum
879 2130 977 2210 aliquo
1003 2137 1094 2202 motu,
1117 2138 1239 2209 propter
1263 2129 1411 2191 variatam
1435 2128 1652 2207 hemisphaerii

294 2217 498 2299 quantitatem
522 2225 719 2296 apparentem
743 2239 761 2278 a
785 2219 942 2281 lateribus.
1033 2297 1035 2300 Ι

382 2307 477 2367 Porro
509 2306 556 2366 hic
589 2325 698 2386 operae
730 2307 858 2386 pretium
894 2315 943 2368 est
974 2306 1178 2378 considerare,
1213 2315 1355 2386 quantum
1388 2305 1466 2366 inter
1497 2305 1647 2370 directam

294 2405 326 2456 et
349 2395 507 2456 lateralem
530 2394 676 2457 visionem
701 2394 831 2460 intersit.
869 2397 1001 2458 Primum
1025 2395 1158 2458 directae
1182 2393 1306 2457 visionis
1331 2413 1423 2456 conus
1447 2414 1465 2454 a
1488 2395 1556 2457 sola
1571 2413 1650 2458 uvea

294 2490 457 2560 coercetur,
482 2502 574 2562 quare
589 2491 672 2548 totus
695 2485 725 2546 in
749 2504 860 2546 cornea
883 2493 941 2555 est,
964 2484 1077 2564 obliqui
1101 2483 1167 2548 coni
1192 2483 1283 2564 aliqui
1308 2502 1451 2545 acernea
1465 2483 1533 2563 ipsa
1553 2483 1652 2544 desti-

295 2579 426 2636 tuuntur.
473 2573 605 2636 Possent
628 2574 707 2636 enim
730 2575 848 2636 ratione
872 2591 967 2636 ureae
991 2573 1116 2634 latiores
1140 2591 1225 2636 esse:
1261 2573 1362 2652 itaque
1396 2572 1526 2649 maligne
1556 2572 1653 2634 lucem

294 2661 497 2722 admetiuntur
526 2663 650 2726 retinas.
699 2661 841 2726 Directus
865 2682 957 2725 conus
982 2670 1031 2724 est
1053 2661 1207 2724 circularis
1230 2681 1283 2722 seu
1306 2669 1421 2735 rectus,
1446 2659 1560 2740 obliqui
1583 2669 1667 2722 sunta

293 2750 391 2830 pressi
415 2769 468 2812 seu
492 2751 616 2814 scaleni.
664 2752 781 2815 Directi
805 2753 871 2814 coni
895 2752 962 2813 axis
987 2769 1044 2812 uon
1069 2749 1242 2830 refringitur
1264 2749 1294 2812 in
1319 2769 1438 2818 cornea,
1464 2749 1653 2828 obliquorum

258 2911 261 2916 ,
294 2859 367 2902 axes
391 2839 593 2919 refringantur
617 2841 646 2901 in
671 2841 733 2902 illa.
781 2842 898 2904 Directi
931 2840 998 2902 coni
1028 2859 1132 2902 omnes
1166 2839 1263 2900 lineae
1287 2839 1410 2900 suntin
1443 2838 1653 2919 crystallinum

293 2929 507 3007 propemodum
531 2930 805 3010 perpendiculares,
830 2931 1017 3010 obliquorum
1040 2929 1131 2990 nulla.
1170 2928 1311 2989 Directus
1335 2927 1503 3008 aequaliter
1527 2938 1651 2988 secatur

294 3017 332 3078 ab
357 3016 506 3078 anteriore
531 3019 699 3100 crystallini
723 3020 890 3098 superficie,
916 3017 1027 3097 obliqui
1051 3017 1305 3098 inaequalissima,
1331 3016 1400 3096 quia
1424 3016 1650 3097 quodevexior

294 3105 461 3186 crystallini
486 3108 618 3168 anterior
641 3108 824 3187 superficies,
849 3109 905 3170 hoc
923 3107 1099 3186 profundius
1118 3125 1225 3168 conum
1240 3105 1392 3186 obliquum
1411 3111 1506 3167 secat.
1538 3105 1649 3168 Direc-

293 3201 343 3252 tus
367 3193 590 3273 hyperbolicam
614 3197 780 3279 crystallini
803 3196 988 3276 superficiem
1011 3215 1064 3257 seu
1087 3195 1246 3256 umbonem
1268 3194 1454 3258 circulariter
1477 3202 1510 3256 et
1533 3213 1650 3274 aequa-

294 3281 364 3342 liter
387 3289 480 3356 secat,
506 3283 619 3366 obliqui
650 3285 857 3366 inaequaliter.
904 3285 1020 3354 Directi
1052 3285 1119 3346 coni
1151 3303 1255 3346 omnes
1289 3283 1364 3344 radii
1394 3283 1576 3362 colliguntur
1611 3283 1652 3346 ad

297 3369 414 3430 unicum
449 3371 564 3434 retinas
596 3382 753 3452 punctum,
789 3376 868 3455 quod
900 3373 1030 3452 capitale
1062 3381 1110 3436 est
1139 3373 1169 3434 iu
1203 3373 1259 3434 hoo
1288 3371 1426 3451 negotio,
1459 3372 1650 3452 obliquorum

296 3475 436 3520 concrum
461 3458 558 3522 lineae
582 3481 641 3524 uon
664 3473 792 3543 possunt
810 3463 899 3543 plane
924 3481 1027 3524 omnes
1052 3462 1153 3542 colligi
1177 3461 1215 3524 ob
1238 3461 1423 3541 praemissas
1446 3459 1494 3522 hic
1517 3479 1649 3523 causas:

293 3565 386 3627 quare
409 3547 529 3625 pictura
550 3550 585 3612 lit
607 3550 766 3612 confusior.
814 3553 955 3614 Directus
979 3552 1115 3614 collimat
1144 3551 1183 3612 ad
1206 3559 1342 3612 centrum
1366 3550 1482 3612 retinas
1506 3551 1651 3640 medium,

293 3636 405 3717 obliqui
438 3637 478 3698 ad
511 3638 616 3702 latera
673 3639 816 3702 Directus
844 3649 929 3702 recta
960 3640 1066 3704 incidit
1100 3642 1129 3705 in
1158 3640 1304 3714 retinam,
1338 3639 1482 3700 laterales
1515 3639 1646 3721 oblique,

293 3726 449 3806 quiajam
471 3728 559 3790 modo
584 3727 707 3803 dictum,
732 3737 866 3792 centrum
889 3729 1006 3792 retineo
1030 3749 1099 3791 esse
1122 3730 1202 3792 intra
1225 3729 1400 3802 sectionem,
1426 3746 1515 3808 quam
1538 3729 1650 3792 facturi

293 3815 413 3877 fuerunt
436 3835 510 3878 axes
533 3836 684 3894 concrum,
710 3817 759 3898 qui
783 3827 855 3880 sant
877 3820 907 3880 in
933 3819 1054 3880 humore
1078 3819 1184 3880 vitreo.
1231 3818 1369 3896 Denique
1392 3816 1489 3878 virtus
1512 3819 1652 3880 sensoria

218 3937 221 3944 ι
292 3921 346 3965 seu
368 3904 493 3985 spiritus
516 3925 570 3986 per
592 3925 714 3969 nervum
738 3907 860 3980 infusus,
879 3907 950 3983 illio,
975 3908 1026 3970 ubi
1048 3909 1148 3970 retina
1171 3906 1293 3970 directis
1317 3905 1400 3968 conis
1424 3905 1577 3986 objicitur,
1602 3915 1652 3970 est

292 3993 448 4056 collectior
471 4002 502 4056 et
517 3995 632 4071 fortior,
659 4005 690 4058 et
709 3996 801 4058 fontis
825 4003 856 4058 et
870 3997 951 4058 orbis
967 3996 1100 4058 ratione:
1125 3997 1163 4058 ab
1183 4015 1218 4057 eo
1241 4003 1353 4076 puncto
1367 4014 1434 4057 cum
1449 3995 1514 4074 ipso
1535 3995 1650 4058 retinas

291 4082 450 4160 sphaerico
474 4083 649 4146 diffunditur
672 4093 703 4146 et
725 4107 745 4146 a
768 4086 850 4146 fonte
874 4085 1004 4147 discedit
1028 4104 1118 4165 quare
1143 4092 1175 4146 et
1202 4083 1386 4147 debilitatur.
1434 4084 1537 4165 Atque
1562 4095 1597 4148 nt
1621 4085 1649 4146 in

291 4169 478 4234 infundibulo
509 4180 542 4233 et
572 4173 601 4234 in
635 4174 693 4236 reti
725 4173 888 4254 piscatorio
922 4193 988 4236 curn
1018 4175 1157 4248 sacculo,
1189 4193 1265 4254 quae
1301 4191 1391 4252 supra
1424 4172 1507 4234 fuere
1531 4159 1649 4236 ritinee

291 4259 513 4335 similitudines,
539 4261 639 4324 omnia
663 4262 761 4324 latera
784 4264 949 4326 deflectunt
971 4264 1020 4324 vel
1040 4265 1191 4326 humorem
1215 4263 1263 4324 vel
1282 4261 1443 4342 pisciculos
1466 4261 1494 4324 iu
1511 4263 1650 4324 canalem

291 4367 345 4410 seu
368 4349 540 4412 sacculum:
571 4351 615 4412 sic
639 4351 754 4412 retinas
779 4352 876 4414 latera
899 4351 1007 4414 sensus
1031 4353 1077 4414 sui
1100 4352 1252 4414 modulum
1274 4369 1331 4412 uon
1355 4369 1408 4429 pro
1433 4369 1466 4411 se
1490 4361 1649 4432 usurpant,
1695 4359 1699 4369 ’

292 4437 345 4498 sed
370 4436 508 4518 quicquid
533 4448 677 4518 possunt,
712 4441 751 4502 ad
774 4440 906 4504 directae
932 4441 1054 4502 visionis
1086 4441 1302 4521 perfectionem
1329 4441 1483 4501 referunt:
1516 4459 1561 4502 sc.
1587 4448 1648 4502 tum

292 4523 410 4586 demum
426 4545 488 4588 rem
511 4527 646 4606 perfecte
670 4529 815 4605 videmus,
840 4549 991 4591 cumeum
1016 4531 1163 4594 cernimus
1183 4549 1250 4592 cum
1274 4529 1410 4590 omnibus
1434 4527 1648 4610 hemisphaerii

291 4613 539 4677 circumstantiis.
595 4616 787 4698 Quapropter
820 4619 941 4698 obliqua
973 4619 1048 4681 visio
1089 4620 1206 4682 minime
1240 4617 1394 4680 satisfacit
1423 4616 1561 4692 animae,
1594 4619 1648 4680 sed

292 4701 389 4762 solum
412 4703 523 4766 invitat
545 4706 584 4767 ad
613 4707 836 4786 detorquendus
867 4708 936 4770 illoc
970 4709 1088 4782 oculos,
1122 4719 1156 4771 ut
1179 4709 1291 4770 directe
1323 4707 1491 4769 videantur.
1540 4709 1648 4788 Itaque

293 4788 522 4868 inteipretanda
545 4803 593 4856 est
606 4795 772 4875 propositio
791 4795 840 4862 17.
861 4797 942 4858 tertii
963 4797 1058 4858 Vitel.
1089 4799 1169 4860 Nam
1192 4815 1246 4877 per
1260 4797 1355 4860 solam
1370 4795 1647 4876 perpendicularem
