3684 5518
301 247 366 314 240
770 247 961 314 Paralipomena
978 251 1004 300 in
1022 247 1188 302 Vitellionem.

302 426 476 498 remittunt,¹
493 443 551 504 quo
574 425 671 488 miuus
696 424 736 486 ad
758 444 807 488 res
831 425 983 505 proximas
1011 431 1276 506 contorqueantur.
1323 425 1407 488 Tunc
1435 423 1526 504 igitur
1553 442 1659 486 recur-
1707 457 1716 464 -

301 521 372 576 runt
395 514 432 576 ad
457 513 548 575 situm
570 515 760 594 parallelum.

390 602 609 681 Propbsitio
642 603 696 664 ill.
753 602 871 664 Visus
906 603 950 663 ad
983 601 1182 663 evidentia
1215 600 1373 682 rapitur,
1407 601 1591 664 tenuibus
1624 607 1663 662 et

301 691 595 754 vanescentibus
629 692 793 770 maligne
827 691 1009 753 allicitur.
1062 687 1150 760 Quod
1184 690 1371 768 experientia
1399 697 1547 762 testatur,
1577 687 1662 752 visus

302 780 473 861 proprietas
498 779 645 858 coarguit.
679 781 758 842 Nam
781 780 848 842 ideo
870 780 959 843 datus
976 787 1034 853 eat,
1058 787 1091 840 ut
1113 787 1284 842 moveretur
1303 799 1321 840 a
1341 780 1417 851 luce,
1441 799 1461 841 a
1479 777 1550 840 sorti
1568 777 1662 856 igitur

302 868 469 931 movebitur
503 869 632 931 fortiter.
679 869 723 932 m
753 869 866 930 moveri
897 889 915 930 a
947 867 1011 930 lnce
1045 877 1093 929 cst
1124 867 1236 928 videre.
1289 865 1391 938 Quare
1424 867 1473 948 qui
1505 866 1588 946 priua
1621 865 1663 928 ad

303 957 431 1020 debilem
456 959 550 1020 lucem
575 965 768 1037 respexerat,
793 956 908 1020 oriente
933 955 1048 1020 fortiori
1074 956 1139 1018 luce
1165 956 1332 1020 abeodem
1363 957 1502 1036 regione,
1533 955 1661 1020 eandem
1752 982 1757 992 ·

305 1047 541 1122 consectabitur,
565 1045 694 1126 priorem
719 1046 848 1108 amittet.
1629 1109 1632 1113 .

393 1135 451 1196 Vel
475 1133 567 1214 (Cap.
592 1135 616 1209 I,
641 1131 714 1204 28),
745 1153 812 1196 cum
836 1132 926 1194 fortia
956 1133 1073 1194 oculum
1101 1132 1297 1196 immoderate
1326 1132 1518 1207 collustrent,
1554 1131 1678 1203 latebit,

304 1223 431 1285 debilior
460 1223 648 1285 collustratis
673 1224 728 1286 sub
752 1241 799 1286 ea.
847 1221 942 1284 Visus
970 1241 1041 1282 vero
1072 1223 1207 1300 sequitur
1237 1221 1475 1284 collustratiouis
1503 1217 1661 1284 rationem.

331 1307 334 1312 ’
391 1312 610 1390 Propositio
633 1312 692 1374 IV.
740 1311 930 1374 Tenebrae
960 1311 1048 1372 daut
1074 1309 1278 1390 hospitium
1310 1309 1480 1390 imagini,
1509 1310 1663 1372 oriente

303 1420 389 1462 vero
414 1400 549 1488 elela
580 1401 755 1480 imaginis
786 1401 898 1480 plaga
932 1397 1082 1462 fortiori
1123 1399 1202 1462 luce
1245 1399 1349 1480 perit
1389 1399 1521 1478 imago.
1580 1398 1662 1460 Nam

243 1559 250 1568 .
305 1491 404 1568 imago
429 1496 477 1550 est
508 1490 618 1569 partim
651 1489 848 1551 intentionale
877 1508 948 1563 eos,
983 1487 1066 1550 visus
1095 1506 1180 1567 opus.
1227 1489 1378 1550 Pereuute
1409 1487 1509 1568 itaque
1542 1486 1663 1549 videndi

305 1588 375 1641 actu
416 1578 497 1657 perit
530 1578 639 1657 imago.
699 1578 784 1640 Perit
812 1595 883 1638 vero
916 1585 1002 1638 actus
1036 1577 1155 1638 videndi
1185 1596 1251 1638 cnm
1282 1577 1328 1638 hia
1359 1576 1580 1638 conditionibus
1609 1593 1665 1655 per

307 1666 517 1747 praemissam.
554 1667 581 1728 E
597 1666 757 1739 contrario,
782 1685 848 1728 cum
873 1667 954 1728 loeus
973 1684 1027 1726 seu
1045 1665 1174 1726 materia
1194 1666 1355 1728 tenebrosa
1373 1674 1423 1728 est
1438 1665 1517 1728 circa
1539 1664 1664 1743 plagam

306 1756 457 1835 imaginis,
483 1755 587 1817 sortior
598 1755 699 1834 itaque
708 1755 760 1816 lux
769 1753 909 1834 imaginis
921 1755 988 1834 (per
1003 1754 1215 1833 praemissam)
1228 1754 1348 1816 videndi
1358 1761 1458 1818 aotam
1468 1747 1665 1825 causatur.*)

393 1843 623 1924 Propositio
646 1843 687 1906 V.
733 1845 832 1906 Ante
861 1843 977 1922 pilam
1000 1861 1065 1904 seu
1096 1842 1240 1921 globum
1268 1862 1426 1922 aqueum
1454 1842 1579 1908 nullus
1603 1849 1666 1905 est

305 1935 409 1996 locus
440 1932 595 2012 imagini
634 1933 688 1994 rei
725 1939 810 2011 post
848 1931 958 2012 pilam
1000 1931 1208 1994 latitantis.
1262 1930 1460 2011 Experientia
1495 1929 1663 1996 confirmat.

306 2020 508 2093 Quaerendae
532 2021 625 2100 igitur
649 2023 730 2082 luere
755 2039 876 2083 causae.
914 2021 993 2083 Nam
1014 2021 1069 2082 hac
1092 2019 1297 2100 propositione
1322 2020 1441 2100 quidem
1465 2039 1523 2084 oon
1546 2027 1666 2082 tautum

306 2109 475 2188 corrigitur,
501 2110 579 2190 quod
602 2109 632 2170 J.
657 2111 693 2172 B.
718 2109 814 2172 Porta
847 2109 921 2171 libro
949 2108 998 2170 17.
1023 2127 1090 2189 cap.
1118 2107 1167 2171 13.
1192 2109 1368 2188 pollicetur,
1401 2119 1461 2188 pila
1497 2117 1666 2188 aryroatlina

307 2210 410 2272 facere,
432 2215 465 2262 ut
484 2208 609 2279 pendula
630 2207 722 2278 imago
743 2209 771 2264 in
791 2214 857 2264 aere
878 2209 1014 2272 rideatur,
1037 2197 1094 2260 ¹scd
1114 2197 1207 2262 etiam
1226 2197 1423 2278 propositioni
1442 2198 1556 2276 primae
1575 2195 1667 2274 hujus

307 2289 479 2364 derogatur.
520 2287 615 2366 igitur
639 2306 705 2350 oum
730 2288 812 2350 locus
836 2285 975 2367 imaginis
999 2306 1052 2365 per
1076 2285 1101 2350 l.
1126 2287 1215 2366 hujus
1239 2285 1423 2366 sit·propior
1445 2285 1551 2361 oculis,
1575 2303 1667 2366 quarn

306 2375 416 2456 globus
440 2393 573 2455 aqueus:
599 2394 671 2454 ergo
695 2395 749 2454 per
768 2374 798 2437 2.
824 2375 912 2454 hujus
936 2374 1087 2436 difficilius
1106 2375 1183 2438 oculi
1207 2375 1481 2455 contorquebantur
1504 2375 1543 2439 ad
1567 2375 1667 2438 locum

305 2463 461 2543 imaginis,
497 2479 585 2544 quam
614 2465 652 2524 ad
682 2465 813 2544 globum.
860 2463 903 2524 Et
924 2481 978 2542 per
1000 2460 1032 2524 3.
1062 2464 1151 2543 hujus
1182 2464 1337 2542 rapientur
1368 2461 1509 2528 oculiad
1532 2463 1664 2542 globum,

307 2553 392 2632 cujus
416 2553 467 2614 lux
493 2561 541 2613 est
570 2551 676 2615 fortior
699 2561 731 2614 et
754 2553 937 2626 evidentior,
967 2572 1055 2633 quam
1084 2552 1160 2615 radii
1188 2552 1229 2614 rei
1257 2570 1312 2631 per
1338 2552 1432 2630 pilam
1455 2551 1493 2614 sd
1520 2559 1667 2632 punctum

306 2661 362 2702 seu
387 2641 484 2704 locum
507 2640 646 2720 imaginis
671 2641 889 2722 pertingentes.
937 2642 995 2702 Per
1017 2637 1048 2704 l.
1074 2641 1165 2720 igitur
1187 2641 1295 2720 hujus:
1323 2641 1375 2702 luu
1397 2661 1417 2702 a
1439 2639 1529 2719 globo
1558 2657 1666 2720 nqueo,

307 2731 466 2793 illustrans
489 2730 586 2792 locum
610 2730 750 2809 imaginis
774 2730 998 2810 interpositum,
1027 2729 1162 2808 dispellit
1188 2729 1349 2808 imaginem
1373 2745 1450 2790 novo
1471 2728 1521 2790 aui
1545 2727 1667 2792 videndi

309 2827 379 2882 actu
404 2819 515 2883 elicito.
540 2819 639 2880 ·Hinc
663 2818 758 2882 Porta
790 2819 942 2882 titubans:
971 2829 1001 2884 Si
1022 2829 1139 2892 vaihte,
1161 2818 1266 2898 inquit,
1290 2827 1374 2882 merie
1399 2827 1517 2882 maxime
1547 2826 1665 2890 risibile.

306 2927 341 2974 ut
360 2918 433 2989 ignis
454 2920 500 2971 vel
522 2918 646 2983 candela,
668 2935 712 2972 rea
734 2919 793 2972 aine
815 2918 979 2972 difficultate
1000 2925 1030 2971 et
1048 2917 1151 2971 clarior
1170 2916 1317 2972 videbitur.
1376 2905 1458 2984 Ergo
1492 2923 1569 2985 quae
1607 2924 1665 2968 non

310 3006 382 3056 sunt
405 2996 498 3074 ignis,
522 2996 714 3070 difficillime,
750 2997 864 3060 fatente
887 2996 997 3072 Porta,
1032 2996 1059 3058 in
1084 2997 1198 3058 usitato
1230 2994 1370 3075 imaginis
1394 2997 1460 3056 loco
1490 3001 1663 3060 cernuntur.

310 3082 391 3153 Quid
414 3085 539 3146 multis?
572 3085 639 3146 Hae
664 3091 735 3146 sunt
757 3086 922 3164 opticomm
947 3084 1153 3147 conclusiones
1177 3103 1215 3144 ex
1243 3082 1433 3146 insufficienti
1454 3090 1489 3144 et
1512 3101 1571 3146 oen
1595 3081 1665 3146 uoi-

309 3171 421 3232 versali
456 3172 711 3235 demonstratione
746 3174 783 3234 de
820 3175 884 3236 loco
915 3174 1055 3252 imaginis
1085 3173 1250 3252 profectae.
1297 3170 1449 3242 Quorsum
1478 3170 1612 3250 pertinet
1635 3177 1668 3234 et

309 3260 371 3334 illa,
396 3278 473 3338 quae
496 3261 592 3322 Porta
614 3261 713 3340 capite
742 3259 790 3324 10.
816 3261 1009 3340 praecedenti
1034 3263 1197 3324 docuerat:
1226 3271 1302 3326 lente
1338 3269 1504 3342 nystdlina
1541 3285 1668 3326 convexa

310 3358 459 3430 imaginem
482 3361 510 3414 iu
531 3366 596 3414 abre
621 3363 771 3432 pendulam
792 3360 894 3414 ridere.
958 3349 1050 3412 Ratio
1088 3351 1167 3413 enlm
1207 3351 1422 3430 propemodum
1458 3355 1522 3412 est.
1547 3348 1666 3412 eddom.

309 3437 475 3516 Propterea
499 3439 603 3500 addit:
629 3450 657 3504 Si
678 3465 816 3520 papyrum
844 3447 971 3516 objicies,
994 3449 1068 3503 clare
1094 3449 1213 3514 videbis,
1241 3457 1274 3504 ut
1301 3449 1418 3502 andala
1443 3463 1563 3502 aceensa
1581 3461 1669 3518 super

215 3539 218 3545 '
308 3553 447 3607 papyrum
468 3540 565 3592 ardere
586 3539 723 3594 videatur.
770 3529 884 3606 Nempe
915 3529 1045 3605 maligne
1073 3536 1105 3589 et
1135 3528 1186 3588 vix
1217 3527 1367 3589 videbitur
1399 3528 1515 3606 imago,
1550 3527 1667 3589 fauente

309 3617 417 3690 Porta,
441 3617 470 3676 in
494 3617 560 3695 ipso
585 3618 662 3678 nudo
687 3624 768 3680 abre.
815 3617 861 3678 At
889 3617 915 3678 si
942 3635 1088 3698 papyrum
1116 3617 1255 3695 objicias,
1285 3616 1459 3696 nimquam
1490 3615 1668 3694 interponas

309 3723 455 3785 papymm
479 3706 558 3766 inter
587 3705 700 3768 lentem
724 3713 755 3768 et
785 3704 881 3767 visum
906 3707 989 3778 (nam
1013 3705 1061 3766 hio
1084 3707 1181 3768 Porta
1202 3723 1317 3768 mecum
1350 3705 1447 3766 adhue
1471 3704 1508 3766 de
1536 3703 1666 3780 imagine

309 3791 448 3872 loquitur,
474 3794 604 3856 nondum
629 3796 665 3856 de
689 3794 816 3875 pictura,
841 3795 878 3856 de
902 3815 960 3875 qua
982 3813 1086 3856 verum
1109 3794 1165 3856 boc
1189 3803 1250 3869 est,
1275 3803 1309 3856 ut
1331 3793 1409 3857 infra
1432 3792 1579 3872 patebit),
1599 3792 1666 3868 jam

310 3898 367 3942 oon
397 3882 528 3960 pendula
551 3883 581 3945 in
611 3889 699 3958 aere,
732 3883 785 3944 sed
810 3881 871 3944 lixa
893 3884 923 3944 in
952 3901 1066 3964 papyro
1094 3882 1244 3944 videbitur
1271 3882 1379 3962 imago.
1425 3882 1563 3962 Papyrus
1587 3879 1665 3942 enirn

310 3968 480 4032 evidentius
514 3971 623 4032 feriens
657 3973 760 4034 oculos
792 3972 909 4034 stabilit
933 3973 1009 4039 ‚illos
1033 3971 1064 4033 in
1090 3971 1157 4034 loco
1180 3971 1338 4050 imaginis,
1360 3977 1395 4032 nt
1418 3967 1607 4049 conturbasti
1630 3985 1667 4028 eo

309 4058 438 4137 possint.
485 4059 652 4123 Ettameu
676 4059 831 4141 quietum
859 4077 992 4143 papyrus
1018 4059 1128 4122 clarior
1159 4059 1307 4140 imagine,
1341 4077 1473 4140 papyrus
1504 4056 1666 4138 praecipue

309 4145 473 4222 videbitur,
508 4147 607 4227 imago
641 4149 827 4210 secundarie.
876 4151 943 4212 lion
976 4149 1054 4210 enim
1081 4150 1164 4211 solae
1196 4143 1431 4212 marhematicae
1463 4145 1667 4210 dimensiones

310 4234 471 4314 imaginem
494 4245 615 4311 creant,
644 4238 697 4298 sed
722 4238 814 4299 etiam
839 4244 871 4298 et
893 4239 986 4299 multo
1013 4237 1113 4316 magis
1142 4237 1257 4301 colores
1281 4245 1372 4318 atque
1395 4236 1507 4301 lumina
1530 4246 1563 4296 et
1584 4234 1665 4314 phy-

309 4324 391 4386 sicae
422 4343 549 4399 cansae,
584 4325 620 4386 de
652 4325 759 4405 quibus
783 4323 814 4387 2.
840 4323 870 4388 3.
896 4321 927 4388 4.
961 4345 1004 4404 pr.
1038 4325 1127 4404 liujus
1154 4345 1220 4407 cap.
1271 4325 1306 4388 Si
1335 4343 1483 4388 convoces
1513 4323 1666 4386 ocnlomm

308 4463 581 4480 *ψ’-Ψ...-
615 4463 629 4470 .-

398 4534 424 4600 *)
446 4537 525 4590 Haec
546 4545 703 4602 causaest,
726 4553 774 4590 our
795 4535 914 4606 speculis
936 4535 1032 4590 vitreis
1056 4538 1176 4594 materia
1202 4539 1290 4594 livens
1312 4546 1341 4592 et
1362 4555 1448 4610 prope
1469 4538 1580 4593 decolor
1601 4538 1666 4591 aub-

310 4616 435 4678 dueatur,
456 4616 598 4670 metallica
617 4633 684 4670 vero
705 4617 875 4687 potissimum
890 4633 927 4670 ex
948 4617 1067 4688 chalybe
1089 4626 1139 4674 aut
1158 4619 1215 4673 alia
1236 4621 1353 4672 materia
1374 4620 1457 4690 nigra
1478 4619 1664 4672 conficiantur.

310 4695 382 4748 Hine
402 4693 487 4750 edam
507 4711 568 4748 cum
588 4695 727 4751 fenestrae
748 4696 852 4750 vitreas
866 4695 934 4748 foria
955 4699 1090 4753 tenebrae
1108 4700 1244 4762 obsident,
1266 4705 1348 4754 nocto
1370 4715 1468 4768 nempe
1482 4699 1517 4752 ad
1539 4699 1665 4753 incensas

310 4775 400 4844 laces,
422 4773 497 4828 vitra
517 4774 702 4832 numeratum
723 4775 801 4831 nobis
823 4776 996 4846 speculorum
1016 4780 1103 4834 vicem
1122 4785 1278 4880 praeatpnp.
