3684 5518
325 285 391 375 25&
794 289 985 372 baalsamem
1002 307 1028 357 u
1046 289 1213 357 ileum.

325 487 437 550 caloris
461 501 551 549 sensu
575 493 606 546 et
629 485 655 546 si
678 501 736 546 non
760 483 790 542 in
815 490 965 543 momento
988 483 1064 544 visio
1087 483 1294 563 perficeretur,
1328 474 1489 546 crederem.
1536 477 1581 543 Aa
1602 493 1681 544 mc

327 577 378 638 lux
401 584 433 637 et
463 577 591 648 colores,
623 573 741 634 minime
771 591 845 631 eane
873 571 1087 635 calefacientes
1121 579 1154 633 et
1181 577 1332 632 momento
1360 571 1479 633 comum
1511 569 1680 648 ingressae,

325 663 414 746 longe
441 673 511 726 sunt
541 661 720 735 subtiliores,
746 673 835 741 quam
857 667 891 721 nt
915 679 940 720 a·
957 679 1100 740 corporea
1128 660 1231 722 tunica
1261 659 1464 738 percipiantur
1491 659 1546 722 sub
1576 667 1680 720 tactus

326 754 453 815 ratione.
486 751 566 812 Vide
589 769 664 830 quae
687 747 787 830 capite
810 748 905 829 primo
930 749 966 808 de
991 757 1073 811 motu
1096 749 1298 810 immateriato
1321 749 1397 810 lucia
1411 743 1678 829 disputaverimus.

323 841 392 902 Non
416 839 518 920 itaque
540 839 641 900 tunica
666 858 701 898 ac
724 855 761 898 ne
784 855 893 898 nervus
918 839 1054 917 quidem,
1080 837 1133 898 sed
1157 837 1295 916 spiritus,
1328 835 1387 898 imo
1411 837 1523 917 aliquid
1547 835 1679 897 fortasse

325 927 454 990 divinius
484 935 546 1001 est,
581 926 659 1006 qnod
687 925 783 987 lucem
811 924 939 1004 suscipit
966 934 998 987 et
1028 926 1237 1005 persentiscit,
1268 926 1345 1007 quod
1377 943 1471 1006 supra
1497 925 1607 1005 negavi
1639 921 1679 984 ab

325 1015 433 1096 opticis
456 1015 630 1094 investigari
655 1033 756 1094 posse.
790 1015 868 1075 Nam
893 1014 1003 1076 ibidem
1027 1023 1058 1075 et
1082 1016 1137 1077 hoc
1160 1015 1324 1076 refutatum
1347 1024 1404 1089 est,
1430 1014 1547 1094 species
1568 1012 1678 1074 inhae-

323 1124 441 1166 rescere
464 1113 517 1166 aut
538 1103 668 1183 imprimi
691 1102 873 1164 humoribus.

412 1191 482 1254 Jam
506 1193 584 1273 quod
616 1191 806 1254 simulacrum
844 1209 928 1252 snum
964 1190 1090 1252 Vitellio
1120 1190 1232 1251 format
1263 1191 1338 1250 solis
1369 1183 1678 1270 perpendicularibus.

323 1281 451 1342 immane
489 1299 578 1362 quam
611 1279 764 1341 subtiliter
795 1277 963 1356 distinguat
993 1279 1072 1340 inter
1104 1277 1368 1357 perpendiculares
1400 1277 1520 1358 illisque
1556 1275 1677 1338 omuino

322 1370 484 1449 proximas.
522 1369 556 1430 Si
579 1369 631 1430 lux
655 1367 719 1444 agit
742 1367 771 1426 in
796 1385 917 1426 sensnm
941 1375 972 1426 et
996 1367 1103 1426 sens'ns
1126 1365 1183 1426 hac
1208 1365 1326 1427 actione
1348 1365 1474 1445 patitur,
1495 1380 1551 1448 pro
1570 1362 1677 1426 robore

322 1457 417 1538 igitur
440 1456 568 1518 actionis
597 1455 731 1534 graviter
758 1454 823 1532 ipae
853 1460 884 1513 et
910 1453 1053 1532 patietur.
1100 1451 1197 1533 Atqui
1224 1471 1301 1534 pene
1328 1449 1402 1514 nihil
1435 1454 1578 1516 differunt
1603 1447 1677 1513 illn-

323 1545 447 1606 strando
478 1543 740 1624 perpendiculares
773 1548 805 1601 et
835 1541 896 1602 illis
925 1541 1093 1619 proximae,
1125 1559 1160 1600 eo
1184 1541 1263 1620 quod
1286 1556 1361 1620 pene
1385 1541 1458 1602 nihil
1482 1541 1540 1602 hae
1566 1533 1677 1602 muln-

322 1640 441 1713 gantur.
487 1631 632 1712 Aequalis
656 1631 749 1709 igitur
769 1647 847 1708 pene
869 1628 990 1708 passio,
1023 1627 1125 1690 idest
1149 1630 1249 1690 sensio
1272 1623 1560 1708 perpendiculariam
1583 1634 1615 1688 et
1637 1625 1677 1688 iis

321 1722 534 1801 proximarum.
583 1717 718 1781 Confersa
739 1717 843 1797 itaque
867 1715 977 1790 sensio,
1004 1717 1116 1778 frustra
1138 1715 1296 1778 laborante
1311 1717 1486 1780 Vitelliuue.
1519 1711 1582 1778 Sed
1602 1713 1677 1778 nihil

320 1810 421 1871 verbis
445 1828 529 1890 opus.
576 1807 821 1869 Demonstratum
846 1813 894 1866 est
917 1803 1084 1867 rationibus
1108 1812 1139 1865 et
1161 1805 1374 1883 experimentis
1396 1804 1583 1878 certissimis,
1607 1804 1675 1882 pie-

320 1905 420 1961 turam
443 1899 486 1960 rei
510 1916 564 1958 seu
596 1894 808 1976 hemisphaerii
842 1895 935 1955 statui
965 1895 1004 1954 ad
1035 1911 1140 1955 cavum
1167 1893 1314 1973 parietem
1345 1893 1522 1966 retiformis,
1555 1892 1677 1954 sublata

319 1987 410 2066 plane
433 1985 606 2048 confusione
629 1983 708 2044 omui
731 1983 891 2044 radiorum.
934 1981 1057 2044 Certum
1082 1981 1188 2044 deinde
1212 1991 1275 2058 est,
1300 1983 1459 2046 multorum
1480 1981 1675 2060 aspectabilis

323 2074 534 2154 hemisphaerii
558 2079 734 2152 punctorum
758 2071 860 2133 radios
884 2071 1032 2132 confluere
1056 2071 1085 2131 in
1109 2089 1197 2132 unum
1212 2070 1378 2153 crystallini
1392 2079 1545 2150 punctum.
1578 2069 1675 2134 Deni-

323 2181 380 2243 que
403 2181 495 2224 sensn
516 2168 613 2242 patet,
637 2161 749 2222 idolum
773 2179 826 2221 seu
848 2159 1008 2238 imaginem
1032 2159 1250 2222 contrastantis
1264 2178 1410 2241 apparere
1433 2160 1467 2221 in
1487 2159 1572 2240 nigro
1587 2157 1675 2220 oculi.

323 2250 514 2312 Democritus
538 2249 629 2329 igitur
652 2249 827 2329 antiquitus,
852 2257 886 2310 ut
909 2255 957 2309 est
980 2248 1060 2326 apud
1074 2247 1271 2310 Aristotelem
1295 2249 1333 2310 de
1347 2247 1541 2310 sensibilibus
1561 2265 1626 2327 cap.
1643 2244 1674 2319 2,

322 2337 468 2399 visionem
490 2338 554 2400 fieri
579 2336 655 2398 dixit
677 2355 731 2416 per
753 2337 830 2398 hanc
854 2335 1015 2415 imaginem
1038 2355 1091 2397 seu
1114 2335 1235 2398 idolum.
1268 2337 1396 2400 Vitellio
1420 2337 1505 2411 dixit,
1530 2336 1675 2398 visionem

322 2425 386 2488 fieri
408 2439 464 2506 per
493 2427 648 2487 confusam
677 2424 909 2487 illustrationem
937 2423 1114 2504 crystallini.
1161 2423 1227 2505 Ego
1254 2425 1334 2500 dico,
1358 2423 1504 2486 visionem
1535 2425 1600 2487 lieri
1620 2443 1675 2505 per

323 2515 402 2576 hanc
432 2515 602 2576 confessam
634 2521 665 2575 et
694 2513 805 2575 invicte
839 2513 1075 2574 demonstratam
1106 2513 1263 2593 picturam.
1311 2512 1424 2575 Omnes
1446 2522 1510 2575 tres
1534 2513 1696 2594 supposi-.

323 2601 422 2664 tiones
446 2611 548 2664 certae
571 2609 660 2676 sunt;
692 2602 839 2664 incertum
867 2602 894 2662 si
922 2601 977 2663 tibi
1009 2611 1076 2671 est,
1105 2619 1235 2681 quanam
1263 2619 1301 2663 ex
1324 2603 1370 2664 his
1393 2603 1566 2682 perficiatur
1588 2601 1674 2676 visio,

323 2707 448 2771 sequere
464 2691 637 2771 quamlibet,
662 2690 829 2752 rationibus
852 2697 952 2750 tamen
977 2689 1096 2751 auditis.
1131 2690 1334 2752 Democritum
1357 2691 1475 2771 quidem
1489 2691 1674 2753 Aristoteles

322 2780 476 2854 refutavit,
500 2797 634 2853 monens,
659 2796 716 2839 non
741 2797 810 2840 esse
831 2779 943 2839 idolum
966 2777 996 2838 id
1021 2797 1085 2839 rem
1100 2780 1242 2859 aliquam,
1266 2779 1321 2840 sed
1343 2775 1479 2856 ἔμφασιν,
1502 2779 1672 2859 imaginem,

323 2875 357 2930 ut
380 2869 412 2930 in
435 2869 622 2947 catoptricis,
647 2886 704 2928 non
720 2867 877 2947 picturam,
903 2884 957 2927 nec
981 2885 1049 2929 esse
1072 2873 1174 2938 παθος
1199 2868 1276 2930 oculi
1299 2868 1329 2929 in
1353 2886 1411 2948 quo
1429 2869 1529 2930 inesse
1544 2876 1675 2948 putatur,

323 2957 378 3017 sed
411 2957 487 3018 oculi
519 2957 611 3035 positi
640 2965 746 3017 contra
773 2957 852 3017 hunc
885 2955 1001 3016 oculum
1030 2963 1062 3017 et
1095 2975 1163 3018 sese
1190 2954 1218 3017 in
1250 2975 1286 3018 eo
1317 2956 1501 3036 aspicientis.
1549 2959 1598 3018 lta
1621 2973 1677 3036 ego

323 3043 520 3125 Vitellionem
542 3044 648 3107 refello
671 3042 824 3122 ipsissima
852 3043 1025 3105 confusione
1058 3045 1218 3106 radiorum.
1264 3043 1344 3106 Nam
1373 3045 1451 3125 quod
1480 3046 1524 3107 ait
1556 3043 1677 3127 obliqua

324 3148 439 3210 quoque
462 3133 574 3206 videri,
600 3140 747 3212 quatenus
772 3132 911 3213 obliquae
935 3131 1119 3193 radiationes
1143 3140 1322 3195 concurrant
1354 3150 1421 3196 cum
1443 3134 1675 3214 perpendicula-

324 3218 426 3289 ribus,
452 3220 556 3282 eodem
581 3220 671 3300 igitur
693 3229 805 3300 puncto
828 3220 971 3300 recipitur
986 3220 1106 3300 obliqua
1130 3229 1160 3282 et
1175 3221 1291 3282 directa
1308 3221 1447 3284 radiatio.
1476 3223 1563 3284 Duae
1586 3221 1677 3303 igitur

322 3324 372 3367 res
395 3325 454 3368 uno
479 3309 543 3369 loco
567 3309 818 3370 existimabuntur
841 3327 918 3370 esse.
957 3309 1008 3369 Me
1033 3327 1103 3371 vero
1127 3311 1284 3392 confirmat
1306 3309 1562 3374 universalissima
1584 3329 1676 3392 argu-

323 3396 470 3457 mentatio
494 3393 551 3476 ipsi
570 3397 726 3459 Vitelliani
750 3407 905 3476 usurpata.
939 3397 1047 3458 Passio
1070 3398 1195 3460 visionis
1218 3398 1353 3478 sequitur
1376 3399 1526 3462 actionem
1540 3399 1676 3462 illustra-

323 3483 426 3555 tionis,
451 3485 481 3544 in
505 3485 593 3546 ruodo
617 3493 648 3545 et
671 3486 873 3565 proportione.
907 3483 1020 3548 Retina
1043 3505 1114 3549 vero
1135 3487 1303 3549 illustratur
1325 3487 1466 3549 distinete
1489 3506 1544 3569 per
1565 3497 1678 3568 puncta

321 3571 441 3651 singula
474 3591 493 3632 a
525 3574 645 3653 punctis
677 3591 775 3636 rernm
808 3573 949 3654 singulis,
989 3583 1020 3636 et
1050 3593 1104 3654 per
1127 3576 1247 3655 singula
1277 3582 1390 3654 puncta
1422 3577 1596 3640 fortissima.
1642 3577 1677 3639 In

325 3661 424 3722 retina
446 3661 547 3740 igitur,
572 3681 629 3723 non
646 3662 726 3734 alibi,
750 3663 813 3724 fieri
837 3663 1068 3725 distinctissime
1090 3673 1122 3726 at
1145 3663 1372 3726 evidentissima
1393 3665 1470 3728 visio
1493 3675 1605 3746 potest.
1642 3666 1678 3728 Id

322 3757 409 3812 tanto
432 3751 545 3830 magis,
574 3751 653 3830 quod
676 3753 768 3813 etiam
791 3751 944 3813 turbatam
967 3752 1102 3831 picturae
1132 3753 1280 3814 rationem
1302 3753 1378 3815 vitia
1400 3753 1521 3817 videndi
1544 3749 1676 3836 sequun'·
1736 3793 1740 3802 -

320 3846 387 3913 tur,
421 3841 466 3901 uti
499 3839 737 3902 demonstratum
769 3847 826 3902 est.
873 3841 920 3902 Ae
948 3841 1050 3902 nescio
1074 3861 1111 3902 an
1136 3841 1326 3902 Democritus
1350 3843 1427 3904 hanc
1450 3845 1553 3922 potina
1575 3845 1675 3924 pictu-

320 3945 394 4002 ram,
418 3927 492 3989 idoli
515 3929 560 3990 sui
584 3929 716 4005 nomine,
742 3948 799 4009 qno
821 3928 898 3990 visio
922 3930 991 4003 fiat,
1016 3929 1232 4004 celebraverit,
1265 3949 1354 4010 quarn
1376 3931 1460 3992 illam
1490 3936 1676 4014 specularem

320 4012 455 4094 e'pqacav.
502 4013 602 4098 Saepe
631 4017 762 4098 antiquis
785 4035 841 4078 usu
864 4018 962 4089 venit,
987 4025 1022 4078 ut
1044 4017 1082 4078 ab
1106 4017 1274 4080 Aristotele
1298 4019 1353 4081 sub
1376 4021 1580 4084 commentitio
1604 4039 1676 4084 seu-

319 4103 434 4165 tentiae
458 4104 611 4167 schemate
634 4106 844 4168 refellerentur
865 4105 1014 4167 immeriti.
1246 4119 1250 4128 ·

373 4267 376 4274 ,
408 4189 498 4261 Quod
521 4211 592 4254 vero
619 4195 690 4256 mihi
723 4194 811 4272 objici
843 4202 948 4274 posset
975 4194 1106 4254 inversio
1137 4210 1221 4255 meae
1248 4195 1402 4276 picturae,
1439 4215 1528 4278 quarn
1550 4199 1676 4262 Vitellio

321 4289 430 4359 magno
455 4281 556 4343 studio
580 4281 760 4345 declinavit:
784 4282 910 4361 primum
933 4283 969 4355 is,
993 4282 1032 4343 ad
1052 4300 1117 4343 earn
1142 4285 1323 4346 seutentiam
1347 4285 1550 4366 obtinendam,
1573 4287 1676 4368 plani-

319 4367 391 4432 tiem
414 4369 591 4450 crystallino
615 4379 721 4432 contra
743 4371 937 4434 manifestam
961 4371 1175 4450 experientiam
1200 4374 1319 4446 tribuit;
1351 4391 1428 4454 quae
1458 4395 1525 4438 cum
1553 4378 1675 4457 gibbam

317 4473 386 4516 esse
410 4457 597 4536 superficiem
621 4458 703 4521 illam
727 4467 860 4534 asserat,
896 4461 1011 4522 fatente
1044 4459 1146 4539 itaque
1175 4461 1341 4524 Vitelliano
1370 4463 1423 4525 liet
1449 4465 1674 4528 simulacrorum

317 4541 458 4606 inversio.
515 4547 616 4626 Atque
650 4565 706 4628 ego
739 4547 906 4609 diutissime
940 4564 1013 4610 sane
1043 4565 1089 4609 me
1122 4549 1212 4624 torsi,
1242 4559 1275 4611 ut
1298 4552 1489 4615 ostenderem
1521 4569 1613 4617 conos·
1643 4555 1675 4616 in

317 4629 456 4707 ingressu
480 4635 633 4696 foraminis
657 4653 751 4697 uveae
780 4635 919 4697 sinistros
952 4655 990 4696 ex
1018 4636 1133 4697 dextris
1162 4637 1275 4713 factus,
1309 4647 1380 4717 post
1409 4642 1615 4724 crystallinum
1644 4643 1673 4703 in

316 4717 414 4778 medic
438 4720 525 4800 vitrei
550 4741 665 4786 mrsnm
690 4723 785 4785 secari
809 4723 929 4802 fierique
954 4724 1080 4785 alteram
1103 4725 1312 4800 inversionem,
1338 4735 1371 4788 et
1393 4731 1443 4809 qui
1467 4731 1581 4794 sinistri
1600 4731 1674 4792 facti

317 4813 413 4878 erant,
439 4807 561 4870 dexmos
576 4830 699 4875 rursum
716 4813 779 4874 fieri
802 4813 974 4890 priusquam
999 4811 1036 4870 ad
1056 4811 1184 4874 retinam
1198 4815 1381 4895 pertingant.
1414 4818 1479 4880 Nec
1502 4817 1568 4882 finis
1587 4819 1673 4900 hujus
