3694 5528
212 345 213 350 .
312 290 379 358 ιιι
680 341 688 350 .
930 263 1088 344 vano

311 471 455 546 rationes,
483 487 578 549 nequa
602 487 696 554 quas
701 466 859 530 Galilaens
882 465 997 542 attulit,
1019 485 1115 547 neque
1139 485 1214 548 quas
1236 464 1336 546 Ego
1326 485 1358 528 ιιι
1375 465 1527 547 Epistola
1574 464 1667 529 Adde

312 559 510 660 incompertae
540 557 714 620 celeriorem
744 556 835 618 trium
864 555 1004 636 periodos
1036 563 1068 617 et
1100 555 1202 618 nescio
1235 574 1273 618 an
1304 573 1434 656 unquam
1456 553 1665 618 inveniendas.

313 645 347 709 Si
370 647 448 708 enim
472 645 558 707 libuit
582 643 721 706 Galilaeo
745 645 876 718 mentiri,
901 663 952 706 cur
975 663 1035 705 non
1058 645 1117 718 (uti
1140 662 1301 706 memorem
1323 643 1410 723 ajunt
1432 651 1572 723 oportere
1596 661 1666 706 osso

312 734 499 807 mendacem)
523 732 726 814 apparitiones
749 734 820 795 illas
843 752 881 794 ex
904 732 995 794 certis
1019 733 1137 796 circulis
1156 740 1188 794 et
1203 730 1336 812 periodis
1359 739 1523 812 conceptas
1538 730 1666 792 ordina-

311 823 411 883 vitet
434 819 519 902 qussi
544 841 583 884 ex
598 821 785 901 ephemeride
801 819 989 901 depromsit?
1021 822 1071 883 An
1096 839 1155 884 non
1177 819 1308 899 ingenua
1330 819 1543 882 estconlessio
1566 837 1666 882 rerum

312 910 548 984 observatorum,
575 929 634 989 que
656 909 853 984 credibilium,
878 927 937 989 qua
959 908 1201 971 incredibilium?
1232 909 1298 970 Has
1319 925 1378 1010 ego
1402 907 1537 970 rationes
1552 926 1664 970 assen-

280 1030 283 1036 1
312 1017 365 1060 sus
388 998 444 1060 mei
467 998 660 1078 praecipitati
686 998 713 1061 si
737 998 859 1059 fuissem
878 997 1077 1077 professusin
1092 997 1252 1098 Epistola:
1277 992 1347 1077 qnid
1362 996 1530 1058 aliudmihi
1555 995 1666 1058 fuisset

313 1086 567 1166 exspectandum,
599 1106 688 1168 quam
712 1097 745 1148 nt
768 1087 883 1148 calidus
907 1085 1047 1165 aliquis
1035 1085 1154 1165 Juunis
1178 1087 1377 1158 exclamaret,
1401 1103 1448 1145 me
1476 1082 1551 1146 nihil
1580 1083 1665 1148 aliod

310 1174 348 1236 iis
378 1173 543 1236 rationibus
581 1193 690 1254 agere,
729 1195 816 1254 quarn
845 1181 879 1235 ut
908 1173 1065 1236 Galilaeae
1094 1173 1322 1235 observationes
1354 1171 1507 1235 refutem?
1542 1172 1663 1253 quaudo

309 1261 385 1324 haec
413 1264 612 1344 sycophantia
639 1283 676 1324 ne
700 1263 744 1326 sic
768 1263 885 1344 quidem
910 1261 1346 1342 meaEpistelapervertenda
1369 1261 1525 1323 abstinuit.
1563 1266 1662 1332 (temp.

308 1373 333 1423 p.
352 1354 404 1408 ⁴5³
423 1356 470 1419 ιι.)
515 1348 617 1420 Quare
640 1371 677 1412 ne
700 1368 777 1414 nunc
801 1369 917 1431 quoque
941 1351 1153 1412 refutationem
1167 1347 1268 1430 potius
1291 1368 1381 1432 qnam
1404 1349 1662 1412 confirmationem

309 1437 478 1500 instituisse
511 1440 627 1514 videar,
665 1441 704 1502 ad
737 1441 820 1519 ipsas
850 1459 933 1500 meas
956 1439 1185 1501 observationes
1208 1445 1293 1500 recta
1315 1456 1362 1500 me
1385 1438 1519 1500 confero.
1565 1437 1662 1498 Tunm

311 1526 371 1587 erit
394 1527 502 1601 lector,
534 1527 589 1587 has
622 1545 706 1590 meas
738 1547 804 1589 cunr
837 1526 984 1589 Galilaeis
1017 1528 1171 1601 conterre,
1204 1526 1231 1588 si
1262 1527 1351 1588 modo
1376 1525 1482 1588 iisdem
1504 1525 1610 1587 diebus
1633 1524 1662 1588 is

310 1613 516 1676 observaverit
541 1633 669 1694 suasque
694 1615 830 1678 ediderit.
876 1617 955 1678 Nam
988 1617 1078 1678 testis
1110 1622 1160 1678 est
1186 1613 1258 1676 mihi
1280 1615 1400 1692 Praga,
1433 1613 1490 1676 has
1513 1632 1597 1676 meaa
1620 1613 1661 1676 ad

309 1699 481 1764 Galiloenm
508 1721 567 1764 non
591 1703 711 1780 missas,
736 1709 890 1784 eoquens
914 1704 1022 1784 scripsi
1045 1704 1165 1784 quidem
1188 1703 1227 1764 ad
1250 1702 1347 1783 ipsum
1370 1703 1496 1776 interea,
1522 1700 1660 1782 quamvis

307 1791 548 1869 respondendum
581 1799 657 1853 erat.
714 1791 816 1854 Ceteri
843 1811 914 1854 voro
942 1801 1062 1871 praeter
1095 1792 1233 1855 nuncium
1263 1792 1306 1854 rei
1333 1790 1364 1852 in
1392 1809 1501 1870 genere
1525 1788 1660 1871 peracri·-

245 1885 250 1896 ‘
307 1877 378 1939 bere
403 1898 441 1940 ex
467 1879 579 1940 chartis
602 1881 681 1943 domi
703 1899 789 1943 meae
812 1882 953 1960 repositis
978 1881 1050 1942 nihil
1064 1887 1244 1960 potuerunt:
1269 1879 1313 1942 uti
1335 1897 1391 1942 nec
1415 1878 1453 1941 ab
1477 1878 1529 1940 illo
1553 1879 1593 1940 ad
1611 1897 1660 1940 me

307 1966 389 2028 mitti
411 1967 450 2028 ad
474 1968 552 2029 hune
575 1988 668 2050 usqne
683 1969 762 2032 diem
784 1975 948 2050 potnerunt
971 1969 1197 2030 observationes
1221 1968 1335 2030 dierum
1359 1966 1479 2030 omnino
1502 1967 1659 2047 proximo-

306 2071 381 2116 rum.
431 2055 538 2135 Itaque
562 2065 663 2119 certos
693 2077 761 2121 esse
784 2068 889 2137 potes,
921 2057 995 2118 nihil
1018 2057 1247 2118 communicatis
1269 2057 1334 2136 geri
1356 2055 1501 2119 consiliis.
1549 2054 1659 2126 Quod-

306 2141 333 2202 si
356 2143 450 2204 lector
474 2144 608 2205 invenies
631 2147 762 2226 aliquam
785 2147 861 2208 situs
886 2145 1130 2225 discrepantiam,
1155 2154 1208 2208 ant
1230 2145 1272 2217 si,
1297 2155 1331 2206 ut
1354 2144 1475 2225 opinor,
1498 2144 1657 2224 pauciores

308 2229 458 2292 interdum
481 2231 594 2292 vidisse
618 2251 665 2294 me
689 2234 894 2314 deprehendes
918 2252 1007 2313 quam
1031 2232 1220 2296 Galilaeom:
1252 2233 1283 2294 id
1315 2233 1396 2297 circa
1418 2251 1481 2294 rem
1503 2233 1604 2313 ipsane
1626 2241 1658 2296 te

260 2333 261 2336 ’
307 2335 363 2378 non
388 2317 500 2380 turbet.
547 2319 648 2382 Prima
671 2323 749 2385 enim
772 2324 846 2385 haec
870 2341 936 2383 mee
959 2321 1128 2384 rudimenta
1150 2330 1221 2384 sunt
1248 2320 1336 2400 hujus
1366 2320 1486 2401 generis
1509 2321 1658 2384 observa-

306 2405 436 2480 tionum;
459 2407 573 2469 coelum
596 2410 769 2492 plerumque
793 2410 851 2474 fuit
870 2411 1019 2483 nubilum,
1042 2410 1131 2472 Lana
1151 2427 1297 2490 praesens
1327 2409 1483 2489 negotium
1511 2408 1657 2484 inhibuit3
1687 2469 1691 2475 .

220 2527 222 2533 ·
306 2493 534 2557 instrumentum
558 2496 615 2558 fuit
637 2517 692 2560 nee
715 2499 858 2579 optimum
880 2499 1232 2573 accommodissimum,
1257 2497 1442 2560 sustentatio
1465 2495 1657 2560 instrumenti

305 2581 336 2643 in
359 2581 420 2644 sito
442 2584 565 2666 immoto
589 2595 621 2646 et
644 2587 841 2668 deprehensio
870 2586 1000 2668 quaesiti
1021 2586 1108 2648 Jovis
1141 2585 1331 2662 difficillima;
1369 2604 1424 2648 nec
1455 2584 1657 2648 instrumento

305 2669 430 2733 distinxi
453 2680 486 2734 et
508 2675 662 2738 numeravi
683 2677 813 2748 minuta,
836 2683 995 2739 contentus
1019 2675 1049 2738 in
1071 2683 1135 2738 tam
1158 2674 1241 2737 brevi
1274 2682 1414 2754 tempore
1441 2674 1657 2738 aestimatione

203 2809 207 2818 .
237 2777 242 2784 ·
305 2757 496 2823 instmmenti
520 2781 634 2824 crassa

392 2848 499 2912 Mense
523 2851 663 2930 Augusto
691 2851 972 2916 Reverendisaimus
996 2858 1029 2914 ot
1050 2849 1268 2913 serenissimos
1285 2848 1544 2928 Archispiseopue
1559 2846 1656 2912 Golo-

304 2935 431 3010 niensis,
459 2937 584 3002 Elector
612 2949 645 3002 et
667 2941 825 3004 Bavariae-
841 2943 912 3004 Dux
941 2939 1091 3002 Ernestus
1123 2948 1202 3013 ete,
1236 2937 1358 3000 Vienna
1380 2935 1527 3000 Austriae
1559 2935 1657 3000 redux

304 3025 536 3090 instrumentum
568 3027 639 3090 mihi
672 3030 890 3105 commodavit,
928 3030 1007 3111 qnod
1039 3048 1059 3090 a
1091 3027 1232 3092 Galilaea
1263 3025 1324 3088 sibi
1355 3025 1479 3089 missum
1514 3024 1655 3100 dicebatt

305 3112 383 3190 quod
402 3114 470 3192 ipse
495 3114 613 3195 quidem
637 3117 705 3180 aliie
733 3119 930 3198 quibusdam,
964 3135 1040 3198 quoe
1069 3123 1171 3179 seeum
1194 3114 1336 3188 habebat,
1361 3133 1400 3176 ex
1428 3113 1654 3188 commoditate,¹

304 3217 393 3279 quam
416 3200 481 3280 ipse
504 3202 573 3264 inde
597 3205 725 3268 videndo
747 3214 881 3287 caperet,
906 3208 994 3285 longe
1021 3205 1208 3286 postposuit,
1234 3209 1359 3283 questus
1389 3201 1498 3265 stellas
1529 3219 1655 3282 reprae-

304 3287 419 3350 sentari
443 3289 675 3371 quadrangulas.

391 3376 498 3457 Itaque
530 3396 617 3441 mane
649 3379 709 3443 diei
741 3379 794 3446 30.
819 3380 950 3458 Augusti
987 3380 1066 3462 stylo
1102 3397 1180 3442 novo
1203 3378 1313 3441 Jovem
1343 3376 1424 3462 inter
1454 3376 1558 3440 nubilo
1589 3393 1656 3440 snm

303 3465 523 3546 contemplatus
554 3477 713 3547 praesente
736 3471 915 3551 Benjamino
940 3469 1050 3533 Ursino
1082 3467 1285 3530 astronomiae
1317 3465 1472 3540 studioso,
1507 3464 1556 3544 qui
1586 3483 1656 3526 eom

302 3561 400 3614 artem
423 3563 505 3616 emet
527 3565 559 3618 et
581 3575 719 3622 exercere
742 3558 980 3639 philosophando
1004 3556 1180 3624 instituerit.
1202 3568 1390 3636 nequaqnam
1416 3551 1533 3632 cogitat
1555 3553 1655 3628 fidem,

304 3659 381 3722 qnae
405 3651 577 3708 astronomo
600 3646 700 3710 tuturo
724 3657 773 3709 est
794 3646 999 3720 neeceamria,
1023 3645 1127 3706 statim
1151 3663 1170 3706 a
1191 3643 1338 3723 principio
1362 3642 1441 3706 falso
1465 3642 1525 3704 ulle
1543 3641 1655 3703 indicio

303 3729 479 3812 decoquere.
498 3727 540 3800 ¹⁶)
576 3735 619 3796 Et
641 3737 725 3799 visos
743 3753 804 3816 ego
828 3755 893 3797 snm
916 3735 1019 3797 videre
1043 3734 1195 3795 stellulam
1219 3731 1395 3794 orientalem
1411 3729 1528 3794 aJove
1543 3745 1654 3792 secun-

301 3818 372 3880 dum
394 3819 554 3899 ecliptieae
585 3825 716 3887 ductum.
762 3824 798 3887 Id
829 3831 930 3887 autern
963 3820 1250 3884 verisimilitudinem
1273 3819 1404 3901 acquirit
1434 3817 1474 3880 ab
1505 3817 1655 3882 observa

301 3906 382 3968 tione
406 3911 553 3989 sequenti.
1656 3947 1658 3952 ·

390 3997 456 4071 Die
481 3997 534 4062 31.
554 3998 697 4103 Augusti
727 4019 853 4081 vespere
885 3999 1048 4061 Satumom
1080 4005 1112 4060 et
1142 3997 1274 4062 Martem
1306 3992 1503 4074 contemplati
1540 4011 1653 4068 sumus,

302 4083 433 4147 nullas
424 4104 453 4146 ιιι
473 4086 583 4150 vicinia
600 4087 729 4151 vidimus
748 4087 945 4170 amplitudine
962 4086 1163 4161 instrumenti,
1187 4105 1270 4168 quae
1281 4103 1358 4163 pene
1377 4082 1531 4146 dimidiam
1544 4080 1652 4144 Lunae

301 4171 479 4237 diametrum
502 4177 652 4256 capiebat.
698 4177 786 4239 Luna
808 4195 954 4258 praesens
977 4183 1119 4255 suspecta
1143 4175 1228 4236 nobis
1251 4180 1319 4234 erat
1342 4173 1379 4235 de
1401 4171 1625 4252 impedimento.

389 4263 480 4324 Mene
503 4266 642 4346 sequenti
674 4265 721 4328 die
758 4265 785 4330 i.
810 4265 997 4347 Septembris
1029 4263 1104 4325 hora
1133 4272 1205 4341 post
1236 4261 1367 4324 mediam
1393 4270 1513 4324 noctem
1536 4277 1596 4320 una
1618 4265 1653 4320 et

301 4349 418 4411 duabus
441 4371 535 4432 eoque
559 4355 705 4432 amplius,
728 4354 816 4416 Luna
833 4354 899 4432 jam
923 4352 1051 4414 cadente
1074 4351 1202 4414 vidimus
1225 4351 1320 4430 primo
1342 4350 1484 4413 Pleiades
1508 4363 1650 4410 numero-

301 4439 448 4502 sissimus.
486 4441 565 4503 Dein
580 4443 711 4504 Martem
725 4442 921 4521 contemplati
937 4441 1003 4521 (qui
1026 4440 1088 4502 fere
1112 4439 1231 4502 eratin
1254 4439 1336 4502 linea
1358 4457 1396 4502 ex
1418 4436 1519 4500 media
1541 4453 1651 4517 supre-

300 4543 415 4588 marum
439 4527 508 4591 Ceti
531 4527 570 4592 ad
594 4549 722 4611 sequens
746 4549 836 4593 cornu
859 4529 985 4620 Arietis,
1009 4528 1131 4608 propior
1153 4527 1198 4598 illi
1221 4527 1337 4590 mediae
1356 4545 1446 4607 quam
1468 4525 1522 4588 illa
1545 4532 1650 4590 extre-

301 4615 367 4690 mis,
392 4625 426 4680 ot
449 4618 549 4680 media
571 4637 638 4681 oum
660 4620 761 4682 Marte
794 4629 825 4681 et
856 4624 1001 4698 sequente
1025 4616 1104 4696 apud
1134 4635 1168 4678 se
1192 4617 1337 4678 formaret
1359 4614 1500 4696 angulum
1523 4619 1649 4687 rectum,

300 4702 386 4764 Mers
419 4707 498 4807 apud
535 4727 568 4769 se
605 4725 671 4772 corn
708 4709 813 4770 eadem
843 4707 944 4770 media
975 4713 1008 4766 et
1037 4705 1236 4784 praecedente
1268 4704 1357 4784 paulo
1380 4703 1527 4766 minorem
1548 4701 1650 4775 reete)

300 4789 429 4856 vidimus
462 4794 543 4858 intra
575 4795 801 4877 amplitudinem
835 4792 1027 4858 instrumenti
1062 4793 1170 4855 stellas
1198 4799 1325 4872 quatuor
1355 4793 1487 4855 minutas
1517 4791 1649 4854 cheam-
