3566 5536
691 294 774 361 Ouo
790 294 878 348 ΗΠ·
1394 297 1454 366 731

115 491 172 554 que
195 473 369 538 ardentibus
393 474 522 538 omnium
545 471 652 536 animis
675 473 713 536 cb
737 493 860 549 causas,
891 471 968 554 quod
992 491 1048 552 ego
1066 472 1132 553 jem
1159 473 1267 548 111010,
1299 476 1457 540 coelestes.

115 563 183 624 Una
207 565 272 626 sola
296 585 345 626 ars
368 561 585 646 typographica
612 562 701 640 facile
724 562 862 635 evicerit,
894 560 1074 646 ineffabilem
1106 562 1458 652 10111011101011110111

115 651 265 716 hominum
288 653 479 715 industriam:
505 653 530 714 si
555 651 620 732 quis
644 651 733 731 paulo
756 651 928 730 diligentius
952 651 1159 730 perpenderit,
1182 661 1273 732 quota
1294 671 1384 716 manu
1406 676 1457 718 ars

114 741 258 820 indigeat,
284 743 342 805 imo
365 752 437 824 quot
460 742 598 821 exempla
620 759 707 822 qnam
730 740 835 822 paucis
856 739 993 802 manibus
1013 739 1220 819 perficiantur,
1244 743 1368 824 denique
1386 753 1459 826 quot

113 831 225 909 gradus
248 819 405 904 inteisint,
436 830 607 913 priusquam
629 850 647 890 a
671 830 793 910 sigillis,
825 829 931 910 quibus
954 827 1091 909 Scaliger
1114 830 1267 892 existimat
1290 831 1458 896 admonitos

113 921 151 980 de
181 920 382 1002 typographia
409 920 538 1000 majores
568 929 700 989 nostrus.
735 920 773 983 ad
805 918 979 980 hodiernam
1006 918 1082 982 artis
1111 919 1363 999 magnificentiam
1385 941 1456 1002 per·

111 1010 260 1073 veniatur.
298 1009 512 1091 Typograpbia
533 1015 607 1070 nata
630 1009 744 1088 vulgati
769 1007 851 1082 libri;
875 1007 944 1068 hinc
963 1006 1093 1070 universi
1111 1009 1225 1088 passim
1242 1028 1295 1090 per
1308 1007 1459 1090 Europam

112 1099 153 1159 ad
178 1099 330 1161 literarum
353 1099 453 1160 studia
476 1117 509 1160 se
532 1097 739 1172 contulerunt;
771 1098 840 1160 hinc
873 1105 962 1158 natae
992 1104 1039 1158 tot
1069 1097 1255 1172 academiae,
1288 1106 1336 1162 tut
1359 1099 1458 1162 subito

110 1187 194 1248 docti
218 1187 273 1250 viri
304 1189 499 1262 exstiterunt,
531 1199 564 1249 ut
586 1187 670 1248 brevi
694 1187 820 1249 caderet¹
847 1204 961 1260 001111,
995 1184 1044 1266 qui
1076 1185 1246 1250 barbariem
1276 1187 1457 1264 retinebant,

110 1276 296 1351 auctorites;
318 1297 372 1339 nec
396 1278 570 1357 quieveruut
593 1274 743 1338 hominnm
766 1274 924 1349 desideria,
950 1275 1042 1336 donec
1066 1274 1135 1337 novi
1158 1277 1286 1352 ordinis,
1312 1277 1360 1357 qui
1385 1277 1457 1340 lite-

109 1384 212 1428 rarum
235 1365 344 1428 studiis
367 1366 563 1452 0111010110
587 1375 770 1446 operaretur,
795 1373 899 1426 auctor
922 1363 1054 1440 exstitit,
1085 1382 1183 1444 aquo
1208 1374 1341 1447 tempore
1364 1367 1459 1448 omnis

108 1471 203 1534 prope
228 1455 433 1536 religiosorum
456 1455 591 1518 ordinum
614 1453 779 1518 auotoritas
795 1453 833 1515 ad
857 1453 934 1514 huuc
957 1453 1097 1526 transiit;
1121 1454 1179 1516 1111
1203 1465 1348 1535 quatenus
1372 1456 1454 1518 auti-

108 1544 229 1622 quicres
252 1544 305 1620 illi,
329 1561 449 1606 suarum
473 1563 569 1607 uerum
591 1553 781 1623 satagentes,
814 1541 872 1622 ipsi
905 1560 1020 1622 quoque
1050 1541 1088 1603 ad
1121 1542 1274 1606 literarum
1297 1544 1454 1606 studiana

108 1635 278 1696 conferunt.
324 1633 371 1697 Ex
395 1633 635 1712 navigationibus
658 1641 690 1694 et
712 1631 896 1694 commerciis
920 1631 1038 1694 occasio
1071 1641 1118 1692 est
1147 1633 1252 1694 oblata
1277 1632 1453 1714 Europaeis,

108 1721 316 1784 Christianam
338 1723 427 1784 fidem
449 1722 529 1802 apud
551 1722 696 1785 barbaras
726 1730 758 1784 et
783 1721 841 1783 huc
870 1739 963 1802 usque
993 1719 1114 1800 ignotas
1143 1721 1281 1784 nationes
1309 1722 1457 1789 latissimo

107 1811 313 1892 propagandi:
348 1820 453 1874 contra
484 1830 522 1872 ex
552 1811 715 1874 academiis
747 1819 779 1872 et
811 1810 950 1872 libertate
982 1809 1156 1890 disputandi
1186 1817 1219 1872 et
1247 1830 1284 1874 ex
1313 1811 1457 1876 librorum

108 1899 197 1980 copia
220 1908 251 1962 et
272 1900 489 1983 typographiae
512 1900 740 1974 commoditate,
770 1899 909 1962 nimirum
939 1917 978 1960 ex
1006 1898 1172 1962 eruditione
1200 1907 1232 1961 et
1252 1901 1456 1981 inquietudine

107 1989 230 2070 publica
252 1998 319 2052 orta
341 1999 390 2053 est
411 1989 538 2072 denique
558 1989 663 2070 ingens
681 1989 736 2051 illa
757 1995 789 2050 et
811 1987 947 2050 omnibus
971 1987 1081 2050 seculis
1099 1989 1302 2053 memorabilis
1322 1992 1455 2054 secessio

107 2077 303 2158 plurimarum
330 2079 470 2162 Europae
493 2079 718 2162 ,provinciarum
746 2099 765 2139 a
793 2077 864 2140 sede
890 2077 1037 2142 Romana.
1084 2078 1163 2142 Rem
1192 2078 1289 2159 ipsam
1321 2098 1388 2142 cum
1417 2079 1456 2142 iis

109 2167 351 2244 circumstantiis,
376 2170 483 2252 quibus
507 2175 556 2232 est
577 2168 739 2249 descripta,
762 2166 855 2230 altius
875 2166 1002 2248 indeque
1022 2187 1042 2228 a
1062 2167 1164 2242 divina
1178 2167 1368 2248 providentia
1381 2187 1454 2250 pro·

109 2259 229 2333 lectam,
254 2275 308 2320 nec
326 2258 407 2321 intra
429 2259 611 2322 naturalium
627 2275 784 2320 causarum
802 2255 959 2336 angustias
976 2256 1149 2336 cogendam,
1172 2258 1260 2338 plane
1278 2277 1456 2338 persuasum

109 2348 223 2424 habeo;
256 2367 310 2410 nec
333 2357 459 2428 negant,
493 2348 544 2430 qui
576 2367 643 2410 eam
664 2347 853 2427 vituperant·
889 2345 936 2407 At
958 2345 1038 2408 inest
1067 2345 1098 2408 iu
1129 2364 1161 2408 re
1193 2346 1261 2427 ipsa
1283 2347 1454 2431 universale
1535 2375 1539 2384 ⁴

109 2436 261 2519 quippiam
283 2445 316 2499 et
336 2457 390 2518 per
413 2438 512 2500 omnia
534 2437 650 2518 reliqua
671 2435 802 2498 bumana
823 2434 946 2514 negotia
969 2434 1148 2516 spectabile3
1179 2444 1253 2516 puta
1279 2435 1452 2518 inquietudo
1519 2469 1521 2478 ·

110 2534 141 2587 01
163 2528 263 2588 fervor
294 2527 445 2589 huminum
471 2545 526 2608 per
555 2526 630 2586 haec
658 2532 796 2603 tempora
821 2523 1017 2604 praecipuus:
1051 2523 1088 2584 de
1120 2542 1178 2605 quo
1202 2524 1268 2587 solo
1287 2525 1352 2606 jam
1379 2527 1453 2588 mibi

110 2633 223 2690 sermo,
257 2615 326 2677 dum
353 2614 490 2694 exempla
519 2614 626 2695 quibus
652 2613 710 2675 iste
733 2613 834 2674 fervor
855 2611 999 2692 probatur
1021 2631 1229 2675 commemoro.
1276 2613 1352 2678 Cum
1374 2615 1453 2678 enim
1574 2677 1578 2682 .

111 2722 149 2764 ex
177 2704 307 2766 stimulis
338 2704 520 2766 coelestibus
550 2701 693 2764 concitati
724 2708 827 2764 essent
854 2699 983 2764 omnium
1012 2699 1118 2777 animi,
1150 2701 1296 2784 facileque
1324 2703 1451 2768 invicem

110 2793 321 2872 copularentur
342 2792 432 2854 vicini
455 2811 628 2874 quacunque
651 2791 687 2852 de
711 2809 819 2853 causa:
843 2790 913 2853 binc
928 2795 1011 2852 ortae
1031 2797 1078 2852 101
1093 2791 1267 2867 seditiones,
1291 2791 1449 2868 sactiones,

108 2880 251 2956 dissidia,
274 2880 371 2956 bella,
395 2889 458 2942 tam
480 2880 634 2961 religionis
657 2899 745 2962 quam
767 2879 958 2960 imperiorum
980 2899 1081 2944 causa.
1126 2883 1210 2944 Inter
1232 2880 1316 2962 ipsos
1338 2883 1452 2946 Mallu-

105 2977 255 3044 metanos,
279 2969 328 3051 qui
351 2969 440 3032 hodie
463 2989 529 3032 cum
545 2968 726 3034 Christianis
745 2976 776 3030 et
795 2968 921 3032 Judaeis
943 2969 1165 3032 multitudinem
1188 2971 1308 3051 generis
1331 2972 1453 3036 1111111111

108 3077 149 3120 ex
171 3077 267 3140 aequo
291 3059 354 3120 lere
376 3058 601 3141 tripertiuntur,
632 3077 729 3121 nonne
760 3059 818 3120 hoc
847 3058 949 3120 seculo
972 3077 1052 3120 nova
1080 3059 1211 3122 civilium
1233 3060 1379 3124 bellorum
1401 3063 1454 3124 fax

106 3167 146 3210 ex
170 3147 412 3211 dissimilitudine
434 3148 590 3228 religionis
614 3147 746 3229 ipsorum
769 3146 893 3222 exarsit,
917 3167 993 3229 quae
1009 3147 1115 3210 Tuscis
1133 3149 1206 3212 olim
1226 3149 1350 3213 0111111111
1373 3151 1452 3214 alla-

105 3247 176 3300 tura
197 3238 336 3300 videtur?
372 3239 415 3300 Et
429 3237 498 3320 quia
512 3257 589 3300 anno
612 3231 704 3311 1504,
731 3233 824 3312 1524,
846 3232 929 3301 1563
945 3236 1091 3318 capitales
1107 3239 1332 3320 conjunctiones
1358 3241 1451 3317 11010,

107 3336 180 3408 putu
204 3327 273 3389 hinc
296 3327 388 3391 etiam
410 3335 495 3390 111110
518 3327 638 3390 facilius
661 3325 731 3388 oriri
752 3327 888 3408 potuisse
912 3345 1095 3390 communem
1118 3347 1257 3404 caueam,
1284 3349 1359 3411 quae
1381 3330 1451 3413 plu-

107 3416 249 3479 rimarum
280 3416 455 3496 longissime
491 3415 666 3478 dissitarnm
699 3415 832 3495 gentium
867 3421 999 3478 amorem
1034 3416 1207 3500 animosque
1244 3419 1378 3500 copulat:
1417 3428 1452 3484 ut

107 3505 226 3585 quoties
249 3505 280 3568 in
304 3505 424 3580 Galliis,
447 3506 478 3567 in
499 3505 617 3585 Belgio,
640 3506 672 3568 in
693 3504 861 3568 Britanniis
883 3504 1079 3586 depugnatur,
1104 3526 1163 3570 non
1185 3507 1288 3571 desint
1309 3509 1340 3572 in
1361 3511 1450 3574 Hun-

107 3594 210 3673 garia,
240 3594 270 3655 iu
299 3595 442 3668 Polonia,
469 3593 500 3656 11
530 3593 708 3668 Germania,
738 3593 787 3676 qui
816 3595 974 3658 contrariis
1001 3594 1082 3658 votis
1112 3615 1184 3658 snae
1207 3597 1332 3679 quisque
1353 3599 1451 3679 partis

107 3683 259 3744 1011111111
281 3691 513 3764 prosequantur,
537 3704 622 3748 suam
644 3703 706 3746 rem
728 3683 778 3764 agi
800 3691 919 3764 putent:
952 3683 1089 3766 quamvis
1111 3685 1231 3750 interim
1254 3685 1281 3750 si
1303 3688 1450 3750 communi

110 3771 200 3834 hoste
223 3778 362 3834 carerent
382 3772 460 3835 11101
483 3792 515 3836 10
538 3773 596 3854 ipsi
618 3772 778 3854 pugnaturi
801 3782 912 3836 essent.

196 3862 288 3926 Dices
311 3861 371 3924 ista
394 3881 461 3923 esse
484 3861 615 3944 Spiritus
637 3861 680 3938 S,
710 3862 759 3944 qui
781 3881 835 3944 per
858 3862 1066 3927 diversitatem
1086 3862 1255 3943 linguarum
1278 3871 1450 3930 cunctarum

106 3959 214 4030 gentes
237 3950 405 4012 inanitate
428 3951 497 4014 fidei
519 3961 690 4032 congreget
734 3953 799 4014 Nec
821 3970 899 4031 nego
923 3971 978 4032 ego
1000 3953 1074 4027 boc,
1103 3961 1135 4014 et
1161 3953 1262 4016 omnia
1283 3953 1352 4016 huic
1374 3954 1449 4036 Spi-

46 4043 48 4048 ’
108 4041 183 4102 ritui
205 4039 470 4115 transscriberem,
494 4040 521 4102 si
549 4059 608 4103 non
636 4049 699 4102 tam
720 4039 815 4102 multa
837 4040 1006 4120 huiusmodi
1027 4041 1065 4104 de
1086 4042 1168 4104 malo
1191 4049 1307 4106 essent:
1340 4044 1450 4110 11101

104 4131 243 4210 utrisque
265 4129 395 4211 partium
416 4128 568 4192 hostiliter
591 4147 624 4191 se
642 4135 743 4191 mutuo
758 4128 980 4206 insectantium,
1003 4130 1082 4212 quod
1098 4150 1159 4195 non
1177 4139 1227 4194 011
1240 4153 1260 4194 a
1273 4132 1305 4197 S.
1322 4133 1448 4215 Spiritu,

108 4218 244 4282 studium
266 4219 323 4282 hcc
345 4218 424 4281 idem
447 4225 538 4282 esset.
575 4218 626 4280 An
649 4225 697 4280 est
718 4217 775 4280 hoc
796 4218 1010 4294 contemtibile,
1032 4220 1116 4301 ipsas
1134 4222 1225 4284 etiam
1242 4222 1448 4304 antiquitates,

105 4329 186 4392 quae
210 4308 301 4370 hodie
321 4308 371 4369 vei
393 4305 591 4370 defenduntur
611 4306 853 4370 constantissime
868 4307 917 4368 vel
933 4316 1073 4370 eruuntur
1087 4309 1335 4390 pertinacissime,
1358 4313 1447 4378 bodie

106 4399 225 4474 nitere,
254 4415 356 4470 omnes
387 4415 489 4460 earum
517 4397 658 4476 fuligines
687 4396 882 4459 diuturnitate
911 4397 1055 4478 temporis
1084 4407 1255 4462 contractas
1277 4405 1446 4483 expurgari,

104 4487 260 4551 coloribus
283 4486 442 4550 luculentis
464 4485 574 4561 induci,
597 4495 631 4548 ut
653 4486 679 4548 si
701 4485 788 4549 iidem
812 4484 885 4548 solia
908 4487 1003 4550 oculis
1020 4487 1145 4564 habeas,
1167 4488 1267 4552 omnia
1280 4510 1359 4554 nova
1372 4511 1445 4574 pro-

104 4575 255 4640 nuncies?
299 4577 350 4638 An
372 4595 501 4657 unquam
523 4583 572 4637 est
593 4575 739 4649 auditum,
771 4582 873 4654 partes
903 4576 1048 4638 adversas
1076 4579 1247 4658 regionibns
1274 4599 1335 4644 non
1356 4581 1444 4644 valde

56 4690 61 4702 ·
107 4664 233 4730 dissitas
262 4665 411 4728 classibus
444 4665 599 4728 instructis
627 4666 673 4728 ire
702 4664 741 4726 ad
768 4663 943 4746 antipodas,
978 4675 1013 4728 ut
1046 4666 1108 4730 illic
1136 4669 1173 4730 de
1202 4687 1301 4732 101011
1330 4690 1445 4736 summa

109 4754 279 4831 decertent,
302 4755 388 4837 quasi
410 4773 469 4818 non
491 4773 586 4836 aeque
609 4757 651 4817 sit
671 4753 841 4835 expeditum
864 4753 943 4819 domi
964 4757 1064 4818 mori?
1095 4759 1145 4820 An
1167 4774 1297 4839 unquam
1318 4761 1443 4826 florente

106 4841 311 4910 Romanorum
341 4845 466 4926 imperio
499 4843 668 4909 8111111101
697 4843 746 4906 vel
776 4841 955 4908 Germanica
986 4846 1095 4912 classis
1133 4866 1171 4912 ex
1196 4847 1273 4914 mari
1304 4851 1444 4920 Baltbieo
