3674 5538
822 317 904 382 Oaput
921 317 968 368 lli.
987 315 1012 368 2.

234 492 432 556 inclinabitur
477 493 571 574 igitur
607 494 645 556 ad
692 494 821 556 alteram
866 501 982 574 partem
1242 493 1296 559 rig.
1317 491 1359 544 5⁵·

235 581 387 644 secundae
425 582 526 644 lineae
561 583 636 656 DE;
674 581 834 644 inclinetur
870 583 909 644 ad
942 583 980 656 D,

237 688 327 750 qums
361 677 394 732 et
431 670 598 732 incidentia
633 671 690 733 Fa
723 679 755 732 et
790 688 982 750 repercussus

236 755 298 820 AG
318 765 429 836 uergat
450 758 481 820 in
506 778 595 821 uuam
623 759 773 820 secundae
805 759 903 821 lineae
926 759 983 821 DE

235 846 358 925 plagam
372 846 412 920 D,
439 847 629 927 quodsupra
652 846 780 912 diximus
799 867 857 908 non
872 849 982 910 debere

236 933 309 996 fleri.
346 935 430 997 Nam
449 943 571 1013 oportet
583 935 670 998 ΕΑΒ
684 943 716 996 et
731 933 819 996 ΘΑΕ
840 935 983 1014 aequales

236 1041 322 1095 ease,
356 1041 417 1084 non
451 1021 549 1084 miuus
582 1041 671 1103 quam
702 1023 785 1085 ΓΑΒ
819 1033 851 1084 et
884 1022 981 1086 Gne.
1018 1053 1035 1096 ο

236 1109 339 1181 Quare
355 1108 469 1172 BFGO
483 1111 669 1191 superficiem
683 1112 723 1172 ad
737 1112 979 1190 perpendicnlum

236 1217 304 1260 esse
328 1217 455 1260 necesse
485 1207 533 1260 est
554 1199 613 1277 ipsi
636 1197 764 1273 DOEB,
793 1208 828 1262 ut
854 1207 973 1264 tantum
996 1211 1105 1282 vergat
1138 1205 1266 1284 angulus
1298 1201 1481 1266 incidentiae
1504 1201 1589 1263 FAD

235 1287 274 1350 ad
298 1305 390 1350 uuam
413 1287 536 1366 plagam
558 1287 655 1350 lineae
676 1287 830 1371 “secundae
849 1289 914 1364 DE,
942 1299 1085 1370 quantum
1109 1293 1244 1372 aequalis
1263 1292 1308 1355 illi
1331 1290 1458 1371 angulus
1482 1292 1589 1353 reflec-

236 1375 328 1438 ta'oois
353 1373 443 1438 GAE
467 1375 506 1436 ad
530 1375 625 1436 lineae
649 1376 799 1438 secundae
822 1377 879 1438 DE
902 1389 1018 1456 partem
1042 1382 1214 1460 oppositam
1238 1381 1277 1443 Ε.

301 1463 338 1526 Iu
362 1463 593 1526 retractionibus
617 1465 710 1527 etiam
733 1464 896 1544 simplicius
911 1467 990 1530 idem
1013 1477 1109 1547 patet.
1289 1503 1342 1570 rig.
1370 1499 1411 1552 55,

234 1552 316 1614 Nam
352 1551 424 1631 quia
456 1552 598 1614 retractio
634 1563 693 1616 non
730 1553 764 1615 tt
800 1553 858 1616 nisi
895 1556 932 1617 ad
979 1575 1110 1636 perpen-

235 1639 419 1713 dicularem,
461 1657 533 1720 ergo
572 1641 670 1703 lineae
710 1639 783 1715 CB,
821 1661 897 1722 quae
930 1646 960 1706 in
1003 1663 1111 1724 super·

234 1728 300 1790 flcie
333 1727 482 1790 densioris
504 1727 562 1790 ΗΟ
585 1749 605 1790 a
635 1729 796 1808 punctoG
828 1729 1008 1794 incidentiae
1038 1753 1109 1813 per-

234 1816 438 1898 pendicularis
467 1817 527 1896 ipsi
548 1814 606 1879 Ac
630 1819 669 1879 ad
700 1811 841 1896 punctum
871 1819 1061 1883 retractionis
1083 1822 1109 1882 B

234 1905 362 1979 ducitur,
389 1905 551 1985 parallelos
574 1906 694 1968 incedet
717 1907 758 1979 ei,
783 1925 858 1988 quae
883 1905 911 1968 iu
936 1927 1109 1989 quacunque

233 1993 440 2074 profunditate
464 1994 554 2057 medii
577 1993 725 2057 densioris
749 2014 787 2057 ex
809 1996 956 2074 producta
977 2015 1109 2078 perpen-

234 2082 361 2146 diculari
384 2081 441 2144 AG
466 2082 497 2144 in
519 2081 547 2142 E
568 2082 661 2146 rectis
686 2084 804 2164 angulis
828 2083 979 2146 exiensis
1002 2086 1109 2148 lineam

234 2171 398 2234 retractam
422 2168 481 2232 BG
504 2171 620 2234 incidit.
662 2171 730 2234 Nisi
754 2172 832 2234 enim
855 2172 911 2234 hoc
935 2182 1026 2249 esset,
1051 2193 1108 2236 non

235 2258 397 2322 accederet
418 2259 568 2322 retractus
587 2259 644 2322 BG
668 2268 753 2322 recta
771 2261 809 2322 ad
833 2261 1110 2341 perpendicularem

233 2347 286 2409 BF
308 2346 358 2407 vel
383 2346 454 2420 ΑΕ,
488 2348 543 2408 sed
574 2358 714 2428 vergeret
747 2348 835 2410 simol
865 2349 956 2412 etiam
980 2349 1009 2410 in
1034 2351 1111 2413 alias

234 2434 353 2513 plagas.
401 2433 484 2512 Ergo
508 2434 560 2508 (Ε.
580 2435 636 2510 XI,
663 2435 698 2510 7)
722 2436 978 2516 perpendicularis
1001 2436 1057 2502 AO
1081 2437 1110 2500 in

235 2522 422 2602 superficiem
435 2522 650 2602 refringentem
663 2523 729 2598 ΗΟ,
745 2525 774 2586 in
791 2525 896 2586 eadem
912 2533 961 2586 est
973 2527 1109 2606 planitie,

235 2611 262 2672 in
287 2629 347 2689 qua
370 2619 403 2672 et
424 2609 506 2672 linea
537 2614 669 2675 retracta
695 2612 765 2674 BG.
812 2613 908 2675 Atio
938 2631 997 2693 qua
1028 2613 1153 2694 planitie
1182 2621 1232 2675 est
1264 2610 1345 2673 linea
1371 2609 1518 2680 retracta,
1554 2625 1593 2668 ea

235 2697 343 2762 dicitur
367 2697 509 2776 planities
534 2699 733 2762 retractionis.
770 2701 919 2763 Planities
942 2701 1035 2780 igitur
1058 2699 1257 2774 retractionis,
1282 2706 1316 2760 ut
1334 2697 1363 2758 in
1387 2716 1447 2777 qua
1470 2704 1519 2758 est
1532 2693 1589 2756 AG

234 2785 493 2866 perpendicularis
518 2788 546 2848 in
570 2786 625 2850 HC
656 2789 777 2867 planum
810 2790 978 2868 refringens
1010 2791 1067 2852 erit
1093 2791 1165 2866 (XI,
1193 2787 1248 2862 18)
1279 2783 1535 2868 perpendicularis
1560 2780 1590 2844 iu

235 2874 314 2936 idem
335 2875 459 2952 planum
483 2875 660 2955 refringens.
1288 2886 1289 2890 ’

256 3009 259 3020 .
322 2963 495 3044 Propositiu
528 2963 632 3026 XVII.
687 2964 760 3027 Plus
793 2964 981 3026 difficultatis
1014 2965 1072 3028 init
1102 2968 1133 3028 in
1165 2963 1319 3046 principiis
1358 2959 1587 3023 constituendis.

236 3051 463 3114 Demonstratio
487 3052 556 3130 ipsa
579 3053 721 3132 expedita
744 3059 801 3116 est.
840 3053 969 3115 Primum
995 3053 1076 3115 visus
1096 3055 1125 3117 in
1149 3055 1241 3133 plaga
1265 3053 1397 3126 aberrat,
1421 3057 1455 3112 ut
1477 3048 1591 3112 dictum

235 3148 283 3202 eat
305 3157 392 3220 prop.
423 3135 477 3213 143
502 3139 683 3219 imaginatur
701 3141 781 3203 euim
804 3140 861 3204 sibi
885 3161 947 3203 rem
971 3141 1000 3203 in
1020 3162 1086 3207 eam
1110 3144 1241 3223 plagam,
1266 3141 1344 3203 unde
1368 3139 1517 3200 retractus
1543 3141 1591 3201 vel

236 3246 431 3309 repercussus
455 3229 587 3291 aduenit.
632 3229 750 3291 Deinde
773 3230 857 3292 visus
881 3239 912 3292 et
934 3230 963 3292 io
988 3232 1097 3310 angulo
1122 3232 1254 3294 aberrat.
1300 3228 1488 3306 Imaginatur
1512 3229 1589 3290 enim

235 3317 311 3388 sibi,
346 3335 406 3397 qna
439 3316 633 3380 inclinatione
664 3318 806 3384 incedant
835 3336 927 3399 usque
956 3320 994 3382 ad
1022 3320 1157 3384 binorum
1191 3319 1342 3382 oculorum
1375 3323 1480 3377 centra
1513 3317 1591 3379 radii

237 3405 360 3468 retracti
386 3406 434 3492 vel
457 3406 644 3485 repercussi,
669 3406 773 3468 eadem
796 3406 989 3471 inclinatione
1013 3428 1067 3472 seu
1090 3409 1200 3489 angulo
1233 3407 1371 3469 incedere
1395 3405 1487 3466 etiam
1510 3403 1590 3478 illos,

236 3493 284 3574 qui
308 3515 328 3554 a
350 3503 463 3574 puncto
486 3494 626 3556 radiante
649 3495 678 3556 in
693 3501 808 3575 puncta
829 3513 1057 3574 repercussuum
1071 3498 1119 3559 vel
1139 3496 1351 3558 refractionnm
1375 3493 1592 3572 respondentia

236 3583 320 3646 oculo
342 3582 473 3662 primum
495 3581 665 3646 allabentur
689 3581 782 3662 (Cap.
807 3584 863 3655 ΙΙΙ,
886 3581 916 3646 2.
943 3582 987 3658 t).
1033 3584 1150 3665 Eitque
1173 3586 1257 3646 locus
1281 3582 1420 3662 imaginis
1445 3583 1590 3660 genuinus

235 3670 306 3734 illud
328 3679 490 3750 punctum,
523 3669 554 3732 in
577 3689 634 3750 qno
659 3681 766 3733 coeunt
789 3672 928 3750 producti
951 3672 1028 3734 radii
1059 3673 1163 3736 visorii
1192 3691 1230 3736 ex
1258 3680 1384 3750 utroque
1414 3671 1499 3732 oculo
1537 3688 1592 3748 per

236 3779 289 3820 sua
311 3765 428 3838 puncta
450 3759 663 3821 refractionnm
686 3761 734 3822 rel
757 3779 984 3839 repercussuum
1005 3763 1103 3842 (prop.
1120 3758 1168 3836 8).
1205 3760 1300 3838 Atqui
1324 3757 1486 3836 ctrjnslibet
1509 3755 1587 3818 oculi

236 3847 336 3908 radius
360 3845 494 3908 risorius
518 3847 613 3918 (linea
637 3847 737 3910 lucida
759 3867 798 3909 ex
826 3848 910 3910 oculo
934 3867 987 3928 per
1010 3857 1152 3929 punctum
1181 3866 1376 3927 repercussus
1400 3848 1449 3905 vel
1472 3845 1590 3906 refrac-

236 3935 323 3998 tioais
348 3935 379 3997 iu
404 3933 578 3996 continuum
601 3953 655 4013 per
678 3935 923 4016 imaginationem
947 3937 1070 4012 educta)
1095 3937 1192 3998 estin
1215 3935 1321 3996 eadem
1345 3932 1499 4012 superficie
1524 3949 1590 3994 cum

234 4023 390 4104 superficie
415 4021 608 4085 retractionis
630 4025 679 4085 vel
706 4042 901 4104 repercussus
925 4025 1000 4096 (det.
1025 4023 1072 4098 2).
1118 4025 1160 4085 Et
1193 4022 1318 4085 cuilibet
1349 4019 1435 4082 oc'ulo
1464 4041 1520 4082 sua
1542 4029 1591 4082 est

233 4113 406 4192 superficies
431 4128 626 4191 repercussus
648 4112 697 4174 vel
721 4111 912 4174 retractionis
936 4113 1010 4184 (det.
1036 4110 1082 4186 2).
1128 4112 1210 4190 Ergo
1234 4109 1284 4172 nbi
1308 4117 1487 4172 concurrunt
1510 4107 1588 4170 radii

232 4202 329 4266 sinerii
356 4199 520 4278 utriusque
543 4199 631 4273 oculi,
655 4200 697 4262 ibi
720 4208 900 4262 concurrunt
922 4208 954 4261 et
976 4199 1147 4281 superficies
1176 4199 1388 4262 refractionnm
1411 4198 1459 4258 vel
1483 4215 1589 4277 reper-

228 4309 381 4363 cusscnm,
406 4305 466 4368 per
489 4286 606 4349 oculnm
630 4308 764 4369 quaeque
788 4307 875 4350 suum
897 4296 1100 4354 transeuntes.
1146 4287 1228 4368 Ergo
1252 4287 1380 4349 comsit
1402 4287 1485 4348 locos
1508 4285 1588 4348 ima·

224 4379 299 4462 ginis
323 4379 356 4442 in
382 4393 538 4439 concurso
560 4374 738 4439 visoriorum
762 4376 836 4450 (det.
855 4375 897 4450 1),
923 4377 981 4439 erit
1003 4377 1033 4437 in
1058 4395 1204 4438 concursu
1226 4373 1449 4454 superficierum
1472 4373 1590 4436 retrac-
1680 4404 1682 4408 ·

222 4470 313 4535 donis
339 4467 392 4528 rel
419 4479 620 4542 repercussus
645 4465 799 4544 utriusque
823 4465 910 4527 oculi.
958 4463 1148 4527 Concurrunt
1174 4481 1246 4527 varo
1270 4462 1341 4525 illae
1365 4459 1537 4541 superficies
1561 4461 1590 4522 in

214 4567 338 4642 puncta
355 4549 483 4616 visibili
509 4551 583 4623 (det.
599 4549 647 4626 2).
685 4553 728 4615 Et
746 4570 812 4615 oum
827 4552 889 4616 sint
910 4553 1174 4634 perpendiculares
1187 4552 1245 4614 lise
1269 4550 1375 4612 ambae
1399 4549 1592 4612 retractionis

115 4691 125 4714 ,
212 4652 258 4716 vel
281 4657 505 4730 repercussus
529 4640 702 4720 superficies
721 4659 811 4720 super
832 4641 1017 4722 superficiem
1042 4639 1254 4718 retingantur
1270 4639 1318 4699 vel
1341 4637 1591 4716 repercutientem

207 4739 304 4820 (cap,
331 4735 399 4810 ΠΙ,
436 4722 496 4797 16)
519 4745 611 4806 seque
635 4737 738 4792 mutuo
770 4739 894 4806 secent,
929 4729 987 4792 erit
1018 4727 1182 4790 communis
1206 4745 1309 4788 aarum
1341 4727 1437 4789 sectio
1464 4727 1592 4805 primum

200 4833 287 4898 linea
311 4831 417 4891 recta
445 4815 503 4889 (Ε.
527 4815 584 4888 XI,
609 4814 656 4890 3),
680 4835 772 4897 quare
796 4827 828 4880 et
849 4837 899 4880 res
921 4819 989 4880 risa
1012 4823 1044 4877 et
1066 4834 1168 4878 omnes
1191 4815 1258 4893 ejus
1281 4813 1427 4894 imagines
1451 4823 1539 4877 erunt
1560 4814 1591 4875 in
