3464 5524
587 330 618 382 ιι
635 329 708 382 retu
728 325 832 396 opert.
1063 300 1072 310 ’
1353 333 1393 403 13

57 507 129 564 ms,-
143 505 208 571 plura
224 521 252 556 n.
273 520 327 556 non
347 521 470 572 possum.
507 507 561 558 Non
578 512 662 558 ιιιιιι
681 505 766 556 dubito
791 508 849 572 quin
869 506 982 557 clementi
1002 508 1071 558 rultn
1090 507 1159 558 Deus
1178 517 1218 568 te,
1246 526 1318 566 mum
1336 528 1395 564 con.

58 590 136 630 uestem
150 579 248 626 militem
268 587 296 628 et
316 594 382 628 rere
404 586 555 640 martyrem,
571 581 603 630 sit
620 583 783 641 respecturus.

120 648 182 708 Quod
199 649 229 697 de
249 649 342 713 eclipsi
366 647 403 709 Θ
426 652 523 702 scribis.
543 665 574 700 ea
591 651 674 710 omnia
693 647 783 697 dudum
803 648 1033 710 animadverteram,
1055 650 1169 700 videlicet
1188 653 1251 716 quod
1271 654 1310 702 lux
1331 655 1394 704 radii

54 723 129 784 mpiiet
145 716 174 780 Θ
193 727 218 768 ιι
236 723 343 769 minuat
365 715 395 784 D
420 721 573 769 diametrum.
600 721 692 769 Verum
711 721 731 767 si
745 733 822 768 scena
835 735 877 768 seu
892 721 1067 770 observationis
1086 721 1153 770 locus
1172 725 1204 771 sit
1218 725 1321 788 amplior
1340 725 1393 784 (cu-

52 793 132 854 jusmodi
148 792 225 839 locum
243 792 271 839 in
291 797 387 840 nostro
408 792 501 855 templo
520 807 573 842 esse
592 788 683 850 nosti),
711 791 751 838 isti
770 791 944 854 impedimento
968 793 1066 855 egregie
1084 794 1235 856 prospicitur.
1273 795 1393 846 Feraruen

45 865 252 924 numnquam
271 862 331 911 sieri
353 869 443 926 potest
467 864 592 912 minimum
611 861 670 922 [nec
685 875 746 923 opus
767 870 818 917 est,
844 876 898 910 esse
916 869 1034 924 puuctum
1052 861 1267 925 mathematicum)
1288 867 1395 917 excludit

52 949 126 982 maen
142 932 340 982 sensibilitatem
356 933 391 982 ad
406 934 558 982 distantiam.
584 934 620 982 lbi
633 949 657 980 n.
672 945 765 980 coruus
778 940 888 982 extrema
908 930 940 991 Θ
961 933 1102 982 acutissime
1116 942 1255 984 cernuntur.
1281 936 1324 986 Sin
1338 953 1394 988 reso

51 1007 137 1052 ιιιιιιιι
157 1003 228 1051 luerit
257 1003 427 1066 aliquantum
456 1007 550 1064 majus,
578 1009 663 1066 utpote
682 1003 801 1050 dimidiati
822 1003 892 1066 digiti
911 1002 948 1050 rel
972 1004 1038 1052 ultra
1056 1004 1264 1054 semidiametrum
1283 1008 1320 1056 rel
1340 1009 1393 1057 dia-

49 1084 129 1124 nrtrasn
144 1072 229 1134 lsnjns:
248 1073 279 1120 fis
300 1077 419 1130 omnino.
439 1081 468 1122 ut
485 1075 568 1122 radius
586 1075 693 1136 undique
712 1074 853 1135 amplietur,
875 1079 902 1120 at
923 1087 1016 1124 cornua
1032 1073 1096 1122 fiunt
1115 1075 1212 1124 obtusa.
1238 1075 1314 1140 idque
1337 1093 1389 1128 ces-

49 1147 143 1194 'miusnm
161 1149 346 1208 mgnmemnm
367 1153 421 1198 est.
441 1145 636 1194 observationem
649 1143 768 1204 ejusmodi
782 1157 835 1192 esse
854 1143 984 1200 fallacenr;
1005 1144 1064 1192 aber
1077 1145 1161 1194 dorten
1174 1148 1240 1210 gibts
1254 1148 1293 1196 die
1307 1147 1390 1212 Spitze

48 1231 67 1262 ιι
80 1215 177 1278 scbsrpl.
204 1215 252 1264 das
273 1229 304 1264 es
325 1215 375 1263 srol
396 1216 587 1264 suresvunderu
605 1217 646 1264 ist.
684 1214 716 1262 Et
734 1214 831 1276 quidem
850 1216 875 1262 iu
894 1214 1013 1275 eJusmodi
1032 1215 1239 1266 observationibus
1258 1218 1389 1282 aliquoties

48 1285 169 1350 lqrebendi
187 1285 347 1334 diametrum
368 1279 396 1349 3)
417 1286 551 1340 minorem,
570 1300 645 1350 quam
663 1284 798 1333 secuudum
817 1285 938 1334 calculum
957 1299 1011 1334 esse
1030 1285 1143 1335 debebat.

115 1355 224 1405 Proxima
243 1356 340 1420 eclipsi
362 1357 459 1406 coelum
478 1358 549 1406 nobis
568 1357 648 1406 denuo
667 1355 714 1402 luit
733 1355 870 1404 adversum.
907 1355 969 1404 Erat
986 1355 1045 1404 mihi
1058 1358 1162 1413 animus,
1183 1358 1216 1406 ad
1235 1360 1288 1419 ejus
1307 1360 1390 1409 obser-

48 1428 148 1476 rstiouem
163 1439 252 1476 ιιιιιιι
270 1441 350 1476 meos
371 1427 496 1476 auditores
516 1427 644 1478 advocare.
673 1425 723 1475 Sed
742 1425 836 1475 coelum
855 1425 965 1474 nubilum
983 1427 1087 1475 obstitit.
1107 1427 1213 1476 Paratus
1226 1429 1259 1478 ad
1277 1429 1393 1479 observa·

47 1500 117 1546 s'meso
134 1498 242 1554 ιιιιιιί,
274 1513 370 1548 rerum
388 1513 436 1548 nec
455 1499 551 1546 initium
569 1511 616 1548 uec
633 1497 709 1546 tinem
727 1497 789 1551 sidit
817 1497 962 1548 intermedio
980 1503 1096 1560 ,tempore
1114 1499 1190 1548 semel
1209 1505 1285 1562 atque
1302 1501 1391 1550 iterum

48 1569 133 1616 ιιιιιιι
154 1567 224 1618 locus
253 1569 380 1624 ridendi,
409 1575 438 1618 at
455 1569 494 1616 vir
512 1569 609 1618 videndi
628 1567 706 1623 Solis.
733 1567 785 1630 ipse
803 1582 827 1616 n.
848 1567 977 1617 confestim
1000 1582 1028 1617 se
1052 1569 1168 1618 subduxit
1189 1570 1293 1620 nubibus
1312 1571 1392 1620 denuo

47 1637 150 1692 rudus,
168 1638 234 1687 adeo
253 1645 286 1687 ut
306 1652 440 1703 nunquam
459 1639 497 1687 rel
516 1638 648 1688 diametros
669 1635 701 1697 Θ
722 1643 747 1694 ιι
765 1629 806 1700 3).
827 1652 874 1688 nec
892 1639 982 1702 digitos
996 1637 1139 1690 deficientes
1158 1647 1245 1690 notare
1262 1643 1391 1704 potuerim.

48 1709 131 1758 [ιιιιιι
147 1707 194 1759 too
214 1711 321 1773 excepi,
343 1709 409 1773 quod
427 1709 569 1759 notabiliter
586 1709 652 1759 ultra
669 1707 795 1756 dimidium
816 1705 847 1768 Θ
868 1709 966 1758 deiecit.

114 1779 186 1828 Priuri
204 1781 361 1844 quaestioni
379 1780 446 1830 istud
465 1779 537 1830 addo.
573 1779 710 1844 Propositio
729 1779 753 1828 5.
772 1778 826 1827 libri
844 1777 864 1828 1.
880 1779 980 1843 Optices
998 1779 1105 1844 vulgaris
1124 1795 1188 1844 qnae
1207 1788 1245 1831 est
1261 1797 1329 1847 prop.
1350 1779 1393 1833 et.

46 1849 114 1900 bbll.
132 1849 232 1906 lateii,
253 1853 276 1899 si
299 1865 392 1901 crassa
409 1853 442 1901 sit
451 1851 597 1908 observatio,
616 1863 676 1900 sera
694 1857 740 1900 est.
766 1849 859 1900 Verum
872 1851 893 1900 si
905 1864 937 1900 ea
949 1863 999 1914 qus
1010 1865 1056 1914 pas
1068 1857 1107 1900 est
1119 1852 1248 1916 diligentia
1267 1855 1394 1904 maurina·

44 1931 84 1976 ιιι,
106 1936 152 1970 non
179 1922 339 1985 simpliciter
365 1937 449 1972 seram
469 1937 523 1970 esse
542 1922 636 1986 aliquot
652 1921 760 1984 pluribus
778 1921 989 1970 observationibus
1008 1921 1165 1984 deprehendi.
1203 1922 1314 1974 circulus
1331 1939 1395 1976 saue

46 1998 129 2054 apparet
146 1990 261 2056 (oportet
283 1999 375 2042 ιιιιιιιιι
394 1993 459 2041 inter
476 1992 587 2041 toramen
611 1999 637 2040 et
655 1992 750 2040 radium
769 1998 899 2054 exceptum
919 1993 1071 2055 aliquantam
1090 2007 1144 2042 esse
1163 1993 1315 2056 distantiam,
1334 1996 1394 2044 alio-

45 2064 75 2126 qui
89 2062 203 2112 radiorum
223 2077 281 2112 non
304 2064 416 2115 omnium
434 2063 506 2112 tieret
524 2064 649 2112 conversio
668 2063 693 2110 in
707 2059 870 2126 oppositum),
900 2068 927 2111 at
945 2061 1049 2111 circulus
1068 2062 1109 2112 ille
1132 2065 1266 2112 secundum
1285 2066 1396 2115 toramen
1490 2069 1492 2075 ’

47 2134 145 2197 andare
161 2134 191 2182 iit
209 2134 355 2198 gibbosus,
376 2141 403 2183 et
421 2134 538 2184 circulum
556 2135 582 2182 in
599 2132 694 2183 tabella
712 2135 825 2195 opposita
837 2133 986 2196 descriptum
998 2133 1103 2182 excedit
1128 2133 1189 2182 lude
1202 2149 1261 2199 ergo
1279 2149 1326 2186 sua
1343 2149 1394 2186 aer·
1417 2183 1420 2188 .

49 2215 93 2254 rats
107 2207 199 2254 ιιιίοιιι
218 2205 412 2270 magnitudinis
430 2205 530 2266 maioris
548 2204 674 2254 foraminis
693 2205 770 2253 etiam
788 2204 886 2252 rotundi
904 2203 961 2252 taiis
971 2203 1083 2266 deceptio
1101 2205 1126 2253 iu
1145 2205 1230 2269 eclipsi
1243 2204 1322 2256 Solsri
1335 2221 1395 2271 quo·

47 2290 82 2340 qss
97 2277 236 2342 mutingere
256 2282 362 2339 potem
391 2281 555 2340 praecavetur
573 2282 657 2324 antem
675 2275 806 2324 minutiore
825 2275 943 2324 toramine
966 2288 1043 2338 eoque
1069 2281 1176 2336 remoto,
1202 2277 1235 2326 ibi
1257 2292 1282 2326 n.
1303 2290 1396 2328 cornua

48 2354 86 2394 tan
102 2352 171 2395 senta
190 2347 278 2403 liunt,
299 2353 330 2395 nt
349 2347 381 2396 de
399 2345 466 2394 nullo
486 2361 565 2395 errore
584 2345 691 2394 sensibili
711 2347 817 2407 supersit
835 2346 950 2408 suspicio.

116 2415 185 2474 Quae
203 2417 382 2480 superioribus
401 2417 486 2466 diebus
505 2417 536 2464 de
554 2415 662 2480 epistolis
681 2416 743 2465 meis
752 2415 907 2478 publicandis
925 2415 1051 2478 scripsisti,
1072 2415 1172 2465 obsecro
1185 2431 1218 2468 ue
1230 2418 1317 2467 iacias.
1344 2419 1395 2468 Eas

46 2489 156 2536 ιιιιίιιι
174 2487 209 2537 sd
229 2489 347 2538 amicum
366 2488 464 2551 scripsi,
485 2501 589 2552 eumque
606 2501 657 2536 non
670 2487 768 2536 demum
786 2501 829 2550 per
846 2493 945 2534 mutuas
963 2486 1048 2535 literas
1066 2488 1228 2550 acquisitum,
1247 2491 1317 2553 quasi
1336 2497 1395 2540 ante

46 2559 127 2620 ιιιιιιι
144 2559 241 2608 inhset
287 2557 385 2618 Quodsi
404 2559 522 2622 cogitatio
542 2559 651 2610 animum
663 2571 746 2607 meum
764 2571 873 2621 nuquam
886 2557 1016 2612 subiisset,
1035 2570 1079 2606 eas
1092 2558 1224 2621 aliqnando
1233 2559 1395 2622 publicandas

47 2629 101 2684 isse,
116 2629 189 2678 multo
209 2629 424 2694 circumspectius
442 2629 601 2693 scripsissem.
641 2627 713 2690 Quae
731 2629 779 2678 isto
796 2629 868 2678 modo
885 2631 956 2691 Juxta
974 2628 1098 2678 dictamen
1116 2643 1214 2692 pennae
1232 2632 1394 2694 scriptulae·

47 2707 103 2753 rant.
130 2715 177 2748 nou
196 2715 223 2748 n.
245 2700 284 2749 ad
305 2700 382 2760 alios,
412 2699 456 2748 sed
475 2700 507 2748 ad
526 2707 551 2748 te
569 2700 666 2763 scripsi,
691 2701 732 2764 qui
753 2713 819 2749 esses
838 2699 958 2748 candidus
977 2700 1084 2747 onmium
1102 2700 1229 2748 verborum
1248 2704 1323 2750 etiam
1342 2701 1396 2751 rudi

47 2767 139 2819 llinerrs
156 2773 313 2834 scriptorum
334 2772 473 2834 interpres3
492 2771 552 2819 satis
565 2771 624 2820 mibi
646 2770 709 2828 init,
728 2777 754 2820 te
768 2772 876 2819 animum
889 2784 970 2818 meum
984 2769 1129 2833 intelligere,
1150 2777 1206 2818 utut
1218 2773 1291 2822 rerba
1303 2774 1396 2835 scripta

47 2847 120 2889 ιιιιιιι
155 2841 240 2891 Aliter
259 2847 351 2891 autam
369 2849 426 2898 est,
453 2843 473 2890 si
492 2842 559 2891 iutra
577 2843 685 2904 parietes
703 2841 787 2890 muudi
806 2853 880 2905 quam
899 2841 972 2889 amici
991 2841 1078 2903 privati
1096 2840 1244 2904 loquendum
1262 2844 1303 2892 sit.
1340 2842 1395 2892 Nec

46 2925 83 2974 ego
98 2911 224 2962 annum
244 2927 334 2962 eorum
353 2913 443 2976 probo,
463 2915 504 2976 qui
521 2919 574 2962 tam
591 2913 679 2961 faciles
697 2919 756 2962 sunt
773 2913 797 2960 ln
817 2913 951 2960 amicorum
973 2912 1136 2973 privatorum,
1164 2911 1196 2961 de
1213 2914 1315 2975 privatis
1333 2916 1393 2962 scri·

46 2981 152 3038 ιιιιιιιι,
169 2983 253 3032 literis
273 2983 441 3047 publicandis.
478 2983 520 3033 lta
537 2998 585 3033 uec
603 2983 647 3032 tibi
666 2997 718 3032 rem
737 2989 836 3048 gratam
852 2996 892 3032 me
911 2982 1035 3030 iacturum
1054 2981 1139 3042 credo,
1160 2983 1179 3030 si
1198 2988 1255 3032 tuas
1274 2983 1391 3047 epistolas

45 3049 74 3110 (iu
88 3054 168 3116 quibus
187 3055 319 3104 interdum
340 3067 423 3104 eorum
442 3055 471 3102 tit
488 3055 595 3114 mentio,
615 3071 638 3102 ι.
652 3068 677 3118 g.
691 3068 750 3119 qnos
770 3061 896 3116 suspectos
914 3052 1036 3110 habuisti,
1056 3053 1126 3116 qnasi
1146 3067 1205 3115 opus
1224 3060 1293 3103 tuum
1312 3063 1391 3106 astro-

43 3123 146 3172 unnicuns
166 3126 236 3190 apud
255 3132 371 3174 nostrum
389 3126 524 3189 principem
542 3125 714 3189 impediverlnt
732 3120 789 3182 do.)
808 3124 922 3173 similiter
939 3123 1099 3186 publicarem.

117 3195 184 3259 Ege,
204 3204 237 3245 ut
257 3197 289 3246 de
308 3197 371 3245 meis
390 3197 490 3259 privatis
508 3196 581 3246 rebus
594 3196 715 3252 scribam,
735 3196 761 3244 in
778 3196 887 3244 maximo
899 3194 968 3243 luctu
981 3191 1049 3254 (rere
1061 3191 1189 3256 Hernleid)
1202 3207 1291 3245 resson
1317 3195 1395 3246 Filius

45 3279 108 3322 netu,
126 3280 199 3330 quem
217 3265 352 3330 hucusque
371 3267 488 3324 educari,
507 3267 616 3324 institui,
634 3280 714 3316 mores
732 3269 786 3328 elna
803 3265 906 3315 formari
925 3279 955 3314 ac
978 3265 1144 3314 exorbitantes
1166 3264 1253 3316 sedulo
1266 3267 1396 3318 emendari

46 3336 163 3396 uindieic
182 3339 240 3400 eius
258 3340 313 3400 jam
331 3337 401 3387 iacto
420 3337 542 3388 adultiora
559 3339 584 3386 in
603 3338 644 3386 ria
661 3343 732 3387 recta
750 3336 922 3386 confirmatum
941 3337 1049 3399 speravi,
1069 3337 1089 3385 is
1108 3336 1205 3386 occulte
1224 3349 1288 3400 quae
1306 3339 1331 3386 in
1349 3339 1395 3388 rni-

45 3406 162 3456 sstion'bus
180 3409 320 3473 aliquando
340 3410 407 3474 egit,
426 3411 535 3471 nuncin
555 3409 688 3470 majoribus
708 3409 876 3465 continuarit;
896 3421 970 3472 reque
989 3407 1131 3470 patefacta,
1151 3421 1206 3456 cum
1226 3407 1307 3458 dolere
1326 3410 1394 3459 ride·

46 3475 118 3533 tatur.
136 3479 268 3543 grmdioti
288 3477 384 3529 ιιιΙιιι
402 3478 569 3529 accumulavit
587 3485 613 3529 et
630 3479 747 3544 perfugit.
783 3478 841 3528 lam
862 3479 903 3527 ubi
922 3479 1059 3539 situnescio,
1077 3479 1194 3542 profligas
1213 3483 1259 3536 est,
1279 3479 1333 3528 exul
1347 3487 1393 3538 est,

46 3547 238 3612 incompactum
257 3565 342 3600 meum
360 3564 505 3615 suorumque
523 3550 603 3601 redire
622 3557 648 3600 et
665 3549 763 3613 prodite
782 3563 832 3598 nou
851 3549 934 3598 audet.
973 3547 1076 3598 Utinam
1093 3549 1154 3597 mibi
1183 3550 1237 3613 quis
1254 3552 1394 3606 nunciaret.

46 3617 111 3678 issum
127 3621 168 3682 pie
187 3620 338 3672 tannetum
357 3627 383 3670 ιι
399 3620 531 3671 Ιιοιιιίιὶιι
550 3621 673 3685 sepultum
692 3621 756 3670 esse.
794 3619 895 3668 interim
914 3633 960 3684 ego
979 3619 1029 3668 filio
1054 3633 1140 3676 careo.
1167 3619 1284 3670 baculum
1306 3635 1393 3671 senec·

46 3689 94 3736 ntis
105 3705 174 3741 nese
188 3692 272 3740 amia.
299 3691 452 3755 Respublica
466 3693 544 3742 cisesu
563 3693 654 3750 amisit,
672 3692 768 3740 aduam
786 3690 875 3740 haeres
896 3697 1013 3740 aeternae
1031 3697 1150 3748 manem,
1169 3705 1257 3756 meque
1275 3705 1394 3755 sumque

47 3769 113 3806 totam
131 3763 312 3826 cognationem
331 3777 380 3810 nou
402 3763 484 3826 aliqua
503 3779 528 3812 re
546 3763 657 3813 infamet.
684 3761 739 3822 Quo
758 3763 841 3811 animo
854 3763 907 3822 sim,
926 3769 997 3824 potes
1010 3762 1141 3824 conjicere.
1178 3761 1244 3813 Vere
1263 3761 1326 3820 dico.
1347 3777 1393 3828 ego

46 3829 76 3876 tit
92 3845 148 3893 prae
165 3833 297 3882 moestitia
315 3833 381 3896 apud
398 3846 438 3882 me
456 3847 517 3883 snus.
537 3833 606 3883 Deus
625 3831 740 3896 adjuret!

123 3901 188 3954 l'ale
208 3904 311 3967 optime.
349 3906 438 3954 Actum
455 3904 533 3955 veloci
553 3905 649 3956 calamo
669 3901 693 3952 0.
709 3900 778 3966 (10.)
798 3902 854 3953 Oct.
871 3897 947 3952 1000.

1091 4040 1127 4092 Μ.
1146 4042 1182 4094 Μ.
1201 4041 1237 4092 Μ.

125 4199 272 4265 inscriptio:
303 4201 454 4264 Clarissimo,
482 4205 575 4268 pietate
595 4209 621 4254 et
638 4203 729 4269 insigni
748 4201 885 4253 eruditione
904 4201 992 4252 eximio
1010 4199 1083 4258 Viro,
1109 4201 1141 4251 D.
1160 4199 1196 4250 lt.
1215 4199 1239 4251 J.
1259 4199 1392 4265 Kepplero,

49 4265 222 4322 Mathematico
240 4275 400 4336 peritissimo.
424 4278 523 4342 ejusque
541 4277 567 4325 iu
581 4275 666 4327 schola
684 4275 830 4325 Graetzeusi
848 4273 981 4324 Proleemri
1000 4273 1158 4323 celeberrimo
1177 4270 1221 4322 dte.
1241 4271 1349 4321 Domino
1367 4279 1393 4323 et

49 4341 123 4390 basico
141 4357 186 4390 sno
205 4343 361 4394 honorando.
634 4359 637 4367 ·

128 4411 306 4477 Suspicionem
324 4428 394 4480 qnam
412 4417 502 4480 profert
513 4417 661 4468 Maestliuus
675 4417 722 4476 „de
735 4415 813 4466 literis
825 4416 876 4464 auis
888 4413 1060 4477 publicandis“
1075 4413 1177 4462 tirmiter
1193 4413 1287 4462 saintet
1298 4411 1391 4477 Keple-

50 4493 96 4536 sss,
122 4497 204 4547 neque
228 4485 308 4547 ipsius
333 4485 415 4536 literae
433 4502 493 4552 quas
511 4490 564 4538 sine
582 4489 655 4537 dubio
674 4492 772 4552 spectat
790 4485 938 4536 Maestlinus
957 4484 994 4546 (d.
1014 4483 1039 4535 t.
1053 4483 1121 4546 Sept.
1136 4480 1217 4542 1000)
1235 4483 1312 4532 ullum
1335 4483 1393 4534 bnis

50 4553 173 4613 suspicioni
191 4554 280 4603 locum
298 4555 414 4617 praebent
426 4555 520 4622 (comp.
540 4559 596 4607 Vol.
609 4557 629 4607 l.
649 4573 672 4621 p.
687 4556 729 4608 st.
744 4553 800 4618 55).
838 4555 904 4616 Quid
923 4556 971 4606 tilio
983 4555 1110 4606 Maestlinl
1129 4553 1248 4603 acciderit
1260 4555 1391 4604 nescimus.

51 4617 74 4666 is
89 4621 163 4672 literis
183 4623 218 4672 ad
231 4623 390 4674 Bernartum
407 4627 468 4678 datis
487 4628 542 4690 (12.
553 4629 610 4679 lan.
627 4625 707 4688 1603)
719 4627 843 4691 Keplerua
862 4626 895 4676 illi
913 4627 1028 4676 nunciat:
1047 4624 1076 4672 lu
1095 4622 1285 4674 melancholiam
1297 4624 1391 4677 Maest-

50 4689 103 4738 innr
120 4694 211 4742 incidit
231 4695 264 4742 ob
283 4694 369 4758 lugam
384 4697 437 4756 lilii,
454 4715 526 4766 quem
545 4701 615 4761 ajunt
634 4699 724 4749 alicubi
743 4695 809 4762 apud
827 4697 938 4749 Jesuita'a
956 4697 1063 4746 latitare.

128 4761 296 4828 Keplerus
314 4763 437 4818 Decembri
463 4771 521 4820 anui
542 4767 606 4819 1001
628 4768 789 4821 Maestlinum
816 4770 906 4818 iterum
925 4765 1000 4823 adlit,
1028 4771 1115 4830 petens
1142 4769 1171 4813 ut
1194 4765 1241 4828 ipsi
1267 4767 1392 4816 mitterett

54 4848 138 4911 „tm
161 4844 196 4896 et
223 4839 303 4916 quot
326 4835 445 4918 eclipses
468 4841 516 4903 vel
539 4841 688 4906 invenerit
710 4841 740 4904 iu
764 4840 917 4904 veteribus
945 4838 994 4900 vel
1024 4837 1253 4920 coruputavesit.
1294 4836 1391 4905 cata-
