3566 5536
295 283 374 352 -072
677 319 684 328 ·
785 289 825 343 De
843 289 924 344 Stella
940 289 1013 346 liora
1029 291 1180 359 Senem

307 475 443 549 pugnent
463 466 610 530 mathesis
632 475 664 532 et
684 470 833 534 naturalis
855 470 992 548 scientia,
1015 491 1070 536 nec
1093 471 1303 535 contradicant
1325 468 1492 532 smotiores
1514 465 1657 548 discipli-

307 576 381 632 nae3
404 555 562 619 dnmmodo
584 577 643 619 non
666 558 706 620 ed
728 560 889 640 cujuslibet
917 561 1028 643 privati
1057 561 1214 625 arbitrium
1240 561 1491 641 detorqueantur,
1522 555 1578 620 sed
1599 575 1657 620 sno

309 663 347 708 ex
368 664 450 708 more
473 644 679 708 aestimentur.

394 733 444 797 Sit
467 733 492 798 0
515 733 581 810 Sol,
603 735 692 800 ΗΚΟ
716 735 797 800 orbis
820 737 932 821 inquo
955 739 1058 803 Tellus
1080 739 1232 816 circumit,
1263 741 1293 804 D
1316 740 1400 809 locus
1422 755 1520 800 norae
1544 733 1655 798 stellae

306 841 399 906 prope
422 823 546 888 Saturni
569 823 713 888 ambitum
735 826 784 888 vel
808 826 930 891 Saturni
952 828 1058 910 ipsius.

901 917 949 980 Ex
963 917 1130 980 Prutenicis
1147 917 1240 998 igitur
1257 917 1360 982 videre
1378 925 1435 991 est,
1459 915 1486 976 si
1501 911 1652 976 Saturnus

836 1007 983 1069 altissimo
1015 1006 1062 1070 sui
1094 1006 1175 1070 orbis
1205 1007 1289 1084 looo,
1321 1006 1370 1089 qni
1402 1005 1444 1066 eit
1470 1001 1656 1083 qunnndo

834 1095 959 1176 decuplo
982 1096 1070 1159 abest
1099 1096 1183 1177 ejus,
1213 1113 1271 1177 quo
1300 1097 1390 1159 abest
1412 1092 1467 1157 Sol
1489 1112 1510 1153 a
1532 1091 1654 1164 Terra),

832 1193 931 1247 staret
959 1183 1119 1248 immobilis
1126 1204 1137 1260 ς
1169 1185 1262 1247 Terra
1291 1205 1330 1248 ex
1357 1182 1414 1246 OD
1445 1182 1543 1254 linea,
1576 1198 1654 1260 qnae

465 1336 469 1361 ζ
831 1273 934 1336 Solem
949 1273 1081 1338 Saturno
1100 1274 1259 1350 connectit,
1285 1275 1408 1354 eJ'ueque
1431 1277 1542 1352 puncto
1558 1269 1589 1331 Κ
1611 1269 1653 1332 ad

831 1371 996 1426 extremum
1032 1363 1148 1426 orbitae
1183 1381 1256 1425 snae
1292 1365 1373 1426 latus
1406 1360 1434 1424 Ο
1464 1358 1653 1428 discedente,

828 1453 997 1536 parallaxin
1027 1451 1150 1516 Saturni
1189 1452 1253 1514 sive
1288 1451 1430 1532 angulum
1466 1446 1553 1511 ODO
1586 1447 1652 1510 iore

399 1565 403 1588 ¹
828 1541 948 1604 circiter
961 1537 1008 1605 6⁰.
1045 1541 1091 1604 At
1114 1560 1180 1604 cum
1198 1561 1237 1604 ne
1255 1543 1401 1605 decimam
1424 1538 1544 1620 quidem
1561 1536 1651 1600 nnius

827 1630 938 1711 gradm
959 1631 1057 1694 loonm
1074 1630 1159 1693 sidus
1175 1632 1338 1695 mutaverit
1360 1629 1547 1710 angulosque
1563 1623 1650 1688 000

518 982 574 1048 lig.
598 979 624 1032 4.

775 1703 780 1720 i

826 1719 1031 1871 ge'cuparerit,
1063 1720 1120 1870 hic
1143 1727 1192 1871 eltt
1213 1739 1251 1782 ne
1283 1718 1513 1870 sexapgsimffi
1530 1715 1652 1868 quiffi

826 1829 1031 2050 300ξέ0Ξὲ
1041 1824 1653 2050 siolritliljtafflatqtalm

847 2007 900 2052 ecu
935 2008 995 2049 aa
1096 2007 1192 2064 arem,
1271 2005 1437 2068 mergunt
1464 2003 1553 2066 qnam
1576 2002 1650 2046 sex-

827 2008 966 2158 centdplo
990 2075 1125 2140 Solaria:
1149 2084 1184 2138 ut
1205 2076 1251 2140 ite
1273 2076 1329 2141 00
1353 2073 1501 2139 dbtantia
1524 2071 1607 2137 Solis
1632 2091 1652 2134 a

827 2166 922 2230 Terra
954 2185 1011 2228 non
1043 2172 1153 2248 aequet
1182 2166 1432 2228 sexcentesimam
1462 2163 1557 2244 ipsius
1581 2161 1648 2226 OD.

695 2251 728 2334 ,s
828 2255 936 2337 Itaque
960 2256 986 2318 si
1010 2250 1076 2320 000
1099 2255 1263 2318 distantiae
1286 2254 1368 2318 Solis
1385 2275 1405 2316 a
1423 2254 1526 2328 Terre,
1552 2269 1650 2334 qnae-

689 2335 695 2348 ’
828 2343 903 2406 libet
925 2343 1040 2406 babens
1067 2341 1150 2408 1200
1178 2344 1418 2408 semidiametros
1441 2343 1568 2416 Terrae,
1592 2340 1650 2402 boc

826 2441 876 2494 est
897 2433 924 2495 si
948 2430 1080 2497 720000
1099 2433 1387 2497 semidiametrorum
1401 2433 1513 2494 Terrae
1538 2437 1648 2492 enen-

826 2521 936 2584 dantur
958 2522 1119 2585 a'Tellure
1147 2541 1264 2586 sursum
1286 2524 1316 2586 in
1344 2522 1514 2595 aetherem,
1549 2518 1648 2581 adhue

826 2610 878 2673 illo
901 2620 964 2674 mm
987 2618 1101 2674 remoto
1125 2612 1191 2674 loco
1213 2621 1315 2694 potest
1343 2610 1516 2689 contingere
1539 2607 1647 2689 paral·

831 2699 910 2763 laxio
946 2695 988 2764 θ’.
1039 2700 1084 2764 At
1119 2719 1185 2764 cnm
1219 2701 1383 2765 fidissimae
1420 2697 1649 2763 observationes

304 2789 385 2854 intra
407 2787 439 2854 2⁴
463 2807 565 2852 omnes
588 2787 809 2860 consenserint,
837 2808 912 2871 qnae
936 2797 1006 2853 sunt
1027 2789 1119 2853 tertia
1140 2811 1212 2874 pars
1235 2791 1272 2853 do
1296 2787 1326 2868 ii,
1350 2789 1442 2872 igitur
1464 2797 1579 2852 certum
1600 2793 1650 2850 est
1772 2834 1773 2850 ,

305 2879 466 2942 secundum
485 2877 643 2960 Oopemici
666 2877 784 2957 quidem
808 2878 997 2954 sententium,
1022 2879 1105 2943 eidus
1128 2880 1184 2942 boc
1207 2880 1296 2962 triplo
1320 2879 1358 2942 ed
1381 2877 1533 2942 minimum
1555 2876 1649 2939 inisse

306 2969 406 3044 altine,
430 2968 531 3050 itaque
554 2963 707 3032 2160000
721 2965 1007 3030 semidiametrorum
1022 2969 1132 3032 Terrae
1155 2967 1212 3030 boc
1234 2971 1313 3033 inter
1335 2978 1366 3031 et
1380 2968 1530 3031 Tellurem
1553 2966 1648 3029 inter-
1772 3033 1773 3036 ,

305 3057 407 3120 luisse.
454 3055 533 3128 Quid
556 3057 672 3132 multis,
697 3056 841 3137 fatigatur
871 3057 987 3120 animus
1009 3057 1039 3120 in
1062 3057 1119 3120 bac
1146 3057 1348 3122 immensitate
1370 3057 1471 3122 mundi
1493 3057 1647 3131 oberrans,
1772 3051 1773 3080 *

305 3145 334 3208 in
359 3165 418 3227 qua
439 3145 550 3209 nnllam
573 3145 687 3210 invenit
708 3147 890 3209 numerando
914 3145 1053 3227 requiem,
1076 3147 1190 3210 nnllam
1212 3149 1383 3223 stationem,
1408 3147 1522 3210 nullam
1544 3163 1647 3208 rever·
1772 3165 1773 3242 ζ

305 3235 388 3298 tendi
411 3242 531 3298 metam.
578 3235 683 3317 ltaque
710 3233 809 3297 missis
841 3253 1027 3298 numerorum
1059 3236 1243 3300 sectionibus
1266 3237 1387 3300 nimium
1410 3234 1585 3311 subtilibus,
1608 3235 1647 3297 ad

305 3323 399 3388 totius
422 3324 703 3406 contemplationem
725 3325 936 3404 geometricam
960 3324 1156 3407 adspiremus.
1201 3399 1207 3414 x

851 3783 971 3886 Caput
996 3782 1098 3860 XVI.

304 3965 362 4032 De
380 3965 590 4030 immensitate
606 3963 761 4048 sphaerae
775 3964 919 4047 ficorum
939 3964 975 4026 ia
1000 3963 1219 4046 hypothesibus
1239 3963 1422 4048 Oopmeet:
1445 3965 1544 4048 deoru
1565 3965 1647 4030 Nooi

782 4053 908 4118 Sideris
933 4053 1158 4135 cumdius.

391 4215 450 4278 Hic
473 4221 573 4277 certus
597 4231 678 4289 sum,
707 4232 810 4277 eorum
839 4213 889 4296 qni
910 4213 1019 4276 lecturi
1043 4221 1114 4276 sunt
1140 4213 1219 4277 alios
1248 4213 1389 4277 iriisuros
1412 4212 1560 4278 insaniam
1584 4214 1644 4278 Co-

303 4303 427 4387 pernici,
450 4303 543 4380 alios,
568 4303 618 4385 qui
641 4303 821 4366 sententiam
845 4303 909 4384 ejus
934 4303 1171 4384 complectuntur
1190 4303 1228 4366 ob
1251 4303 1453 4368 astronomica
1467 4311 1501 4366 et
1521 4303 1644 4386 physica
1771 4333 1772 4388 p

304 4394 366 4456 alia
387 4400 573 4474 argumente,
597 4392 654 4455 bac
676 4399 776 4455 tamen
799 4392 1000 4455 immensitate
1023 4393 1167 4455 offensum
1190 4392 1227 4454 iri
1251 4400 1282 4456 et
1304 4393 1441 4466 dubitare
1464 4393 1643 4476 incepturos,

304 4501 341 4544 an
366 4481 484 4546 omnino
514 4501 584 4544 vere
613 4481 767 4557 dicentur,
799 4501 874 4565 quae
898 4482 937 4544 ad
967 4482 1178 4544 stabiliendam
1210 4481 1367 4563 copemici
1397 4482 1578 4546 sententiam
1606 4499 1643 4544 ex

304 4569 373 4632 eliis
397 4570 531 4634 scientiis
554 4571 732 4646 ederuntum
756 4591 795 4633 an
817 4591 888 4634 vero
911 4571 1013 4653 aliqua
1034 4571 1149 4634 ratione
1172 4571 1299 4634 dissolvi
1320 4571 1375 4634 illa
1397 4579 1428 4634 et
1451 4571 1568 4634 ostendi
1591 4591 1643 4634 oc-

305 4659 387 4720 casio
407 4659 516 4739 possit,
539 4678 598 4742 que
619 4661 651 4723 in
673 4677 803 4723 errorem
825 4661 971 4742 pertracti
992 4661 1053 4724 sint
1068 4659 1276 4742 Copemioani.
1314 4661 1357 4724 Et
1378 4661 1495 4724 addidit
1508 4661 1642 4725 Brabeus
1770 4737 1771 4746 ἢ

306 4745 467 4823 objectioni
496 4748 593 4824 vires,
629 4749 699 4812 dum
727 4749 960 4813 concinnitatem
988 4749 1019 4812 iu
1046 4749 1268 4831 perfectissimo
1299 4769 1387 4832 opere
1417 4750 1585 4828 desiderem
1617 4749 1643 4813 si
1770 4799 1771 4806 ,

306 4831 451 4910 sphaerae
472 4833 560 4898 unius
582 4838 707 4900 lixarum
728 4845 792 4902 tam
813 4838 920 4902 meana
943 4837 984 4901 sit
1004 4839 1142 4914 vastitas,
1165 4839 1320 4902 mobilium
1343 4859 1415 4904 vero
1430 4839 1560 4904 omnium
1581 4847 1642 4902 tam
