3674 5538
653 303 684 352 de
699 301 772 362 robur
790 299 891 366 Optlols.

552 475 666 540 Nobilis
696 483 727 537 et
751 474 911 555 Magnifice
940 476 1006 538 Vir.

632 565 746 627 Tanton
776 563 921 644 g'ratiose.

201 654 306 715 literas
327 653 443 732 Magn.
473 653 552 714 Tuae
575 671 638 714 cunr
668 654 795 731 adjectis
819 650 1094 728 succensente
1120 653 1232 732 accepi.
1280 653 1454 720 Gratiarum

138 743 247 804 unionem
277 741 565 802 commemoratione
599 750 629 802 et
661 741 898 804 dinumeratione
928 742 1154 814 beneficiorum,
1188 759 1263 820 quae
1297 763 1357 805 una
1389 748 1455 807 vice

138 831 218 908 accepi,
238 833 264 892 in
286 847 439 908 praesens
466 829 639 909 transigam.
677 831 755 892 Nara
780 839 812 892 et
834 830 1029 892 oscitantiam
1053 837 1084 890 et
1108 829 1332 893 festinationem
1355 851 1454 896 meam

134 920 232 997 ineptam
253 919 343 980 libelli
367 918 520 998 supplicis
543 919 694 981 curatione
718 919 896 982 correxisti:
921 926 953 980 et
967 917 1275 981 commendationibus
1294 921 1353 982 tuis
1376 921 1453 984 libe-

134 1007 277 1068 ralissimum
300 1006 375 1070 mihi
400 1007 594 1068 honorariam
618 1027 636 1069 a
659 1007 859 1070 Serenissimo
884 1009 997 1069 Vestro
1021 1005 1205 1086 impetrasti,
1238 1017 1328 1089 atque
1352 1008 1397 1085 id,
1421 1017 1455 1072 ut

132 1095 299 1172 erpcctmioni
322 1114 412 1158 meae
438 1097 643 1170 satisfaceres,
668 1097 706 1157 de
724 1096 843 1176 proprio
862 1095 1109 1176 repraesentasti.
1148 1093 1269 1166 Quanta
1289 1105 1342 1158 tua
1359 1098 1457 1178 major

131 1185 168 1243 frit
187 1185 211 1244 iu
234 1184 335 1246 ultimo
363 1184 550 1259 hnmanitas,
575 1187 604 1246 in
627 1185 724 1246 medio
748 1185 942 1264 promtitndc,
968 1192 1053 1246 tanto
1077 1183 1149 1246 mihi
1174 1185 1284 1247 saisias
1305 1187 1454 1265 exprobro

131 1272 175 1349 ipsc
194 1289 280 1334 meam
303 1271 332 1333 in
358 1274 496 1352 petendo
520 1273 787 1356 importunitatem.
825 1271 1049 1335 Immodestiam
1069 1272 1148 1335 enim
1167 1273 1356 1349 condicam,
1382 1275 1454 1336 mihi
1511 1312 1516 1328 ·

130 1361 170 1438 ipsi
188 1359 398 1438 indulgentior,
433 1379 470 1422 eo
501 1363 579 1441 qnod
608 1381 682 1442 quae
713 1363 843 1424 omnium
875 1380 960 1424 meae
994 1360 1108 1423 farinae
1140 1361 1289 1424 hominum
1319 1363 1456 1444 exemplo

130 1451 233 1510 lectuna
264 1450 397 1523 fueram,
433 1449 583 1512 invidiosa
612 1450 767 1513 civilitatis
796 1451 988 1513 affectatione
1019 1448 1196 1531 petitionem
1227 1451 1332 1513 velans
1365 1451 1455 1514 oflicii

127 1545 296 1613 praetextum,
321 1539 433 1600 eedem
466 1539 605 1600 candoris
637 1539 808 1601 existimari
831 1539 961 1618 ingenua
992 1537 1181 1600 confessione
1205 1540 1346 1619 detegere
1370 1549 1403 1602 ct
1424 1541 1455 1602 in

126 1635 205 1701 aperto
233 1625 396 1688 collocare.
446 1626 535 1697 Quod
568 1634 667 1690 autern
692 1629 745 1689 ad¹
763 1627 908 1709 priunum,
942 1646 1001 1688 non
1033 1645 1156 1707 possum
1189 1627 1245 1689 tibi
1272 1646 1329 1689 non
1363 1627 1454 1691 fateri

125 1711 229 1775 dolorem
260 1733 383 1789 meam;
420 1715 469 1794 qni
502 1715 620 1778 rideam
652 1719 708 1778 hnc
741 1717 895 1795 accepisse
927 1735 1023 1779 ineam
1057 1715 1286 1795 negligentiam,
1321 1725 1353 1778 nt
1375 1716 1456 1786 infra

124 1802 253 1879 dignitatis
271 1811 345 1864 tuae
370 1803 486 1866 limites
506 1805 545 1866 ad
564 1805 619 1865 hoo
638 1823 732 1884 genos
752 1805 842 1867 officii
862 1813 894 1867 et
912 1802 1108 1866 humanitatis
1133 1803 1332 1867 descenderis.
1366 1801 1455 1876 Quod

122 1889 141 1948 si
159 1890 271 1952 futuram
296 1886 526 1971 praescissem:
552 1893 639 1954 velim
658 1893 730 1954 mihi
754 1901 786 1953 ut
809 1893 885 1954 bono
901 1893 965 1956 viro
989 1890 1106 1967 credas,
1130 1911 1189 1954 non
1212 1891 1290 1955 tanti
1314 1893 1454 1958 iecissem

122 1979 161 2038 illa
177 1979 209 2040 D.
231 1979 394 2060 Vihepeclr
424 1981 584 2042 occasione
612 1983 675 2043 uti:
701 1981 769 2061 quin
793 1983 893 2060 potins
917 1982 1008 2044 libros
1031 1981 1091 2060 jam
1115 1982 1341 2044 commendatos
1364 2001 1454 2062 repe·

122 2065 213 2128 lissam
231 2077 260 2130 et
279 2070 345 2131 alia
364 2069 526 2132 occasione
546 2089 691 2132 unacum
710 2071 929 2150 supplicatione
948 2069 1107 2132 misissem.
1146 2069 1208 2132 Sed
1228 2071 1306 2150 qnod
1324 2069 1474 2132 mirabili'

122 2167 159 2215 lon
175 2157 313 2218 facilitate
344 2167 485 2220 curatum
512 2167 561 2219 est
584 2160 690 2220 volnus
709 2177 784 2238 pene
804 2158 976 2239 prinsquam
991 2156 1196 2236 infligeretur,
1221 2159 1290 2220 nolo
1311 2159 1453 2222 refricare

121 2263 173 2304 sera
191 2253 219 2304 et
238 2245 337 2308 inutili
364 2247 562 2325 poenitentia.

187 2334 276 2397 Unum
301 2354 371 2404 oro,
395 2336 539 2398 schedam
559 2355 587 2397 n.
604 2335 686 2396 illam
709 2355 804 2398 meam
825 2334 866 2409 (si
890 2335 1009 2414 quidem
1036 2353 1072 2395 ea
1096 2334 1219 2396 fortuito
1242 2353 1335 2414 penes
1354 2336 1398 2396 M.
1416 2335 1454 2398 V.

119 2421 251 2484 etiannum
275 2423 427 2498 oberret),
454 2425 579 2503 utquid
603 2426 640 2486 ad
665 2423 775 2486 Senum
800 2423 970 2504 scripserim
993 2423 1136 2485 memoria
1158 2423 1314 2486 retineam.

185 2510 397 2585 Deerereram,
420 2513 445 2573 si
462 2513 604 2575 schedam
625 2512 695 2573 mihi
717 2513 758 2574 Μ.
779 2514 813 2576 T.
833 2531 887 2574 sno
903 2511 1080 2590 interposito
1097 2511 1209 2591 judicio
1228 2509 1455 2574 describendam

119 2601 279 2676 remisisset,
314 2619 441 2662 monere
473 2601 721 2675 Serenissimum‚
756 2622 793 2662 an
817 2602 937 2680 placeat
962 2601 990 2660 ln
1015 2599 1182 2680 hujusmodi
1206 2601 1343 2673 theatro,
1367 2601 1455 2682 quale

118 2683 176 2765 lap.
197 2689 234 2752 ll.
257 2689 420 2769 proposui,
445 2689 574 2753 futuram
599 2689 723 2770 eclipsin
748 2691 825 2752 citra
844 2690 985 2751 damnum
1009 2689 1159 2761 oculorum
1184 2689 1303 2752 intueri.
1338 2690 1456 2752 Poterit

118 2775 193 2838 idll.
212 2779 244 2840 T.
269 2787 363 2840 tanto
387 2780 558 2856 expeditius
578 2779 756 2852 deliberare,
770 2779 892 2858 'qnanto
913 2777 1116 2858 exploratiora
1139 2777 1233 2839 habet
1255 2775 1288 2838 S.
1305 2777 1454 2858 Principis

116 2864 248 2927 studiant
270 2867 438 2928 desideria.

184 2953 226 3016 De
250 2955 363 3035 eclipsi
379 2955 416 3016 B.
432 2955 555 3016 Martini
576 2958 662 3036 plura
682 2954 813 3016 scribere
832 2973 889 3016 uon
908 2973 1042 3034 possum,
1067 2972 1158 3034 quam
1177 2953 1205 3014 in
1226 2971 1315 3034 opere
1334 2953 1452 3034 scripsi.

116 3037 200 3120 Neque
225 3044 304 3106 enim
340 3045 459 3106 calculo
493 3043 573 3106 illam
606 3043 754 3124 quaesivi,
789 3061 884 3124 neque
917 3062 993 3123 qrrae
1021 3043 1058 3104 de
1091 3041 1296 3122 magnitudine
1329 3043 1452 3105 duarum

116 3133 280 3208 sequentinm
304 3133 418 3211 scripsi
442 3133 472 3194 in
496 3131 572 3193 hanc
595 3133 825 3212 praecedentem
850 3139 920 3194 surrt
942 3131 1099 3194 trahenda.
1138 3132 1208 3193 Fuit
1231 3131 1345 3194 additio
1370 3149 1453 3194 mar-

116 3217 212 3294 ginalis,
236 3219 343 3302 itaque
369 3229 530 3282 contextus
554 3239 611 3282 non
637 3230 686 3283 est
712 3222 801 3301 plane
832 3221 1025 3283 clarissimus.
1074 3220 1179 3282 Verba
1200 3220 1454 3300 Liechtembergii

116 3317 195 3368 summ
215 3317 288 3372 snat
312 3329 353 3370 ex
369 3307 551 3370 Germanico
573 3311 716 3390 opusculo
737 3309 766 3370 in
791 3317 907 3389 quarto,
933 3309 996 3370 sine
1015 3309 1081 3386 loci,
1106 3309 1286 3390 typographi
1306 3321 1360 3372 ant
1384 3311 1453 3372 anni

118 3393 306 3472 impressionis
330 3394 494 3459 mentioni.
541 3397 599 3460 Est
622 3407 720 3460 autern
746 3398 905 3460 fasciculas
929 3397 1167 3477 prophetiarum,
1191 3397 1242 3460 nbi
1266 3396 1375 3477 Capite
1399 3394 1452 3460 23.

116 3483 150 3542 sic
169 3486 261 3566 inquit
285 3487 325 3547 de
351 3486 456 3566 eclipsi
477 3487 547 3549 anni
569 3483 662 3562 1485,
687 3487 765 3568 qood
785 3487 842 3566 ipsi
866 3485 1013 3548 scribendi
1038 3487 1205 3566 subjectum
1229 3485 1303 3548 fuit:
1329 3481 1390 3549 den
1409 3486 1454 3548 aie

117 3569 147 3631 ist
164 3575 214 3634 mit
236 3575 470 3652 grausamlrbeit
493 3575 551 3636 und
575 3576 798 3656 greissliohheit
820 3575 889 3636 neit
911 3574 1072 3653 tiberlegen
1097 3576 1150 3636 der
1174 3575 1362 3650 fdnsternus,
1396 3593 1453 3636 ron

118 3661 224 3724 colcher
247 3663 355 3726 Vnser
379 3663 512 3725 Vorfarn
536 3683 645 3742 sagea,
679 3664 726 3726 die
751 3683 802 3726 zur
826 3663 894 3725 Zeit
917 3663 970 3724 des
1002 3661 1131 3742 heiligen
1155 3661 1305 3725 Bischolis
1328 3663 1454 3726 Martini

118 3749 149 3807 ist
167 3760 287 3828 gerest.
326 3753 394 3814 Nec
416 3753 512 3830 plora.
551 3751 685 3832 Objicies
703 3752 772 3813 mihi
793 3761 824 3814 et
842 3753 910 3831 jore
931 3751 1060 3831 quodam
1082 3751 1296 3814 obscuritatem
1313 3750 1453 3815 auctoris.

117 3839 150 3896 rt
168 3838 194 3898 io
217 3859 285 3901 meo
311 3840 447 3902 themate
470 3841 545 3902 haec
568 3841 639 3902 mihi
658 3859 716 3900 nou
741 3841 865 3902 multum
889 3848 986 3912 nocet,
1010 3857 1075 3901 oum
1095 3841 1186 3902 etiam
1209 3839 1338 3902 rusticus
1361 3839 1453 3901 testi-

117 3929 224 3988 moninm
246 3927 351 4008 possit
373 3927 529 4006 praebere.
577 3927 741 3990 Praeterea
764 3929 801 3990 ad
826 3929 957 4008 majores
980 3937 1136 4008 provocat.

187 4013 276 4084 Quod
302 4016 451 4078 calculum
475 4019 585 4078 attinet
609 4017 777 4096 eclipsium,
811 4035 867 4096 qno
891 4016 987 4078 minus
1011 4016 1041 4077 in
1065 4035 1210 4096 praesens
1238 4033 1334 4077 meam
1359 4013 1454 4093 ipsius

117 4119 219 4177 operam
242 4101 288 4166 Μ.
314 4105 351 4165 T.
376 4105 456 4165 ultro
484 4106 619 4180 offeram,
654 4124 739 4166 nemo
763 4124 811 4166 nre
839 4105 958 4185 teipso
990 4101 1150 4166 excusabit
1180 4103 1309 4178 rectius,
1344 4101 1454 4184 quide

117 4187 199 4252 Marte
220 4201 286 4253 tam
311 4191 475 4276 diligenter
494 4213 530 4254 ex
549 4210 595 4254 me
615 4194 743 4274 quaeris.
778 4192 948 4268 studiosus,
974 4211 1030 4274 quo
1049 4211 1117 4254 sum
1133 4211 1214 4264 usus,
1238 4209 1284 4252 me
1304 4192 1452 4253 deseruit:

117 4285 139 4335 et
157 4298 221 4340 rere
246 4277 369 4362 quidem
390 4279 487 4342 instar
510 4301 615 4342 manns
639 4283 741 4356 habet,
767 4301 844 4361 qaae
861 4282 958 4361 quoad
981 4281 1098 4360 corpori
1117 4280 1264 4342 adhaeret
1281 4287 1330 4342 est
1351 4279 1452 4341 utilis-

119 4363 188 4438 sima,
209 4375 334 4430 resecta
366 4369 502 4430 moritur.
547 4369 599 4430 Sic
624 4369 660 4430 de
684 4370 749 4449 ipso
774 4369 814 4430 nil
848 4387 967 4448 possem
999 4368 1148 4447 polliceri,
1181 4366 1240 4429 nisi
1263 4385 1378 4430 mecum
1402 4367 1454 4428 sit.

119 4451 244 4534 Propomi
265 4455 323 4535 ipsi
348 4457 496 4534 legendas
511 4451 610 4520 M.'T.
625 4459 746 4519 literas.
784 4457 909 4519 Prornta
925 4457 1043 4518 videtur
1060 4474 1127 4517 esse
1144 4455 1318 4518 voluntate:
1343 4462 1454 4528 metuo,

118 4552 142 4598 u
159 4561 208 4604 sao
231 4561 316 4605 more
341 4545 519 4606 muceranus
541 4545 582 4606 hl.
598 4545 681 4607 'lirae
703 4545 811 4608 fiducia
834 4545 953 4606 sesain
977 4543 1036 4606 iter
1058 4543 1210 4624 conjiciat.
1247 4540 1317 4604 Jam
1340 4541 1456 4623 pridem

118 4629 180 4692 enim
201 4631 338 4694 abiturit.
1132 4683 1137 4690 .

190 4717 421 4781 Commentariun
444 4717 482 4779 de
504 4719 631 4782 motibus
655 4728 681 4790 ό
704 4725 735 4782 et
757 4719 817 4782 unci
839 4719 962 4782 tabulas
984 4714 1177 4796 computandi
1201 4716 1278 4779 hunc
1300 4716 1455 4797 planetam

120 4803 264 4869 facillimas
287 4806 342 4870 sed
370 4805 525 4886 prolixae,
546 4807 704 4871 Natalitiis
728 4807 840 4870 tradidi
863 4804 1006 4878 Caesari,
1030 4803 1085 4864 sed
1107 4821 1166 4864 non
1190 4805 1280 4884 plane
1303 4805 1456 4884 descripta

1191 4903 1234 4958 μ
