3476 5532
382 311 449 380 814
790 318 821 370 In
837 319 923 370 librum
941 317 972 370 de
990 317 1069 370 Stella
1085 333 1150 371 nova
1167 319 1318 386 Serpentarii

380 509 487 551 sursum
507 495 620 553 alinea
639 496 805 553 lmisontsli
824 505 1012 570 spectaturam
1032 499 1182 574 lingulam
1208 499 1250 554 sin
1270 502 1307 556 ad
1325 505 1451 568 montes,
1474 504 1600 558 deorsum
1630 504 1675 559 lli

1045 582 1140 636 ΘΗΜ
1159 581 1197 636 sit
1215 581 1317 646 Terra,
1342 583 1394 638 BD
1415 581 1545 648 horim,
1570 585 1630 639 ctis
1644 588 1675 640 ui

1044 661 1143 726 mundi,
1164 661 1189 716 E
1201 661 1282 732 polus
1301 663 1330 718 in
1343 663 1432 728 coelo.
1454 663 1487 718 ll
1499 665 1575 734 polus
1587 665 1611 718 in
1621 667 1675 720 Ten

1042 743 1090 798 ΓΘ
1110 742 1226 796 circulus
1247 744 1429 816 magneticus.
1472 745 1549 814 Ergo
1567 743 1588 798 si
1604 761 1675 818 magns

825 801 938 904 Λ
1012 853 1015 864 =
1042 823 1117 878 mci
1130 825 1164 877 m
1178 823 1273 893 porum
1286 824 1363 888 mli,
1381 823 1497 896 ungor·
1509 825 1595 880 scm
1604 827 1675 880 usu

938 903 973 1000 Χιικ
1042 904 1123 959 situm
1142 905 1205 968 ΔΚ,
1226 919 1321 960 versus
1338 905 1381 968 s;
1403 905 1450 959 sin
1471 911 1564 959 antem
1578 907 1675 960 tendis

977 1017 999 1106 ι
1042 986 1139 1122 ιιι
1154 985 1675 1122 Ἣ

1017 1181 1019 1186 -
1042 1162 1113 1200 anno
1143 1139 1228 1200 1562.
1251 1145 1379 1200 Coloniae
1407 1147 1538 1200 libellum
1563 1147 1593 1200 de
1614 1147 1675 1201 mnis

1042 1225 1188 1297 magnatis,
1209 1225 1238 1279 in
1251 1242 1305 1296 qno
1324 1226 1481 1290 existimat,
1503 1229 1588 1282 inesse
1602 1228 1675 1298 innsg

1042 1313 1106 1360 nete
1127 1323 1181 1360 non
1201 1311 1307 1361 tentum
1326 1305 1396 1376 poli,
1423 1309 1477 1362 sed
1504 1308 1612 1362 omnium
1629 1309 1675 1362 etc

1042 1387 1113 1441 coeli
1125 1387 1245 1457 partium
1263 1403 1379 1452 sensum,
1397 1395 1433 1443 ut
1444 1389 1471 1443 si
1488 1388 1586 1460 globus
1603 1397 1675 1442 usco

1041 1468 1098 1531 tat,
1120 1473 1150 1521 et
1168 1468 1221 1520 dno
1240 1474 1351 1537 puncta,
1373 1483 1448 1540 qnae
1468 1469 1548 1539 polos
1566 1469 1675 1538 respic'm

1045 1553 1224 1619 quaerantur,
1245 1563 1336 1618 exque
1354 1547 1388 1602 iis
1412 1550 1521 1622 globus
1545 1551 1675 1620 snsperdstr

382 1623 530 1676 secundum
552 1620 727 1678 altitudinem
753 1627 810 1697 poli
831 1629 912 1700 hrrjus
933 1628 996 1692 loci,
1018 1628 1076 1683 lore
1096 1634 1129 1683 ut
1148 1628 1248 1700 globus
1269 1644 1324 1683 una
1348 1645 1409 1682 cum
1429 1629 1512 1684 coelo
1536 1629 1620 1684 diurno
1634 1640 1675 1682 ιιιιι

329 1773 334 1786 ¹
378 1707 556 1755 convertatur
588 1709 672 1772 atque
693 1703 732 1757 sic
761 1714 850 1762 motus
877 1715 1026 1780 perpetuus
1055 1708 1198 1764 efficiatur.
1241 1708 1295 1763 Sed
1323 1709 1393 1763 haec
1423 1710 1557 1764 existimo
1583 1710 1625 1763 dici
1645 1709 1675 1761 ire

376 1781 580 1850 experimento.
629 1783 702 1838 ldem
732 1787 787 1842 alio
816 1791 894 1844 modo
923 1807 961 1844 ex
989 1789 1119 1844 continua
1147 1787 1212 1843 ferri
1240 1789 1405 1844 attractione
1434 1795 1541 1846 motum
1569 1790 1675 1844 oontinm

375 1861 471 1916 confici
504 1861 655 1918 existimat.
696 1863 733 1921 Ut
756 1868 779 1922 si
806 1869 922 1924 circulus
952 1877 1101 1942 mgentem
1132 1869 1170 1925 sit
1196 1876 1306 1924 erectus
1335 1885 1419 1940 super
1440 1871 1473 1926 Μ
1497 1877 1587 1926 centro
1604 1877 1627 1923 et
1641 1885 1675 1928 ιιι

701 1948 808 2004 habens
828 1952 1008 2022 undequaque
1028 1951 1175 2005 claviculos
1196 1950 1314 2014 ferreos,
1336 1966 1362 2014 a,
1384 1952 1411 2016 b,
1433 1970 1461 2016 c,
1484 1953 1500 2006 d
1520 1950 1566 2006 so.
1599 1950 1675 2021 lingue

700 2045 766 2084 vero
785 2031 838 2086 LK
858 2031 971 2086 mahen·
992 2031 1019 2085 in
1038 2031 1075 2087 K.
1114 2031 1195 2085 Hunc
1214 2031 1343 2086 cuculum
1370 2031 1519 2088 existimat
1542 2039 1675 2088 muru

701 2111 807 2165 clamem
827 2127 849 2183 g
868 2112 1000 2176 terreum,
1028 2113 1113 2166 donec
1138 2110 1188 2166 ilat
1213 2111 1266 2181 ipsi
1285 2111 1313 2167 Κ
1336 2113 1499 2181 proximan
1526 2119 1587 2183 post
1601 2127 1620 2182 g
1634 2118 1673 2163 nu

700 2198 792 2247 turum
806 2192 833 2257 h,
854 2192 949 2246 deinde
969 2192 979 2245 i
999 2198 1029 2246 et
1042 2192 1081 2246 sio
1100 2197 1305 2263 consequenter.
1332 2193 1434 2248 Verum
1454 2210 1512 2248 non
1531 2187 1671 2248 amaret

703 2273 792 2336 homo,
814 2274 908 2328 eodem
924 2272 989 2342 jare
1011 2277 1162 2327 traotmm
1182 2287 1207 2336 a,
1229 2273 1262 2337 b,
1283 2290 1310 2338 o,
1332 2273 1348 2326 d
1368 2279 1535 2339 retrorsum,
1556 2273 1602 2326 imo
1619 2278 1671 2324 retr

704 2361 794 2408 turum
814 2353 841 2408 id
861 2359 999 2424 punctum,
1020 2354 1091 2424 quod
1111 2351 1235 2424 qnalibet
1254 2369 1335 2408 manu
1355 2353 1407 2423 ipsi
1427 2353 1553 2424 proxime
1572 2349 1668 2406 ineritsl

703 2435 866 2500 volutarum,
888 2433 1038 2504 cujusmodi
1053 2439 1097 2488 cst
1112 2433 1208 2502 jone.
1230 2439 1259 2488 et
1272 2433 1311 2488 sio
1331 2433 1496 2490 immobilem
1515 2445 1668 2505 permulti

703 2515 839 2572 circulum.
863 2521 897 2554 -'
937 2516 998 2569 Hac
1017 2514 1154 2569 mentione
1182 2513 1320 2586 magnetis
1347 2513 1424 2570 iacta
1449 2509 1555 2570 ¹ssddere
1573 2511 1666 2573 roton

578 2613 582 2622 ¹
702 2595 870 2650 occasionem
897 2596 1041 2659 haberem,
1068 2613 1106 2650 ex
1126 2595 1164 2650 Te
1188 2594 1251 2649 Viro
1275 2595 1375 2650 artium
1401 2602 1528 2652 amatore
1547 2601 1575 2648 et
1594 2595 1666 2660 expers

698 2676 855 2748 quaerendi,
876 2692 912 2731 an
933 2681 1036 2730 certum
1056 2675 1120 2746 quid
1140 2673 1229 2729 ubivis
1251 2680 1386 2730 terraram
1407 2677 1439 2730 de
1466 2676 1521 2730 hac
1546 2680 1621 2730 motus
1633 2683 1667 2739 pt*

372 2758 452 2831 petui
473 2759 656 2814 adornatione
676 2756 842 2816 inaudiveris
863 2763 941 2812 etan
962 2755 1081 2810 ismarae
1102 2756 1160 2810 tale
1174 2757 1245 2827 quod
1265 2744 1424 2810 miraculum
1444 2755 1594 2827 reperiatur
1609 2749 1667 2805 inille

375 2839 592 2896 celebratissima
620 2839 751 2910 principis
776 2837 903 2904 Bavarici
933 2835 1106 2907 supellectile
1135 2851 1225 2892 rernm
1255 2836 1478 2902 artificiosamm,
1510 2839 1543 2890 de
1568 2827 1666 2917 quani?

375 2919 515 2976 Monaahii
540 2919 642 2976 dictum
662 2928 693 2976 et
713 2919 756 2973 cui
780 2917 909 2974 visendae
934 2918 997 2972 hinc
1024 2917 1120 2972 Grstio
1141 2931 1160 2971 a
1182 2919 1217 2974 1).
1237 2917 1273 2974 D.
1295 2917 1447 2988 crepuere,
1476 2917 1560 2975 vetiti
1577 2911 1664 2978 Pfiffil'i

252 3018 255 3026 ·
374 3000 481 3071 legato,
503 3003 738 3057 commendatitias
753 3001 800 3054 sed
815 2995 928 3054 flustra*
939 2999 1095 3055 attuleram
1110 3025 1149 3036 —-
1168 2998 1231 3069 Ego
1245 2997 1289 3051 hic
1302 3004 1367 3052 ante
1389 2998 1535 3056 menmium
1548 3014 1580 3052 ex
1592 2996 1663 3049 obruo

374 3095 482 3134 nemore
504 3081 592 3136 simile
613 3083 676 3152 qaid
698 3078 848 3152 (magnetis
869 3080 954 3134 motui
971 3071 1120 3150 perpetuo)
1141 3079 1174 3132 de
1195 3078 1259 3150 igne
1279 3084 1414 3149 perpetuo
1435 3083 1580 3136 subterra
1595 3080 1661 3142 repert

297 3203 305 3226 ,
374 3160 474 3224 audiri,
498 3161 621 3232 quamvis
639 3160 665 3217 id
679 3163 833 3219 fabulosum
852 3160 985 3216 videatur.
1011 3159 1100 3230 Αῑιιιιι
1113 3157 1141 3213 ἰιι
1155 3159 1319 3214 monasterio
1332 3159 1444 3216 Sissecls
1465 3161 1585 3218 effossam
1601 3161 1660 3208 tem!

375 3245 405 3294 et
424 3246 564 3309 repertum
585 3243 719 3298 tumulum
740 3258 799 3297 cum
819 3241 994 3312 inscriptione
1014 3240 1105 3296 nescio
1131 3239 1209 3309 cujus
1229 3241 1263 3292 de
1283 3239 1389 3296 familia
1407 3241 1476 3296 Julii
1498 3228 1661 3296 emendent

375 3319 479 3374 tumulo
499 3320 599 3376 nitrum
614 3327 644 3376 et
657 3323 684 3376 in
699 3341 731 3377 eo
745 3323 864 3377 luculum
878 3322 1018 3393 exiguam,
1039 3336 1109 3392 quae
1123 3320 1262 3376 confiactc
1276 3320 1347 3375 vitro
1361 3321 1455 3376 statim
1469 3320 1549 3376 doerit
1561 3315 1658 3372 emine

374 3398 429 3454 Sed
448 3415 505 3455 rem
525 3400 613 3470 ipsam
635 3405 706 3474 quod
731 3403 847 3466 attinet,
876 3402 970 3457 videor
996 3400 1140 3473 exquisitis
1169 3399 1322 3456 rationibus
1352 3402 1472 3472 probare
1496 3415 1586 3472 posse,
1609 3403 1659 3476 set!

374 3484 475 3534 motum
495 3481 581 3536 ullum
601 3489 764 3552 perpetuum
785 3479 907 3553 (excipio
927 3481 1086 3556 magnetica
1105 3479 1260 3552 hujusmodi
1283 3481 1478 3546 monumenta,
1498 3487 1529 3536 nt
1547 3485 1573 3534 st
1588 3473 1659 3560 alit¹¹

372 3559 470 3631 quibus
491 3562 543 3615 dno
557 3561 699 3633 principia,
722 3577 803 3617 unum
823 3562 971 3634 grevitstis
990 3568 1021 3616 et
1034 3561 1154 3616 levitatis
1176 3563 1294 3616 alterum
1313 3563 1524 3635 conjunguntur,
1544 3558 1602 3614 ntsi
1617 3550 1659 3621 pit

373 3640 498 3696 chenese
518 3657 603 3696 esrae
624 3661 675 3713 per
695 3660 725 3698 se
745 3658 855 3716 pares,
877 3659 914 3697 ex
935 3644 1027 3698 alters
1046 3649 1127 3713 parte
1147 3643 1175 3696 in
1195 3657 1294 3712 aquam
1315 3643 1472 3714 ingressae,
1498 3645 1562 3698 liant
1578 3635 1660 3692 letest

372 3722 538 3777 attollantur
558 3717 630 3792 deo).
652 3741 740 3796 neque
760 3724 845 3779 etiam
865 3725 1061 3795 quadraturam
1085 3721 1191 3788 oirorrli.
1212 3724 1281 3778 dues
1306 3739 1403 3794 nempe
1424 3740 1518 3780 eruces
1537 3715 1657 3792 ingenious

370 3801 427 3856 luco
447 3817 525 3867 aero,
546 3803 661 3874 reperiri
681 3822 699 3860 s
719 3819 854 3876 quoquam
874 3820 963 3875 posse,
985 3821 1035 3858 nec
1055 3817 1074 3857 a
1093 3809 1194 3857 natura
1212 3803 1281 3859 dari.

457 3881 512 3938 Sed
532 3902 596 3938 soce
616 3884 725 3942 nimium
745 3892 891 3958 provectus
912 3901 971 3939 sum
991 3890 1021 3938 et
1039 3883 1103 3953 plns
1124 3883 1195 3940 forte
1215 3881 1328 3956 garrivi,
1350 3897 1431 3955 quarn
1451 3885 1502 3940 tibi
1521 3896 1566 3954 per
1581 3881 1655 3938 occup*

369 3959 459 4016 tiones
480 3969 544 4018 tues
566 3965 663 4035 legere
683 3967 804 4037 expedit.
846 3968 941 4037 ltaque
961 3963 1055 4020 desino
1075 3969 1105 4018 et
1124 3980 1167 4019 mo
1187 3965 1282 4038 Magn,
1303 3963 1377 4020 Tuae
1402 3961 1518 4020 demisse
1541 3949 1656 4016 „omisit

459 4043 538 4102 Vale.
579 4045 669 4100 Gratti
690 4047 747 4118 ΥΠ.
768 4048 826 4106 col.
846 4051 914 4118 Apr.
937 4040 1020 4104 1598.

854 4127 969 4202 Magnit
991 4121 1226 4182 tollentium

940 4203 1131 4264 Deditissimus

1286 4285 1327 4340 M
1348 4283 1459 4342 Iolaus
1477 4285 1576 4360 Kaphr-

1241 4366 1351 4437 Styrise
1371 4365 1517 4424 Procerum
1533 4357 1604 4419 niu.

453 4487 595 4542 Hernartus
619 4495 645 4544 in
672 4497 829 4559 responsione
855 4509 901 4548 snt
928 4493 962 4559 (d.
984 4493 1024 4547 id.
1043 4495 1099 4548 Oct.
1124 4495 1197 4548 tots.
1228 4498 1312 4561 (temp.
1332 4495 1387 4548 Vol.
1406 4497 1428 4554 l,
1446 4513 1470 4562 p.
1491 4491 1534 4557 di)
1556 4483 1650 4557 ΜΨ

364 4583 414 4621 non
432 4569 498 4630 ultre
514 4575 604 4638 tangit,
624 4577 732 4639 quamvis
755 4581 842 4640 postes
861 4573 915 4640 (to.
935 4575 995 4641 Met.
1016 4573 1070 4635 91.)
1094 4577 1133 4628 his
1154 4580 1240 4643 paneis
1259 4578 1292 4628 ed
1310 4577 1378 4627 illum
1395 4577 1476 4629 redit:
1495 4572 1536 4626 De
1548 4577 1589 4620 ³⁸¹¹
1601 4563 1650 4610 w

367 4643 435 4698 uma
463 4653 592 4717 magnete
622 4647 695 4703 illita
724 4650 846 4706 scribunt
875 4667 984 4715 omnes,
1015 4658 1098 4706 extra
1125 4653 1303 4708 meridianum
1329 4667 1381 4722 per
1408 4651 1525 4707 insulam
1541 4649 1568 4700 it
1583 4640 1649 4722 W

366 4717 497 4788 (Azorum
523 4722 616 4793 unum)
645 4727 745 4799 ubique
770 4745 831 4784 eam
857 4731 999 4796 inclinare,
1028 4739 1141 4800 practer
1165 4732 1272 4786 unicum
1294 4732 1410 4788 Pilotam
1431 4733 1520 4787 Pedro
1537 4714 1648 4809 1111ιώ1·

368 4800 438 4862 „Del
458 4808 526 4859 Arte
547 4807 687 4879 Navigsr‘*
711 4807 758 4864 isc.
779 4809 826 4865 lib.
847 4811 892 4866 Vl.
931 4812 1037 4866 Deinde
1062 4811 1086 4868 d.
1112 4807 1156 4867 lt.
1177 4813 1244 4868 Deo.
1269 4807 1358 4876 1599,
1379 4812 1496 4884 Kopleri
1521 4811 1578 4865 torte
1595 4803 1648 4860 mqn·

367 4877 479 4938 sitiones
499 4891 627 4959 spectans
649 4886 690 4942 illi
715 4889 866 4947 meusmisit
893 4892 954 4956 „ein
978 4892 1142 4947 Instruction
1162 4894 1196 4947 de
1221 4892 1369 4964 Magnete,
1398 4909 1428 4948 so
1449 4898 1507 4948 eret
1525 4866 1646 4944 111111]ιω
