3684 5518
747 263 829 329 eaput
845 264 891 316 Ν.
912 262 953 316 to.
1463 257 1529 326 219

190 434 355 513 supcriciem
380 437 498 500 Terrae
526 438 737 514 incumbimus,
772 441 847 503 adeo
871 448 904 502 ut
927 441 1017 520 plana
1040 439 1128 502 nobie
1152 447 1310 519 appareat.
1356 438 1447 500 Addo
1472 457 1528 518 ego

189 524 222 584 ad
242 521 411 588 Cleomedie
436 526 654 600 refutationem,
678 531 756 611 quod
779 529 805 592 si
828 549 887 610 qua
909 549 947 592 ex
970 537 1070 593 monte
1095 527 1195 610 aliquo
1219 528 1418 608 despicimus,
1443 527 1474 590 id
1497 528 1531 590 lit

191 613 260 674 119919
287 613 369 676 inira
401 615 611 680 libramentum
644 637 740 698 aquae
772 619 1032 682 descendentibus.
1084 615 1130 679 At
1160 617 1186 678 si
1214 618 1271 680 boc
1301 617 1529 698 phaenomenon

188 700 231 772 (de
249 720 303 782 quo
329 703 417 782 jam)
441 704 527 767 nobie
551 706 720 787 contingat,
749 707 876 770 visoriae
904 706 1002 770 lineae
1030 706 1167 786 utrinque
1198 723 1290 786 supra
1319 706 1531 769 libramentum

185 808 265 869 equae
295 792 363 866 (cui
394 793 559 872 parallelus
588 804 715 876 apparet
743 795 873 859 visibilis
901 797 1038 871 horizon)
1067 801 1189 876 oportet
1216 795 1340 858 elevari.
1386 795 1532 858 Testetur

183 875 249 940 enirn
270 879 459 945 Maestliuus
487 881 517 945 in
545 883 692 947 consimili
725 885 830 964 eclipsi
862 903 954 965 supra
985 885 1120 966 allegata
1142 890 1175 945 et
1205 884 1284 946 hunc
1314 883 1412 962 ipsum
1441 883 1531 946 Plinii

181 966 268 1030 locum
282 971 455 1050 explicans,
480 971 594 1035 duobus
610 973 753 1052 gradibus
768 974 919 1036 elevatum
934 973 1032 1036 visum
1051 981 1209 1053 utrumqne
1228 971 1370 1036 luminare
1394 971 1530 1036 alternis.

262 1055 450 1122 Oleomcdes
483 1060 574 1140 igitur
610 1061 697 1124 initio
736 1063 813 1124 liano
845 1062 935 1125 Plinii
973 1063 1176 1124 narrationem
1211 1061 1240 1122 in
1278 1060 1398 1124 dubium
1429 1070 1529 1123 vocat.

177 1143 239 1220 Quid
266 1156 299 1222 si,
325 1147 440 1230 lnquit,
465 1159 605 1224 dicamus,
640 1161 785 1216 conflatam
814 1179 876 1216 esee
911 1161 1098 1216 narrationem
1126 1160 1281 1230 hujusmodi
1311 1161 1348 1214 ab
1384 1159 1530 1231 aliquibus,

176 1253 284 1307 querum
302 1239 429 1294 studium
450 1245 520 1303 erat,
542 1241 700 1312 astrologos
722 1249 752 1295 et
771 1241 951 1313 philosophos
977 1259 1040 1305 eos,
1064 1241 1109 1313 qui
1130 1257 1160 1295 se
1181 1239 1246 1295 huic
1265 1239 1435 1311 inquisitioni
1456 1239 1530 1294 dedi·

174 1315 282 1384 diffluis
305 1318 335 1372 in
357 1318 558 1374 dubitationem
578 1319 770 1391 conjicerem)
808 1320 852 1382 At
877 1319 1070 1384 Cleomedem
1087 1318 1276 1383 incredulum
1294 1319 1476 1381 Maestlinne
1500 1324 1532 1380 et

174 1403 271 1484 Tycho
295 1425 360 1468 non
384 1407 479 1470 semel
503 1407 531 1468 in
555 1406 817 1470 observationibus
836 1409 899 1471 suis
919 1409 1026 1471 lortius
1049 1407 1302 1470 constrinxerunt.
1340 1408 1405 1470 Nec
1420 1406 1531 1487 injuria

173 1492 295 1556 uniretur
319 1495 516 1569 Maecilinus,
540 1495 689 1559 affirmare
713 1495 906 1559 Cleomedem
930 1497 1075 1578 potuisse,
1100 1507 1206 1562 nubum
1222 1521 1343 1577 unquam
1360 1506 1531 1576 professione

175 1585 404 1641 mathematicum
424 1587 477 1642 hoc
497 1603 516 1640 a
536 1603 566 1642 se
586 1587 674 1642 visum
702 1587 811 1658 scriptis
838 1587 983 1660 reliquisse
1009 1591 1159 1642 testatum:
1189 1585 1311 1657 queraris
1334 1595 1352 1640 o'
1374 1587 1531 1652 Chaldaeis,

174 1665 322 1736 Aegyptiis
347 1665 502 1738 ceterisque
523 1667 640 1738 eclipses
662 1683 755 1722 omnes
777 1685 863 1740 usque
879 1671 914 1724 ad
929 1667 1081 1724 Cleomedis
1103 1672 1226 1722 aetutem
1247 1666 1350 1720 fuerint
1370 1673 1530 1722 annotatae.

174 1742 395 1807 Verumtamen
411 1741 590 1807 Cleomedes
614 1751 646 1806 et
668 1744 697 1808 in
721 1746 777 1807 hoe
801 1747 960 1822 laboravit,
986 1746 1132 1827 quomodo
1147 1743 1245 1807 Plinio
1265 1764 1322 1806 sua
1344 1745 1418 1807 fides
1438 1744 1531 1808 relin-

175 1840 314 1911 queretur
341 1842 374 1895 et
396 1853 488 1895 causa
510 1834 709 1914 phaenomeni
730 1835 875 1898 invisum
896 1836 1101 1908 conferretur3
1125 1833 1209 1914 isque
1228 1833 1334 1895 velex
1356 1852 1531 1914 repercussu

175 1941 192 1980 a
213 1921 292 1984 nube
318 1921 404 1984 iacto
428 1923 476 1984 vel
500 1941 538 1984 ex
560 1922 741 1985 refractione
762 1923 942 1987 acrassiore
962 1929 1032 1986 a'e're
1056 1923 1213 1986 falleretur
1235 1930 1267 1984 et
1285 1941 1339 2002 pro
1360 1921 1431 1986 Sole
1451 1920 1533 1986 Solis

175 2007 283 2072 idolum
308 2009 505 2092 inspexisset.
552 2011 716 2095 Utrumque
740 2013 857 2074 modum
882 2031 974 2093 supra
996 2010 1208 2074 ventilavimus
1231 2029 1287 2073 nec
1310 2010 1427 2074 omnino
1451 2011 1531 2092 reje-

176 2095 266 2162 cimus
304 2099 337 2162 in
371 2099 602 2162 retractionibus
635 2099 775 2163 insolitae
807 2100 1034 2182 magnitudinis.
1087 2101 1202 2162 Verum
1229 2099 1366 2182 legitima
1389 2108 1420 2162 et
1447 2119 1532 2164 com-

175 2187 304 2250 muniter
340 2187 431 2250 obvia
462 2207 555 2252 causa
586 2189 794 2269 phaenomeno
827 2191 895 2254 huic
931 2189 1060 2264 sufficit,
1096 2187 1238 2252 retractio
1275 2207 1382 2269 nempe
1415 2188 1533 2252 luminis

175 2275 332 2358 utriusque
358 2277 513 2340 luminaris
536 2275 566 2340 in
591 2277 746 2358 superficie
770 2279 864 2354 atris,
890 2277 939 2363 qui
963 2281 1074 2344 Terrae
1103 2277 1357 2341 circumfunditur.
1403 2277 1533 2340 Retrac-

177 2363 271 2428 tionee
300 2363 392 2446 igitur
411 2373 442 2427 et
465 2365 535 2428 olim
555 2366 692 2429 initalia
716 2367 816 2430 luere:
842 2369 944 2430 etheo
963 2367 1169 2432 testimonium
1192 2365 1400 2446 exceptionem
1423 2367 1534 2428 nullam

176 2453 320 2517 admittit.
368 2453 541 2538 Sequuntur
568 2455 760 2535 conjecturae
787 2457 1011 2520 imbecilliores.
1057 2456 1249 2518 Ptolemaeus
1273 2455 1324 2518 lib.
1349 2455 1404 2518 lll.
1429 2455 1534 2536 Magni

177 2543 276 2622 operis
294 2537 339 2618 ⁸⁸)
363 2544 508 2618 affirmat,
540 2562 631 2624 saepe
659 2545 764 2607 eodern
788 2545 837 2606 die
861 2567 879 2608 a
902 2565 935 2607 se
958 2544 1005 2607 bie
1038 2543 1260 2626 aequinoctium
1289 2543 1482 2608 observatum
1506 2543 1534 2606 in

177 2631 305 2694 armillis
326 2630 553 2695 Alexandrinis.
593 2629 720 2712 Culpam
744 2634 862 2697 confert
884 2633 914 2696 in
939 2634 1030 2698 situm
1053 2633 1244 2696 instrumenti
1268 2632 1344 2695 adeo
1368 2633 1534 2714 collapsum

177 2718 244 2782 inde
269 2740 290 2782 a
311 2720 459 2801 principio
483 2720 698 2784 collocationis.
745 2723 857 2785 Verum
881 2723 1095 2804 Hipparchum,
1121 2722 1171 2803 qni
1193 2722 1314 2802 propior
1340 2720 1397 2784 fuit
1418 2722 1535 2802 primae

178 2809 369 2872 collocationi
393 2809 497 2890 etqui
521 2809 633 2872 eisdem
654 2807 682 2872 iu
706 2811 832 2873 armillis
857 2812 1047 2894 aequinoctia
1065 2831 1098 2873 se
1118 2811 1299 2874 observasse
1319 2818 1450 2873 testatus
1474 2818 1533 2885 est,

179 2915 244 2959 eum
269 2898 390 2980 inquam
414 2899 606 2960 Ptolemaeus
630 2896 661 2959 in
680 2899 806 2962 eandem
830 2902 949 2981 culpam
973 2899 1077 2963 trahit.
1118 2914 1337 2982 annonamque
1361 2909 1407 2965 32.
1434 2908 1534 2966 tertiae

179 2999 327 3052 secuudum
348 2996 496 3068 Culippum
515 2996 634 3067 periodi,
656 2999 699 3052 die
721 2999 768 3057 27.
790 3001 890 3056 mensis
912 2999 1025 3064 Mechir,
1054 2989 1202 3052 referente
1226 2989 1413 3064 Ptolemaeo,
1439 2997 1534 3068 aequi·

179 3075 299 3132 noctium
329 3076 489 3132 observavit
508 3075 537 3131 in
557 3095 653 3134 ruane:
683 3087 714 3134 at
741 3097 806 3135 vero
836 3080 961 3136 armillae
981 3080 1190 3136 Alexandrinae
1220 3078 1348 3152 utrinque
1378 3076 1536 3150 aequaliter

181 3165 353 3224 illuminatae
374 3169 441 3222 sunt
464 3167 535 3221 hora
555 3166 608 3221 diei
629 3168 734 3238 quinta.
782 3155 943 3222 Concludit
965 3178 1036 3238 ergo
1059 3159 1267 3232 Ptolemaeum
1300 3167 1375 3223 intro
1414 3167 1533 3240 quinque

180 3255 263 3313 horas
284 3273 340 3310 non
360 3254 514 3310 consentire
534 3264 680 3328 utromque
705 3257 923 3314 annotationem.
969 3247 1012 3310 Et
1034 3247 1165 3310 inculcat
1188 3245 1306 3328 quidem
1330 3245 1535 3329 Hipparchum

181 3353 241 3391 earn
262 3335 484 3390 observationem
504 3353 566 3390 esee
587 3337 727 3408 optimam,
750 3355 820 3410 quae
841 3355 891 3409 per
912 3337 1035 3392 armillas
1054 3340 1106 3392 fiet
1125 3337 1350 3392 Alexandrinas:
1382 3353 1444 3392 eam
1464 3335 1537 3390 enirn

181 3433 241 3470 esee
254 3415 353 3470 horam
366 3414 426 3468 veri
438 3414 614 3486 aequinoctii,
636 3417 664 3471 iu
678 3434 733 3488 qua
747 3425 865 3489 utraque
880 3419 1006 3472 armillae
1021 3419 1179 3488 superficies
1195 3437 1232 3472 ex
1246 3434 1335 3490 aequo
1356 3417 1534 3471 illuminetur.

182 3493 277 3574 Igitur
299 3493 360 3555 etsi
383 3493 447 3555 fleri
470 3493 588 3574 quidem
610 3504 723 3574 potest,
749 3505 782 3558 ut
801 3499 875 3558 haec
899 3495 1059 3558 dissonans
1083 3495 1339 3578 aequinoctiorum
1363 3494 1536 3558 observatio

183 3602 201 3642 a
228 3579 305 3644 vitio
336 3581 528 3644 instmmeuti
560 3583 697 3646 extiterit
734 3598 865 3667 veraque
899 3583 990 3646 fuerit
1022 3583 1189 3649 Ptolemaei
1226 3583 1396 3646 incusatio:
1434 3601 1536 3646 verum

181 3677 282 3732 tamen
306 3675 339 3732 et
360 3669 417 3731 hoc
441 3677 497 3746 est,
521 3671 579 3734 hac
603 3679 786 3754 tempestate
810 3695 828 3736 a
851 3673 992 3756 Tychone
1014 3673 1115 3736 Brahe
1139 3672 1316 3754 saepissime
1340 3691 1393 3753 per
1416 3691 1536 3735 correc-

183 3757 302 3821 tissima
317 3765 349 3820 et
372 3757 605 3839 exquisitissime
625 3762 775 3825 collocata
797 3763 995 3826 instrumenta
1010 3763 1089 3824 idern
1108 3762 1200 3825 fuisse
1220 3768 1407 3832 annotatum,
1432 3759 1537 3823 eodem

182 3847 228 3910 die
262 3845 383 3910 scilicet
413 3846 461 3910 bie
493 3849 725 3929 aequinoctium.
772 3851 863 3914 Mane
897 3849 993 3927 enirn,
1028 3851 1157 3912 nondum
1189 3851 1324 3914 instante
1357 3849 1538 3933 aequinoctii

182 3935 264 3998 verni
295 3941 463 4010 momento,
489 3935 543 3999 Sol
576 3937 676 4001 oriens
699 3938 737 4001 ob
767 3939 965 4002 retractiones
998 3932 1103 4002 altior'
1121 3933 1250 4020 apparet
1277 3947 1310 4002 et
1336 3941 1405 4019 polo
1435 3938 1537 4003 mnndi

181 4021 318 4098 vicinior,
341 4031 377 4086 ut
398 4023 537 4089 videatur
557 4025 671 4107 jam-in
695 4035 869 4108 aequatore,
894 4028 1022 4090 comsit
1045 4028 1142 4090 adhuc
1157 4029 1186 4090 in
1212 4035 1325 4104 austro,
1349 4035 1421 4110 poet
1444 4027 1537 4091 rneri-

183 4112 270 4187 diem‚
295 4111 346 4174 nbi
365 4109 419 4175 Sol
443 4120 493 4176 est
514 4133 534 4177 a
555 4115 738 4179 retractione
762 4115 846 4191 liber,
872 4123 938 4178 esto
959 4123 992 4178 nt
1010 4117 1075 4197 jam
1100 4117 1296 4198 compleverit
1318 4117 1538 4180 semicirculum

183 4201 368 4283 hybernum:
392 4207 462 4263 tuno
486 4201 587 4284 itaque
612 4203 708 4266 denno
729 4212 761 4266 et
782 4223 853 4267 vere
877 4205 962 4267 etad
985 4207 1083 4268 visum
1105 4205 1136 4268 in
1160 4213 1322 4287 aequatore
1347 4205 1414 4267 erit.
1454 4201 1537 4268 (ion-

184 4290 307 4354 trarium
339 4287 528 4353 sentiendum
561 4298 609 4354 eet
641 4293 678 4354 de
712 4291 877 4356 autumnali
915 4294 1115 4375 aequinoctio.
1172 4296 1322 4357 Incertum
1359 4293 1450 4373 igitur
1480 4299 1537 4362 est,

185 4377 297 4441 avitio
327 4377 518 4441 instrumenti
542 4399 579 4442 au
604 4399 623 4442 a
650 4381 881 4444 retractionibus
909 4382 1084 4445 deducenda
1114 4401 1208 4446 causa
1231 4382 1288 4454 sit,
1317 4399 1369 4443 cnr
1397 4388 1536 4444 auctores

185 4465 229 4529 bie
252 4465 474 4548 aequinoctium
496 4464 576 4530 idem
598 4488 631 4530 se
654 4469 767 4532 vidisse
791 4469 1053 4550 persuaderentur.

269 4553 380 4618 Dicam
403 4553 524 4638 aliquid,
556 4557 634 4638 quod
657 4557 744 4638 hujus
769 4557 888 4639 quidem
911 4559 969 4621 loci
992 4577 1051 4621 non
1075 4566 1123 4621 eet
1145 4557 1306 4638 proprium,
1340 4555 1536 4620 differendum

185 4644 283 4725 potius
305 4643 337 4705 in
361 4642 594 4725 disputationem
618 4646 655 4707 de
679 4646 749 4709 anni
772 4647 899 4709 ratione.
925 4645 1005 4718 Quid
1029 4646 1055 4709 si
1079 4665 1206 4726 namque
1230 4645 1304 4708 haec
1328 4646 1395 4706 sola
1418 4646 1535 4709 refrac-

269 4789 299 4866 9)
312 4789 411 4852 'Mon
424 4793 453 4851 iu
466 4795 573 4852 Graeco
592 4803 676 4854 textu
694 4797 787 4854 clarus
807 4797 874 4854 mire
894 4797 1064 4868 depravatus
1078 4801 1142 4854 oret
1154 4797 1192 4852 ab
1212 4759 1364 4868 interprete
1377 4796 1489 4854 latino.
1500 4795 1537 4866 ⁸⁶)
