3566 5536
363 297 428 366 ⁷18
837 301 875 352 ns
894 297 1062 352 aaaron
1079 297 1228 364 meacm

363 500 429 546 cum
452 479 579 542 omnium
601 478 665 558 ipse
690 497 765 540 unus
792 487 896 542 auctor
928 477 983 540 sit:
1014 476 1063 560 qui
1095 495 1189 558 genus
1218 476 1390 550 humanum,
1422 475 1453 537 in
1487 475 1539 537 his
1579 479 1718 534 contem-

362 569 496 634 tissimae
528 567 666 648 glebulae
698 567 847 646 angustiis
877 567 1031 642 babitans,
1066 585 1149 628 suam
1179 573 1280 626 tamen
1313 564 1507 627 nihilosecius
1540 562 1718 642 imaginem,

363 645 496 740 praefert
519 657 680 738 cuicunque
704 657 826 731 stellae,
861 655 886 718 si
919 656 966 719 vel
994 656 1108 718 centies
1135 653 1264 716 millenis
1294 653 1409 715 vicibus
1433 653 1489 715 illa
1512 653 1614 714 totins
1639 647 1719 712 orbis

362 747 595 827 magnitudinem
620 745 788 808 excederet.
836 744 895 816 Qui
923 755 956 807 ut
988 746 1084 807 locum
1118 752 1150 805 et
1182 753 1297 822 tempus
1330 748 1458 820 magnae
1492 739 1719 822 conjunctionis

362 837 449 899 trium
473 835 657 915 superiorum
680 834 736 896 boc
760 835 851 896 ueluti
875 844 1064 896 monumento
1087 835 1125 897 ad
1148 841 1322 912 perpetuam
1346 833 1388 893 rei
1416 831 1598 894 memoriam
1624 831 1718 890 etad

362 924 682 987 commonefaciendum
706 941 800 1006 genus
823 921 979 986 humanum
1003 924 1152 985 derebus
1176 920 1312 984 maximis
1335 921 1488 1000 signaret:
1514 921 1605 984 nulla
1628 919 1716 981 solli-

357 1014 503 1097 citudine,
528 1013 608 1090 nullo
632 1011 743 1090 labore,
769 1013 849 1075 nulla
873 1011 1051 1092 inrigatione
1074 1010 1210 1090 indiguit,
1236 1019 1269 1072 ut
1292 1011 1352 1072 tale
1376 1009 1446 1092 quid
1471 1018 1612 1082 crearet,
1640 1009 1719 1089 quod

361 1125 380 1166 a
402 1101 549 1164 terricolis
573 1102 602 1163 in
626 1103 722 1164 forma
744 1111 848 1164 tantae
872 1101 1082 1164 stellae·cerni
1106 1109 1219 1180 posset
1259 1097 1356 1170 Quam
1379 1100 1495 1160 adrem
1513 1099 1581 1159 sive
1609 1109 1719 1158 natura

362 1193 544 1254 fueritusus
567 1190 717 1263 ministra,
741 1191 804 1253 sive
828 1192 904 1253 bunc
926 1191 1017 1252 veluti
1049 1190 1163 1252 radium
1194 1189 1450 1251 extraordinariae
1474 1187 1718 1266 omnipotentiae

363 1279 546 1355 exseruerit:
570 1280 707 1361 utrinque
730 1279 802 1342 illud
825 1299 926 1342 verum
951 1289 1013 1342 est:
1041 1292 1121 1362 ,lpse
1134 1289 1206 1344 dixit
1219 1295 1248 1343 et
1262 1289 1339 1344 mata
1352 1293 1431 1350 sunm
1447 1287 1506 1359 ipse
1521 1287 1676 1342 mandarit
1692 1293 1719 1340 et

364 1379 565 1436 meatasnnt“
612 1369 682 1449 Ipse
706 1369 784 1430 enlm
808 1371 835 1432 si
858 1377 983 1432 naturae
1009 1370 1105 1444 dicat,
1139 1367 1243 1448 gigne,
1277 1376 1385 1428 natura
1414 1378 1504 1428 antea
1529 1375 1658 1428 mortua
1682 1367 1717 1425 ad

361 1458 740 1540 gignendumraculcarem
763 1458 923 1520 animalem
946 1459 1070 1538 accipit,
1091 1465 1277 1537 'acceptaque
1301 1458 1405 1535 gignit.
1454 1455 1556 1534 ipsum
1584 1456 1717 1534 supplex

361 1565 476 1630 precor,
501 1547 526 1609 si
541 1556 640 1609 tamen
664 1548 721 1609 hoc
744 1547 791 1608 fas
813 1547 940 1628 precari,
965 1557 1007 1621 ut,
1023 1547 1168 1626 siquidem
1188 1565 1235 1609 res
1254 1545 1312 1625 ipsi
1335 1553 1424 1624 grata
1438 1552 1485 1606 est
1501 1547 1621 1612 lutura,
1648 1544 1716 1606 mibi

362 1654 476 1719 qnoque
499 1636 626 1717 imperet
649 1653 788 1698 enarrare
812 1636 995 1711 hominibus,
1020 1636 1089 1717 quid
1112 1635 1170 1696 sibi
1193 1635 1266 1702 velit
1289 1635 1364 1697 haec
1385 1635 1493 1706 stella,
1518 1634 1601 1696 haec
1626 1633 1716 1695 nimi-

361 1745 425 1789 rum
439 1725 496 1788 Dei
520 1725 614 1805 digito
633 1726 663 1787 in
687 1743 799 1788 summo
822 1727 907 1788 coelo
930 1735 1056 1788 exarata
1079 1723 1174 1786 litera.
1222 1721 1310 1793 Quod
1334 1741 1430 1785 meum
1447 1731 1553 1784 votum
1570 1723 1600 1784 ei
1618 1733 1717 1784 ratum

362 1815 400 1876 ab
424 1833 458 1876 eo
482 1814 587 1878 baberi
610 1821 709 1877 certus
733 1834 848 1888 essem,
873 1814 944 1876 nihil
969 1815 1149 1886 dubitarem,
1178 1813 1246 1892 quin
1271 1813 1307 1874 de
1331 1813 1424 1892 ipsius
1448 1811 1548 1892 gratia
1573 1813 1716 1891 protinus

363 1913 395 1966 et
418 1903 473 1965 boc
505 1903 601 1982 ipsum
633 1923 768 1984 possem,
802 1903 990 1984 quantumvis
1022 1923 1095 1984 puer
1122 1903 1187 1982 jam
1219 1921 1309 1963 sensu
1341 1911 1373 1962 et
1404 1910 1558 1964 tantorum
1592 1901 1718 1981 ignams

366 1987 589 2074 mysteriorum:
613 1993 714 2075 itaque
737 2011 802 2054 cum
825 1991 923 2071 Regio
946 1993 1050 2054 Psalte
1074 1993 1241 2054 exclamare
1266 1990 1391 2052 liberet:
1427 2002 1505 2064 ,Non
1529 2002 1649 2065 mor-iar,
1672 2005 1715 2055 aad

363 2093 454 2148 rivam
474 2099 504 2147 et
523 2093 642 2147 narrabo
664 2107 750 2163 opera
770 2091 903 2148 Domini.“
943 2080 996 2144 Sin
1017 2089 1117 2144 autem
1132 2079 1240 2142 hicme
1260 2099 1317 2142 non
1341 2081 1472 2162 respicit,
1492 2097 1596 2158 neque
1617 2093 1714 2142 tamen

364 2171 442 2233 tanti
465 2171 538 2232 lacit
555 2169 586 2233 id
606 2171 682 2253 qnod
705 2170 854 2233 residuum
872 2181 919 2232 est
937 2171 1024 2274 huJ'us
1049 2170 1171 2243 laboris,
1195 2170 1288 2250 (quod
1308 2168 1368 2230 alio
1383 2179 1527 2251 tempore,
1554 2171 1621 2231 alio
1643 2172 1715 2240 loco,

362 2268 394 2322 et
416 2259 472 2321 nisi
496 2279 542 2321 me
566 2259 675 2322 fallunt
689 2279 761 2340 spes
783 2279 877 2335 meae,
902 2259 948 2320 bis
964 2261 1069 2322 lisdem
1086 2257 1223 2320 nundinis
1237 2259 1433 2322 Frenoofurle
1452 2254 1666 2340 prodibit)³⁸)
1689 2277 1716 2321 ur

363 2349 436 2411 illud
459 2347 601 2429 impedire
625 2349 866 2430 propositumque
890 2349 937 2411 hic
960 2367 1057 2412 meum
1079 2359 1214 2410 euertere
1231 2348 1383 2427 dignetur:
1408 2349 1457 2428 eja
1479 2349 1521 2413 sit
1541 2361 1628 2415 Deua
1644 2363 1715 2415 solas

362 2463 465 2510 verax:
492 2447 578 2502 omnis
601 2465 666 2503 vero
689 2448 783 2514 homo,
816 2438 948 2519 adeoque
972 2447 1003 2500 et
1026 2457 1082 2517 ego
1106 2437 1233 2498 ethaeo
1256 2455 1322 2498 mea
1349 2457 1436 2518 quam
1459 2437 1595 2502 meditor
1620 2441 1713 2502 inter·

362 2525 495 2606 precatio
518 2526 604 2607 hujus
626 2527 765 2607 prodigii,
788 2539 938 2601 ,mendam
965 2543 1072 2593 utnon
1092 2536 1228 2608 glorietur
1253 2537 1338 2592 omnir
1359 2555 1432 2594 caro.
1474 2541 1547 2611 lpse*
1565 2541 1647 2595 enim
1669 2547 1714 2602 est

363 2617 441 2687 cuiue
463 2616 557 2672 similis
578 2635 672 2682 nemo:
694 2619 740 2690 qui
761 2619 835 2673 solue
855 2625 938 2673 uocat
958 2624 988 2673 et
1008 2635 1079 2691 quae
1099 2618 1195 2672 futura
1214 2622 1279 2672 eunt
1302 2621 1470 2684 annunciet,
1499 2621 1587 2676 urica
1613 2623 1714 2676 federe

362 2697 443 2770 signa
463 2697 613 2753 divinorum
635 2704 664 2752 et
683 2698 785 2754 ariolos
806 2699 834 2753 in
854 2699 973 2754 furorem
999 2707 1123 2764 vertens,
1150 2704 1311 2752 conuertens
1342 2701 1483 2770 sapientes
1509 2711 1673 2764 retrorsum
1691 2711 1715 2756 et

362 2776 507 2832 scientiam
535 2795 629 2834 eorum
653 2780 766 2834 stultam
797 2779 909 2836 iaciens.
950 2781 988 2834 Et
1015 2780 1074 2850 ipse
1101 2785 1192 2834 mutat
1217 2786 1340 2849 tempora
1363 2786 1393 2835 et
1419 2787 1548 2846 aetates,
1581 2785 1714 2837 transfert

362 2874 453 2929 regne
482 2867 566 2930 atque
595 2859 755 2922 constituit:
786 2861 836 2914 det
863 2858 1027 2930 sapientiem
1055 2849 1226 2930 sapientibus
1256 2867 1286 2912 et
1313 2859 1456 2916 scientiam
1486 2863 1713 2934 intelligentibus

362 2937 542 3008 disciplinam.
582 2941 645 3010 Ipse
672 2941 780 2995 revelat
806 2941 942 3010 profunda
961 2947 991 2994 et
1012 2938 1173 2994 abscondita
1194 2945 1224 2994 et
1243 2939 1320 2994 uouit
1340 2939 1366 2994 in
1384 2943 1510 2997 tenebris
1541 2945 1712 3002 constituta:
1753 2931 1754 2992 l

362 3035 392 3080 et
410 3027 474 3084 Lux
497 3045 556 3084 cum
577 3047 610 3083 eo
631 3029 700 3084 eat.“
739 3032 860 3093 Eualt,
882 3033 1045 3084 nletlb.
1082 3035 1148 3086 Dan.
1168 3033 1194 3093 2,
1212 3051 1234 3084 r.
1254 3033 1297 3084 21.
1341 3018 1391 3081 Sit
1417 3021 1536 3082 Nomen
1567 3023 1712 3085 Domini

363 3105 552 3170 benedictum
566 3128 585 3168 a
599 3108 697 3169 seculo
718 3116 748 3168 et
767 3108 901 3188 usquein
923 3108 1073 3180 seculum:
1098 3107 1167 3188 quia
1189 3105 1339 3186 sapientia
1353 3117 1384 3169 et
1399 3109 1546 3172 fortitudo
1568 3113 1641 3192 ejus
1662 3123 1709 3173 est

941 3379 1123 3390 ...αα-...-

869 3613 988 3710 Caput
1012 3611 1192 3689 XXVIII.

425 3787 482 3851 De
504 3787 659 3872 effectibus
680 3787 879 3854 naturalibus
900 3790 993 3875 tejas
1015 3792 1100 3855 Noui
1123 3792 1250 3858 Sideris
1271 3793 1306 3856 e'n
1326 3801 1443 3858 nutura
1465 3795 1648 3862 mutuom-t

448 3945 483 4010 Si
507 3947 577 4008 mibi
600 3947 629 4010 in
653 3949 818 4012 enodandis
842 3951 949 4013 stellae
973 3951 1148 4032 significatis
1172 3973 1280 4034 scopus
1303 3962 1386 4016 esset
1404 3955 1497 4017 libelli
1516 3961 1707 4040 praecipuus,

356 4036 424 4118 jure
448 4036 547 4098 dicere
569 4055 704 4117 possem,
728 4057 919 4121 quaecuuque
941 4041 1086 4103 hactenus
1110 4051 1180 4104 sunt
1202 4043 1298 4118 dicta,
1326 4044 1483 4118 conclusa,
1509 4046 1706 4129 investigata

362 4124 510 4200 dubitata,
535 4125 635 4188 omnia
656 4125 686 4189 in
709 4128 787 4191 hanc
809 4130 957 4192 manticen
982 4130 1060 4194 ferri.
1107 4131 1226 4193 Etenim
1250 4133 1327 4194 aliae
1352 4141 1436 4197 ortus
1460 4135 1707 4200 circumstantiae

360 4213 453 4278 aliem
475 4215 588 4276 habent
609 4215 864 4296 significationem,
889 4227 921 4280 et
942 4219 1022 4282 modi
1045 4219 1259 4284 divinationum
1275 4243 1294 4284 a
1309 4223 1528 4292 conditionibus
1554 4228 1705 4289 essentiae

359 4304 562 4367 desumuntur.
607 4304 716 4387 Itaque
738 4306 786 4386 qui
810 4308 846 4369 de
870 4307 930 4372 illis
953 4309 1024 4370 nihil
1049 4309 1206 4390 explicuit,
1230 4329 1296 4372 eum
1319 4320 1350 4374 et
1380 4313 1410 4374 in
1433 4311 1705 4391 significationibus

358 4393 543 4476 peregrinari
565 4412 687 4456 necesse
710 4404 768 4458 est.
815 4395 908 4478 Cujus
932 4397 975 4458 rei
998 4399 1235 4469 consideratione
1268 4399 1294 4462 ei
1325 4400 1355 4464 in
1385 4402 1557 4466 uniuersum
1585 4413 1704 4486 tempe-

358 4503 457 4547 rarem
480 4483 518 4545 ab
541 4483 621 4545 omni
644 4483 862 4563 siguificatuum
886 4487 1093 4566 explicatione,
1117 4496 1167 4550 sat
1189 4497 1271 4552 esset
1291 4491 1525 4554 excusationum.
1567 4494 1703 4556 Demon-

359 4571 455 4635 stravi
478 4572 555 4634 enirn
578 4571 740 4647 hactenus,
764 4574 915 4638 haesitare
938 4596 985 4639 me
1008 4577 1037 4638 in
1061 4577 1246 4657 explicandis
1278 4580 1385 4642 stellae
1409 4581 1508 4643 causis
1531 4591 1565 4644 et
1587 4585 1702 4646 coinci-

361 4661 464 4724 dentia
485 4679 551 4722 cum
581 4662 787 4742 conjunctione
819 4685 943 4744 magna:
974 4684 1027 4726 nec
1061 4667 1216 4748 quicquam
1249 4668 1305 4730 nisi
1338 4669 1474 4732 titubans
1505 4674 1701 4751 pronunciare

359 4748 452 4826 potui.
499 4748 599 4821 Quare
622 4759 719 4814 metus
741 4771 788 4816 me
811 4753 904 4816 habet
927 4755 1058 4836 ejusdem
1081 4755 1299 4819 incertitudinis
1330 4759 1421 4822 etiam
1448 4759 1477 4820 in
1502 4761 1701 4840 significatio-

293 4922 296 4928 Ι
359 4835 446 4897 nibus
470 4838 651 4909 evolvendis,
675 4859 752 4921 quae
775 4849 861 4904 tanto
885 4851 933 4907 cst
954 4845 1009 4906 illn
1029 4843 1183 4922 insignior,
1208 4855 1319 4926 quanto
1342 4847 1460 4912 avidius
1474 4851 1583 4930 vulgus
1604 4853 1699 4916 bomi-
