3648 5530
325 291 392 360 ιιι
750 291 851 342 uara
868 289 971 357 Kalen
990 291 1259 359 &murman

417 467 536 540 Quarta
558 470 647 530 litera
670 470 698 540 ο)
722 466 921 528 conditionem
946 467 1119 547 disputandi
1134 471 1241 544 desert,
1266 489 1308 531 sc.
1323 475 1356 528 ut
1370 475 1401 528 te
1416 466 1455 526 ad
1470 461 1689 542 disputandum

326 559 437 620 invitm
459 559 488 620 h.
514 577 539 620 e.
571 555 796 618 adamandam
823 556 1016 631 veritatenu‘
1034 559 1235 637 disputemus,
1267 557 1401 638 inquam,
1433 573 1471 616 ex
1499 549 1629 633 physica
1657 554 1691 607 et

329 647 521 710 astronomia.
570 643 631 706 Cur
658 645 705 705 hio
729 655 762 704 tu
785 643 926 708 irasceris
948 647 1148 725 provocanti?
1172 645 1252 716 Quin
1276 646 1377 727 potius
1400 643 1474 704 feris
1489 638 1689 719 argumentis,

329 735 440 798 omissa
462 735 530 795 rixa
552 733 701 794 verbosa?
907 799 915 814 ‚

418 825 462 886 At
483 822 619 883 ultimam
644 822 762 883 literam
781 817 805 894 ¹)
838 839 1025 902 concoquere
1054 841 1111 884 nou
1135 832 1243 904 potes,
1267 829 1299 885 et
1335 839 1411 900 quae
1449 815 1561 880 similia
1582 821 1690 875 textus

328 913 434 986 tabet,
460 911 566 990 quibus
589 910 664 973 locis
687 910 861 984 insimulas,
893 919 924 970 te
948 911 1021 972 furti
1043 913 1259 974 insimulatum.
1307 909 1437 971 Omnino
1471 905 1586 985 aliquid
1619 919 1690 963 ease

328 1009 461 1080 oportet.
482 999 561 1078 quod
585 999 716 1062 animum
739 1011 822 1062 tuum
847 1000 1054 1073 momorderit;
1086 1019 1122 1062 ne
1146 1002 1264 1081 iniquus
1288 998 1413 1070 audias,
1437 1013 1507 1056 narn
1532 993 1633 1054 hercle
1657 991 1689 1051 in

327 1089 478 1170 prioribus
502 1084 524 1150 4
548 1087 644 1149 literis
678 1107 802 1150 causam
827 1089 937 1149 nullam
972 1088 1103 1151 habuisti
1128 1089 1335 1152 succensendi.
1382 1085 1540 1147 Adesdum
1573 1087 1688 1152 autern,

328 1187 364 1239 ut
385 1178 461 1238 hunc
485 1176 540 1238 tibi
564 1177 736 1256 scrupulum
759 1177 897 1238 eximam.
936 1175 1095 1239 Galilaeus
1119 1198 1215 1240 rerum
1239 1196 1361 1240 suarum
1378 1175 1503 1250 sategit,
1527 1173 1607 1234 bene
1630 1167 1691 1230 sibi

329 1265 487 1340 consuluit,
513 1265 643 1345 inquam,
669 1267 776 1346 quippe
802 1267 851 1345 qui
875 1284 973 1326 rerum
998 1285 1117 1328 suarum
1142 1269 1316 1346 satagebat.
1363 1266 1446 1324 Bene
1481 1261 1573 1333 fecit,
1610 1256 1690 1336 quod

285 1351 290 1359 ’
328 1363 445 1416 mature
469 1372 525 1414 nos
548 1355 692 1416 certiores
716 1355 847 1416 reddidit
871 1354 908 1414 de
932 1354 1063 1416 inventis
1096 1357 1178 1426 suis,
1209 1376 1263 1434 per
1296 1353 1419 1434 griphos
1446 1359 1559 1412 tamen.
1608 1347 1690 1407 Nam

328 1445 354 1504 si
374 1462 432 1504 nou
447 1452 573 1517 mature,
586 1453 632 1505 ·tu
645 1445 876 1522 praevenisses:
901 1444 946 1504 ita
961 1442 1101 1506 Galliaco
1128 1447 1193 1506 laus
1207 1445 1322 1524 primae
1337 1440 1519 1504 inventionis
1531 1437 1688 1519 periisset.

330 1531 364 1594 Si
389 1549 446 1592 nou
471 1551 525 1612 per
548 1532 690 1612 griphos,
724 1533 830 1593 statim
862 1549 926 1604 nos,
958 1533 997 1593 ad
1022 1551 1095 1612 quos
1118 1535 1169 1595 ille
1194 1533 1324 1612 scripsit,
1348 1531 1449 1592 dicere
1473 1527 1688 1607 maiacum,

332 1639 386 1682 nos
412 1622 516 1684 eodem
539 1631 674 1700 tempore
698 1623 802 1684 eaderu
823 1621 938 1682 vidisse·
958 1622 1006 1682 val
1030 1623 1122 1685 etiam
1147 1629 1247 1684 antea.
1285 1620 1352 1683 Tibi
1376 1637 1492 1699 quoqne
1508 1615 1589 1678 llari
1613 1613 1691 1674 bene

331 1709 426 1772 ιειειι
449 1709 573 1789 griphus
596 1731 650 1771 seu
683 1711 986 1789 anagrammatismus
1010 1711 1078 1771 iste.
1130 1712 1210 1772 Nam
1238 1711 1264 1772 si
1288 1709 1446 1770 Galilaeae
1477 1707 1559 1767 clare
1589 1703 1690 1780 scrip-

332 1800 428 1860 sisset
448 1807 535 1859 tanto
560 1807 660 1874 antea,
685 1818 771 1860 uerno
796 1799 885 1859 facile
910 1799 1108 1873 credidisset,
1133 1810 1217 1862 tuem
1241 1819 1309 1861 esse
1333 1797 1494 1859 secundam
1518 1794 1608 1873 hujus
1632 1793 1688 1851 ob-

331 1887 515 1948 servationis
548 1886 688 1966 palmam.
744 1889 831 1952 Nauna
859 1888 965 1948 eodem
999 1895 1134 1967 ternpore
1171 1897 1203 1948 et
1236 1887 1395 1950 Galilaeae
1429 1883 1604 1946 Florentiae
1635 1899 1690 1940 sua

332 1975 419 2036 nobis
435 1977 611 2054 aenigmata
625 1977 737 2056 scripta
762 1975 887 2048 deterrit,
914 1984 947 2037 et
970 1984 1002 2037 tu
1026 1978 1053 2037 in
1069 1978 1239 2038 Franconia
1253 1977 1414 2038 observare
1429 1975 1535 2034 eadem
1552 1969 1690 2050 coepisti,

330 2072 367 2126 ut
389 2064 574 2142 impossibile
598 2065 649 2139 sit,
674 2076 704 2126 te
729 2073 782 2126 tua
805 2083 843 2126 ex
858 2063 991 2126 Galilaei
1017 2066 1170 2128 laboribus
1194 2066 1315 2127 habere.
1354 2063 1518 2142 Agnoscis,
1539 2060 1571 2121 ui
1592 2058 1691 2130 fallor,

332 2171 453 2214 sensum
476 2154 621 2232 postremi
654 2153 809 2232 marginis.
855 2154 969 2215 Desine
1002 2154 1094 2232 igitur
1127 2165 1157 2216 te
1188 2154 1260 2217 furti
1293 2153 1497 2216 insimulatum
1529 2148 1618 2230 queri
1655 2147 1692 2207 eb

333 2257 369 2303 eo
393 2243 470 2316 loco,
496 2241 545 2320 qui
569 2252 599 2303 te
624 2243 694 2304 lurti
717 2243 965 2304 manifestissime
988 2243 1130 2305 absolvit.
1172 2245 1251 2306 Nam
1275 2261 1351 2322 quae
1375 2242 1451 2302 haec
1475 2236 1694 2318 consequentia

333 2339 436 2392 esset:
462 2348 519 2410 quo
544 2341 679 2409 tempore
703 2329 860 2394 Galilaeus
883 2332 1056 2393 Florentiae
1085 2333 1202 2394 suturas
1226 2331 1356 2394 Veneris
1379 2329 1576 2410 apparentiae
1600 2345 1693 2407 prae-

334 2419 423 2492 dixit,
449 2421 552 2480 codem
568 2420 683 2481 Marius
707 2421 776 2482 illas
800 2420 907 2481 eodem
930 2421 1032 2482 ordine
1061 2422 1223 2483 observare
1252 2421 1369 2500 coepit,
1402 2437 1474 2496 orgo
1495 2418 1617 2478 Marius
1639 2435 1693 2476 sun

333 2527 373 2570 ex
394 2506 528 2570 Galilaei
552 2509 674 2570 monitis
697 2509 824 2570 habuit?
865 2510 1015 2589 Numquid
1040 2510 1118 2571 euim
1142 2511 1238 2590 Alpes
1261 2511 1412 2572 intersunt
1434 2515 1466 2568 et
1490 2507 1613 2585 longum
1636 2506 1694 2564 iter

333 2601 365 2658 et
389 2594 431 2659 20
448 2597 562 2659 dierum
586 2616 677 2668 more.
702 2598 876 2679 priusquam
895 2599 1000 2662 literae
1020 2599 1175 2661 Florentia
1199 2601 1353 2678 digressae
1368 2598 1500 2675 Pragem
1525 2595 1693 2675 appellant

334 2687 453 2768 quando
477 2687 607 2748 noudum
631 2697 732 2750 tameo
756 2687 785 2748 in
810 2689 1007 2750 Franconiam
1032 2689 1252 2750 communicata
1274 2693 1346 2748 sunt
1369 2686 1470 2765 Prnga
1492 2705 1512 2746 a
1533 2684 1636 2746 nnbis.

422 2775 507 2838 Haec
521 2795 588 2838 cum
604 2785 695 2850 antea
718 2775 824 2838 Lineio
848 2777 886 2836 ad
910 2785 940 2837 te
964 2778 1095 2840 scribere
1119 2776 1290 2858 concrrpivi,
1315 2785 1378 2836 bum
1402 2793 1473 2836 vero
1497 2773 1653 2836 maxime
1677 2791 1695 2830 e

334 2864 573 2926 nobilissimo
598 2875 635 2928 et
657 2867 758 2944 ampl.
784 2865 822 2926 D.
837 2866 876 2928 D.
901 2866 1019 2928 Eisen
1044 2865 1223 2928 Caesaris
1248 2866 1291 2926 ad
1316 2863 1602 2945 appellationes
1626 2861 1695 2921 Bo-

334 2953 498 3015 bemicas
532 2953 764 3016 Consiliario
794 2956 1004 3034 nuperrime
1042 2955 1171 3034 jussus
1213 2955 1297 3035 quin
1331 2963 1370 3014 et
1401 2961 1591 3014 exoratus
1624 2952 1696 3022 (ita

335 3043 428 3102 enim
451 3044 634 3117 volebat),
669 3063 720 3105 me
744 3042 970 3122 scripturum
1002 3045 1145 3123 recepi,
1184 3045 1264 3104 dum
1297 3044 1383 3105 mihi
1416 3043 1453 3104 D.
1487 3039 1695 3121 Capitauei

335 3130 511 3206 Fuchsii,
545 3133 692 3212 patroni
725 3140 938 3194 nostrarum
972 3134 1110 3194 artium
1143 3139 1182 3193 ut
1205 3133 1315 3194 audio
1349 3131 1515 3204 maximi,
1544 3129 1695 3192 sollici·

336 3218 499 3280 tudinem
520 3220 558 3282 in
582 3221 688 3284 nobie
712 3221 962 3284 conciliandis
986 3221 1180 3302 exposuit:
1215 3223 1293 3300 quod
1325 3222 1461 3303 equidem
1486 3229 1633 3301 quantum
1658 3217 1697 3278 ad

335 3327 382 3369 me
408 3306 602 3371 deridendum
626 3310 697 3371 mihi
721 3311 798 3371 ruit:
823 3310 853 3372 iu
877 3311 942 3390 ipso
966 3329 1025 3372 nou
1048 3329 1170 3390 possum
1190 3329 1248 3372 nou
1274 3313 1407 3382 laudare,
1431 3312 1501 3372 dum
1526 3308 1696 3382 considero,

338 3415 413 3478 quas
430 3405 470 3458 tu
493 3400 632 3477 querelas
656 3399 686 3459 iu
710 3400 935 3478 prognosticum
960 3400 1139 3472 inserueris,
1175 3419 1271 3480 enque
1295 3401 1351 3475 iis,
1387 3399 1457 3480 quid
1491 3414 1583 3479 porro
1616 3397 1697 3477 apud

337 3486 436 3566 ipsum
460 3487 632 3548 audientem
654 3507 770 3549 mecum
795 3487 921 3550 absente
953 3489 1208 3569 expostulaveris,
1245 3490 1334 3550 facilc
1365 3488 1504 3570 conjicio.
1553 3485 1697 3548 Ceterum

336 3575 434 3656 ipsum
452 3576 514 3638 iero
528 3576 692 3638 arbitmm.:
718 3577 870 3653 fatebitur,
894 3579 967 3652 scio,
993 3587 1026 3638 et
1048 3578 1093 3638 his
1119 3579 1214 3639 literis
1238 3587 1270 3638 et
1293 3581 1358 3642 loco
1383 3580 1413 3640 in
1432 3577 1600 3657 Dioptricis
1624 3594 1698 3655 per·

337 3664 434 3734 lecto,
466 3672 499 3726 te
529 3683 584 3728 nee
616 3665 756 3744 injuriose
781 3685 834 3728 nec
858 3649 1014 3728 inhones’te
1039 3687 1059 3727 a
1081 3685 1127 3727 me
1151 3674 1325 3729 tractatum.
1371 3668 1532 3730 Breviter:
1564 3667 1698 3728 metitus

336 3771 420 3829 eum,
455 3754 498 3815 sic
527 3755 606 3816 euim
628 3763 763 3818 tractare
786 3756 868 3817 soleo
894 3757 1011 3818 nonnisi
1036 3756 1156 3817 amicos.
1193 3757 1223 3817 A
1245 3757 1350 3835 quibus
1366 3773 1437 3818 vero
1462 3756 1535 3817 mihi
1555 3764 1697 3817 metnen-

337 3843 405 3904 dum
429 3851 532 3924 puta,¹
551 3843 579 3904 in
603 3861 705 3905 eorum
729 3845 898 3908 nominibus
921 3854 955 3907 ut
977 3846 1008 3906 in
1031 3843 1209 3906 carbonibus
1234 3843 1339 3922 ignitis
1362 3847 1417 3908 sub
1441 3845 1540 3906 cincre
1567 3845 1696 3906 latitan-

336 3933 418 3992 tibus
441 3933 573 4013 veetigia
596 3933 664 4011 figo.

423 4020 493 4082 Jam
536 4021 645 4082 dudum
682 4023 720 4084 ad
759 4041 819 4084 rem
859 4021 956 4101 ipsam
994 4021 1211 4084 deveniendum
1251 4024 1358 4084 fuerat.
1420 4021 1528 4103 Itaque
1564 4023 1697 4102 ingenuo

337 4109 466 4170 caudore
481 4111 654 4189 pronuncio,
678 4111 786 4172 tulisse
801 4121 831 4172 te
849 4111 968 4174 laudern
981 4111 1161 4190 praecipuae
1177 4112 1351 4191 diligentiae
1370 4121 1434 4173 turn
1457 4112 1487 4172 in
1503 4111 1698 4172 observando

336 4204 399 4260 tum
431 4198 462 4258 in
495 4199 713 4262 ratiocinando.
760 4200 795 4262 In
834 4201 1058 4278 comparatione
1092 4209 1192 4262 tamen
1231 4203 1469 4280 magnitudinum
1508 4201 1547 4262 ad
1585 4217 1697 4279 corpus

336 4285 466 4348 Telluris
499 4289 655 4366 quominus
687 4287 741 4349 tibi
776 4290 917 4350 accedam
950 4289 1024 4350 facit
1051 4288 1123 4361 hoc,
1158 4289 1235 4369 quod
1266 4291 1320 4352 tibi
1345 4291 1453 4351 deesse
1478 4291 1567 4350 video
1591 4307 1695 4350 veram

337 4375 581 4437 aestimationem
610 4378 808 4455 perallexium
832 4377 930 4450 Solis,
966 4397 1054 4457 quam
1077 4377 1196 4457 quidem
1220 4387 1377 4457 praestare
1411 4398 1469 4442 non
1494 4379 1600 4440 debes.
1648 4377 1698 4439 En

337 4480 404 4522 meo
436 4481 507 4527 vero
539 4465 754 4543 Hipparcho
797 4465 973 4545 apparebit,
1012 4466 1177 4528 doctrinam
1219 4469 1449 4530 demonstrandi⁴
1483 4468 1698 4546 proportiones

337 4567 493 4629 corporum
516 4550 606 4626 Solis,
631 4553 735 4614 Lunae
761 4561 792 4614 et
815 4555 936 4626 Terrae,
962 4563 995 4614 ut
1018 4563 1066 4614 cst
1089 4555 1341 4634 ingeniosissima,
1366 4557 1411 4618 sic
1435 4557 1464 4617 iu
1489 4565 1573 4617 meta
1597 4557 1699 4618 altera

338 4641 593 4715 augmentationis
616 4641 848 4702 incertissimam
872 4661 947 4702 esse.
995 4639 1118 4704 Certum
1142 4643 1260 4723 quidem
1290 4655 1355 4719 est,
1392 4645 1558 4707 diametros
1582 4645 1698 4706 Terrae

338 4725 407 4802 plus
431 4743 518 4803 quarn
536 4723 601 4789 800
625 4729 747 4790 esseio
772 4730 917 4792 diametro
933 4727 1026 4804 Solis,
1050 4738 1083 4790 at
1106 4733 1184 4812 quod
1199 4735 1319 4795 omuino
1344 4733 1405 4794 sint
1429 4751 1522 4813 usque
1547 4733 1587 4795 ad
1608 4729 1698 4796 2400

341 4817 432 4888 atque
456 4815 547 4876 etiem
569 4815 670 4888 ultra3
692 4816 724 4878 id
747 4836 817 4880 vero
841 4815 981 4880 subtilius
1005 4827 1054 4879 est
1076 4819 1106 4880 iu
1129 4820 1235 4893 oculo,
1269 4841 1358 4904 quam
1382 4829 1416 4884 ut
1438 4830 1522 4885 certo
1547 4819 1698 4884 affirmari
