3476 5532
485 277 572 332 literae
590 277 693 346 Kaplerl
710 278 861 349 aliorumque
878 287 987 334 mutuae.
1343 277 1403 347 791

11 457 14 498 i
50 451 159 502 anderu
177 452 408 519 cussiderlegiicheu
426 457 625 521 probationibus,
643 472 671 508 so
688 457 744 517 ich,
766 472 840 510 sranu
857 459 899 510 ich
918 473 944 512 es
962 461 1070 525 gerhart
1088 457 1172 522 hatte,
1200 472 1247 526 gar
1263 473 1325 526 pern
1342 459 1415 510 iiber·

11 549 13 588 3
52 521 196 575 scirriebeu
213 525 297 575 haben
314 525 404 576 rtllte.

11 641 13 662 ζ
153 593 235 647 Dabei
253 596 313 648 aher
329 598 396 647 volit
413 598 454 648 ich
471 613 531 665 geru
550 600 576 649 iu
595 605 671 650 etwas
690 601 863 664 expostulireu,
883 600 941 650 oder
958 599 1022 650 doch
1040 601 1088 652 deu
1101 600 1181 651 Herm
1198 602 1343 660 stimuliren‚
1361 601 1417 652 veil

11 673 13 738 J
53 665 94 715 Er
115 667 209 718 mumai
228 667 294 718 dieas
311 663 548 738 παραδοξοτατον
571 671 640 721 vahr
657 673 710 723 sein
728 661 979 730 beinudeu,'ssarum
996 673 1030 722 Er
1047 674 1085 722 nit
1108 671 1173 724 auch
1191 673 1235 725 der
1252 673 1345 725 anderu
1363 681 1415 724 tra·

56 737 154 787 ditioni
172 740 203 789 de
217 739 315 790 Venere
332 756 377 805 per
388 741 538 794 Mercurium
557 743 677 807 eclipsata
694 744 812 810 gedenkt,
831 743 869 794 sel
887 745 977 808 potius,
996 745 1032 794 uti
1044 744 1120 795 serbe
1137 751 1235 805 sonaut,
1255 744 1318 810 quod
1330 747 1419 795 summi

52 809 178 860 miraculi
195 812 274 861 instar
291 811 403 862 habitum
421 813 514 870 marat.
533 814 673 865 Luciiemm
691 817 716 864 iu
734 816 802 867 coelo
820 831 870 866 nou
888 816 1068 879 comparuisse,
1087 814 1160 880 idque
1179 829 1244 866 auno
1263 829 1286 866 a.
1307 815 1351 866 Ch.
1371 815 1416 867 IV.

53 880 92 930 Ee
113 883 265 938 nstrenohl
282 883 361 934 iremd
378 885 534 944 auauhtreu,
562 886 626 951 quod
642 885 778 937 Mercurius
797 889 874 952 possit
901 886 1046 938 obumbrare
1063 887 1212 951 particulam
1230 885 1307 946 Solis,
1326 893 1352 936 et
1369 903 1419 937 non

54 953 146 1003 multo
164 956 244 1020 magis
263 954 360 1005 stellm
372 954 484 1008 Veneris.
510 955 544 1008 So
561 959 594 1007 ist
611 958 651 1008 die
670 959 806 1008 observatio
818 959 933 1009 Mercurii
951 959 996 1008 sub
1009 955 1067 1009 Sole
1085 957 1160 1008 allelu
1178 959 1301 1022 eprivsto
1318 957 1420 1010 homine

56 1024 166 1091 eriolgt
185 1031 237 1076 vas
256 1026 316 1077 aber
334 1028 365 1078 de
377 1026 476 1079 Venere
494 1029 598 1079 tradiert
614 1030 721 1090 worden,
741 1031 786 1083 dus
804 1029 849 1081 hat
866 1045 931 1096 gana
943 1026 1008 1082 Rom
1021 1021 1157 1090 (damulam,
1176 1031 1222 1078 sris
1240 1043 1266 1080 es
1280 1030 1308 1078 iu
1326 1043 1419 1080 summo

54 1097 125 1164 flore
145 1111 260 1163 genesen
277 1098 329 1147 und
347 1100 408 1150 coeli
430 1101 613 1154 observationes
639 1101 736 1165 publice
753 1103 780 1152 iu
798 1117 844 1152 usu
861 1098 988 1167 genesen)
1005 1116 1047 1166 pro
1071 1103 1178 1151 marimo
1201 1106 1298 1151 ostento
1316 1107 1343 1152 et
1359 1115 1416 1165 pro·

57 1168 135 1236 digio
153 1170 279 1234 gehaiten.
316 1168 371 1238 Das
389 1171 439 1221 hah
456 1173 496 1222 ich
515 1172 590 1224 allein
608 1187 639 1224 ea
652 1174 794 1224 curiositate
813 1173 860 1223 den
879 1172 959 1224 llerrn
978 1174 1092 1224 munem
1109 1172 1205 1222 vollem

157 1239 230 1292 Bleib
248 1241 300 1293 lme
318 1243 452 1294 boiueheus
470 1257 608 1310 angeueme
626 1243 717 1294 Dienst
734 1245 784 1294 und
809 1243 875 1295 auch
902 1243 963 1295 alles
980 1244 1054 1295 Liebs
1076 1245 1128 1294 und
1153 1249 1226 1312 gusta
1244 1257 1275 1294 au
1293 1257 1418 1309 ersseyssn

58 1325 254 1435 ⁸⁰⁷⁷⁰⁸h³aem
270 1381 398 1436 umeros
416 1385 440 1435 s.
461 1382 484 1434 s.
504 1385 562 1437 sen.
585 1383 661 1436 isos.

1046 1458 1071 1508 J.
1100 1459 1130 1508 G.
1157 1457 1182 1508 li
1192 1464 1330 1510 creari.

10 1587 11 1598 .
157 1543 278 1598 Libellum
296 1545 397 1611 Lipsiae
414 1546 600 1610 imprimeudum
619 1547 753 1598 emeriti.
773 1545 943 1603 Tauckiue,
963 1546 1003 1596 cui
1020 1546 1143 1612 Keplerns
1162 1546 1187 1596 d.
1210 1543 1250 1600 12
1269 1545 1332 1611 Mali
1351 1543 1419 1597 1toe

10 1645 13 1686 1
62 1621 163 1690 (comp.
182 1623 202 1684 1,
221 1641 245 1690 p.
264 1623 328 1691 ³⁷5)
351 1625 415 1680 haec
433 1628 494 1678 tae:
517 1619 650 1681 Libellos
674 1638 757 1680 meos
781 1619 895 1680 excude
913 1626 948 1680 ut
966 1617 1022 1681 vis.
1060 1619 1095 1680 In
1114 1618 1302 1700 praelatione
1316 1618 1419 1682 Phac-

10 1737 14 1778 ι
62 1707 187 1769 numeni
212 1709 390 1788 singularia:
417 1708 567 1784 „Veneris
586 1715 617 1770 et
634 1707 798 1771 Mercurii“
823 1707 940 1788 scripsi,
965 1707 1053 1770 debui
1078 1707 1179 1785 „Solis
1203 1716 1235 1771 et
1256 1707 1417 1773 Mercurii“

10 1847 12 1872 ,
61 1815 191 1878 ponere.
220 1797 310 1860 Mitte
333 1799 478 1878 pagellae
496 1798 676 1861 successive.
728 1845 733 1856 .
951 1843 954 1852 .

10 1875 11 1886 ¹
157 1885 214 1936 Nou
240 1887 278 1937 ita
304 1889 416 1952 expedite
443 1889 591 1952 processisse
616 1885 807 1952 typographum.
823 1891 927 1950 apparet
952 1898 982 1934 ea
1004 1885 1052 1934 hac
1070 1884 1176 1936 Tauckii
1202 1886 1361 1950 responsione
1379 1885 1419 1936 die

10 1971 11 2016 j
64 1955 112 2006 26.
127 1956 190 2007 Nor.
210 1958 271 2008 data
289 1959 322 2009 ad
340 1959 424 2009 literae
436 1959 538 2023 Kepleri
557 1959 706 2022 deperditas,
725 1972 789 2022 quae
807 1958 879 2006 modo
896 1958 1044 2020 praemissas
1061 1958 1169 2020 proxime
1187 1958 1335 2008 subsecutae
1352 1965 1418 2007 aunt.

10 2031 12 2048 ³
161 2028 273 2080 Salutem
299 2036 326 2080 et
353 2045 460 2080 amorem
487 2031 640 2095 ciliciolaque
666 2029 839 2093 promtissima.
876 2027 980 2078 Tardius
1008 2028 1040 2078 ad
1058 2027 1139 2085 Tuae,
1166 2029 1212 2077 Vir
1235 2027 1374 2078 Clarissima
1394 2035 1419 2079 et

64 2099 295 2159 Praestantissime.
314 2102 457 2166 respondeo.
481 2103 624 2168 Aegerrime
643 2115 729 2164 nempe
748 2101 801 2158 tuli,
821 2101 886 2165 quod
904 2114 920 2149 a
938 2098 1100 2164 Typographc
1119 2099 1217 2149 delusus
1235 2100 1270 2150 iui
1288 2099 1418 2158 hacteuus,

10 2213 13 2252 ι
65 2173 110 2236 qui
129 2179 196 2222 certo
214 2175 332 2236 promisit,
351 2188 378 2224 se
395 2174 527 2244 editionem
545 2174 619 2223 libelii
638 2175 672 2222 tui
685 2179 873 2223 mutuaturum.
899 2170 949 2221 Sed
967 2170 1084 2236 qnidiiti
1103 2171 1213 2222 Excusat
1230 2187 1266 2230 se,
1285 2171 1419 2237 quodiam

66 2244 197 2292 excuderit
208 2243 371 2316 Μετεωρον.
396 2244 447 2295 Sed
463 2247 535 2295 mitto
552 2245 676 2294 hominem
694 2251 720 2293 et
738 2243 769 2292 de
785 2243 947 2308 typographis
964 2237 1029 2292 idem
1048 2243 1209 2306 pronunciare
1227 2258 1335 2308 possum,
1353 2243 1419 2308 quod

10 2321 11 2326 ’
64 2315 191 2378 Josephus
209 2315 337 2383 Scaliger:
356 2317 464 2375 „nullam
483 2317 608 2366 radonem
627 2331 681 2366 esse
699 2316 728 2364 iis
746 2313 954 2365 mendaciorem.“
980 2313 1067 2364 Junior
1084 2314 1183 2364 Grosius
1201 2315 1335 2366 editionem
1352 2315 1419 2365 hreri

12 2390 14 2401 '
65 2387 184 2450 parebit;
203 2389 254 2452 typi
273 2389 312 2438 rel
329 2388 424 2454 figurae
442 2395 500 2438 suut
517 2390 543 2437 iu
556 2388 622 2452 ligno
639 2388 733 2436 incisae
746 2392 771 2435 et
783 2387 866 2434 omnia
878 2387 903 2434 iu
920 2391 1025 2449 promtu.
1043 2385 1115 2435 modo
1134 2385 1301 2452 typographus
1318 2399 1419 2436 manum

10 2485 13 2526 y
65 2463 167 2507 tautum
186 2459 323 2510 admoveat.
349 2459 400 2510 Sed
417 2474 482 2510 nuuc
501 2459 566 2509 breri
585 2457 731 2508 admovebit.
758 2457 896 2507 Ferendum
914 2459 988 2523 igitur
1005 2457 1069 2522 quod
1088 2471 1134 2507 uec
1152 2463 1239 2510 tunec
1258 2473 1304 2525 ego
1322 2463 1419 2508 mutare

84 2529 226 2580 otuerimus.
1412 2565 1416 2577 .

65 2544 83 2592 p
157 2599 223 2651 Hinc
248 2602 339 2651 hausit
356 2599 531 2668 Tanckinset
551 2597 876 2664 „Physiologico·hisdica“,
896 2598 928 2648 ad
946 2597 1048 2662 Kepleri
1073 2600 1230 2664 quaestiones
1257 2599 1417 2664 respondens,

70 2671 136 2735 quod
149 2671 227 2720 exhis
239 2671 344 2722 Tenckii
356 2672 435 2721 serbis
454 2671 646 2723 concludendum
660 2679 714 2720 esc:
733 2669 903 2720 ventriculum
921 2669 975 2718 ollis
994 2683 1129 2733 comparas.
1144 2695 1178 2706 -
1196 2671 1225 2722 Iu
1245 2685 1274 2722 eo
1294 2679 1347 2722 ate
1365 2686 1415 2721 non

71 2743 197 2804 ἀίιεοιιιίο,
216 2743 280 2807 quod
298 2743 329 2792 de
347 2749 420 2807 epate
439 2744 555 2804 affirmas,
574 2745 680 2806 probent
697 2741 722 2790 id
735 2740 819 2790 scirrhi
836 2739 1037 2804 hydropicorum:
1058 2742 1175 2791 dissentio
1193 2756 1250 2792 voro
1266 2747 1320 2792 ate
1337 2743 1364 2792 in
1377 2757 1415 2799 eo.

9 2849 13 2858 ‚
70 2814 136 2877 quod
154 2813 212 2863 lieni
230 2815 350 2864 attribuis.
388 2813 513 2864 Carbones
531 2828 580 2863 uou
598 2814 778 2874 subministrat,
802 2813 883 2875 potius
901 2813 951 2862 suis
968 2813 1044 2863 radiis
1062 2813 1156 2878 frigidis
1175 2820 1272 2864 aestum
1288 2815 1417 2864 vmtrienii

9 2901 11 2910 ·
72 2884 252 2934 emendat...
280 2884 449 2950 Magneticam
476 2887 524 2934 rim
552 2899 659 2950 agnosco
677 2886 702 2933 iu
721 2879 863 2932 ventriculc'
880 2883 1066 2947 putrefactionis
1091 2884 1155 2948 chyli
1179 2885 1293 2944 ratione,
1320 2887 1360 2950 qui
1379 2891 1419 2936 est

71 2955 202 3006 Archous:
220 2971 270 3006 nou
282 2971 339 3006 vero
357 2963 478 3021 quatenus
496 2957 546 3007 lieu
558 2957 640 3006 radios
658 2971 715 3005 suos
732 2956 808 3004 mittit
826 2954 860 3005 ad
871 2955 1031 3006 vermiculum
1049 2955 1158 3006 calidos:
1177 2957 1225 3006 nisi
1237 2956 1299 3007 lorte
1317 2957 1417 3022 frigidos

9 3007 12 3092 l
71 3042 169 3078 mecum
188 3042 230 3078 eos
248 3043 302 3078 esse
321 3028 441 3079 velia...
470 3028 542 3089 Quae
560 3028 591 3078 de
609 3035 733 3076 structura
751 3025 824 3076 effers
848 3026 990 3084 ventriculi.
1015 3027 1059 3076 ilia
1076 3043 1126 3077 uon
1151 3034 1238 3077 conus
1254 3043 1294 3079 me
1312 3028 1356 3078 sed
1374 3041 1417 3094 pro

9 3097 11 3164 ᾖ
71 3113 120 3159 me,
139 3100 198 3164 quia
214 3099 258 3150 illa
275 3106 374 3164 propter
391 3100 560 3156 ventriculum,
579 3115 629 3148 uon
647 3105 744 3162 propter
761 3096 965 3161 putrefactionem
984 3097 1049 3160 chyli
1066 3099 1105 3147 rel
1123 3099 1258 3148 coctionem
1276 3097 1322 3150 dec.

158 3169 246 3221 Nisam
264 3178 408 3221 montanam
426 3171 496 3221 simul
516 3171 548 3221 ad
567 3177 593 3222 te
611 3172 681 3220 mitto
691 3182 698 3233 3
719 3183 775 3220 eam
792 3169 936 3233 liqueiasias
954 3175 980 3218 et
997 3171 1023 3219 in
1041 3183 1131 3234 aqum
1149 3170 1264 3220 resolvas.

158 3241 207 3294 Die
226 3243 329 3307 denique
350 3241 391 3291 ii.
410 3243 468 3307 Apr.
490 3240 565 3291 isos.
583 3242 647 3292 haec
666 3240 710 3290 dat
727 3239 852 3290 'leuchius
870 3241 992 3304 Kspiero:
1012 3240 1076 3291 clar.
1095 3241 1148 3298 Vir,
1168 3242 1248 3292 amice
1264 3241 1415 3292 honorande.

9 3313 11 3346 l
71 3313 184 3378 Turpiter
201 3329 241 3363 me
260 3315 358 3378 decepit
375 3314 520 3378 bibliopola,
546 3315 611 3379 quod
628 3313 780 3378 promissioni
798 3327 849 3360 nou
866 3313 969 3362 steterit.
1008 3311 1107 3362 Sumtus
1125 3313 1185 3363 iecit
1201 3315 1228 3362 in
1246 3313 1415 3378 exsculpeudis

9 3389 10 3418 .
72 3386 156 3452 liguris
174 3385 293 3436 omnihus.
319 3371 487 3436 Phaenomeui
505 3391 563 3436 suut
580 3387 605 3436 iu
624 3383 809 3448 typographeio.
833 3383 952 3448 Reliquas
970 3378 1015 3445 (ad
1032 3383 1073 3434 lib.
1093 3384 1123 3434 de
1141 3383 1244 3435 Cometa
1262 3387 1321 3435 anui
1334 3382 1416 3446 icor)

74 3457 107 3506 ad
124 3471 162 3506 me
181 3458 262 3521 recepi
280 3463 306 3507 et
323 3458 418 3507 serrari
436 3458 502 3520 apud
521 3473 560 3507 me
579 3457 657 3508 donec
683 3461 815 3519 repeteres.
852 3454 987 3508 Minoribus
1014 3456 1134 3506 sumtibus
1156 3471 1223 3507 nuuc
1248 3458 1315 3522 apud
1332 3457 1416 3507 nessi

9 3555 10 3560 =
73 3528 155 3591 placet
172 3527 365 3591 potest⁸eacudi
402 3528 503 3578 Interim
520 3543 560 3578 me
579 3533 722 3578 excusatum
739 3526 846 3584 habeas,
865 3527 1017 3576 voluntatem
1036 3541 1143 3592 agnosce
1161 3543 1204 3592 pro
1222 3527 1352 3578 incultae.
1388 3525 1416 3577 Si

74 3613 112 3648 res
124 3613 195 3648 meae
207 3599 327 3657 tulissent,
344 3602 396 3664 Jsur
410 3600 537 3664 aliquoties
550 3601 646 3650 animus
659 3599 713 3652 init,
725 3603 818 3646 sumtus
830 3597 913 3647 iacere
926 3613 956 3646 cx
968 3600 1062 3662 proprio
1078 3599 1200 3662 marsupio
1219 3598 1415 3664 typographicos.

76 3669 125 3719 Sed
142 3684 208 3720 nunc
227 3672 328 3735 agnovi.
347 3685 429 3720 rerum
449 3685 502 3722 osae
520 3672 580 3721 illud
598 3669 697 3722 Domini
715 3667 850 3734 Scaligen':
880 3669 989 3728 „nullam
1014 3671 1139 3719 nationem
1162 3669 1343 3720 mendaciorem
1361 3683 1416 3719 esse

75 3739 231 3806 typographis
259 3746 284 3790 et
310 3741 469 3804 bibliopolis.“
507 3741 557 3792 Sed
581 3743 673 3792 valeas.
710 3740 748 3790 Tu
766 3745 850 3790 autem
868 3739 1005 3790 Tauckium
1028 3747 1099 3790 tuum
1126 3754 1210 3790 amus
1234 3754 1284 3790 uon
1307 3740 1415 3791 desim.

75 3812 139 3862 Vale
157 3817 183 3862 et
201 3811 289 3870 Salve,
316 3813 350 3862 mi
376 3812 493 3877 Keplere.
529 3815 642 3878 Accipies
667 3818 738 3876 typos
760 3818 880 3877 quatuor:
908 3817 978 3861 tuum
995 3811 1043 3862 huc
1066 3813 1167 3862 missum
1188 3824 1306 3877 magnum
1323 3817 1350 3864 et
1366 3817 1416 3864 tres

75 3897 170 3948 parvos,
188 3899 248 3950 quos
267 3898 313 3950 epe
331 3883 454 3936 delineari
470 3899 500 3936 ea
516 3890 559 3936 tuo
578 3900 658 3950 opere.
