3674 5538
776 268 857 336 capnt
874 267 908 325 11.

158 453 231 530 qnct
251 445 383 510 lucentis
406 444 567 511 diametria
590 446 678 510 abeat
699 467 719 511 a
742 447 875 519 lucente,
898 449 1114 508 connectantur

159 535 250 596 etiam
271 532 326 596 EF
351 543 386 595 et
410 531 480 608 ΡΟ,
513 533 556 596 sic
583 533 643 599 EG
666 542 698 597 et
719 534 798 610 ΝΟ,
817 545 863 597 et
895 533 1113 602 continuentur,

158 625 252 686 donec
282 631 469 686 concurrant
490 623 521 686 in
543 623 582 700 Κ,
607 625 643 688 L.

246 710 324 774 Dico
359 709 386 772 si
422 712 479 773 boc
511 712 570 774 situ
607 714 758 775 fenestrae
791 718 821 773 et
854 710 981 773 lucentis
1013 707 1116 769 radius
1333 765 1353 814 E

160 807 277 866 creetur
301 799 331 860 in
356 800 386 876 1,
419 800 585 880 aequaliter
608 820 641 864 se
673 800 843 863 habitururn
866 807 898 860 et
921 798 959 859 ad
991 798 1116 874 figuram

159 889 355 964 Elucentis,
391 889 485 950 etad
515 889 639 970 figuram
663 888 690 951 0
715 888 874 950 fenestrae.
921 885 976 948 Sin
1000 891 1117 946 creetur
1233 944 1236 961 ,Ἴ

161 987 193 1039 et
214 977 309 1039 cadat
332 976 377 1038 cis
403 978 430 1051 l,
455 996 559 1038 versus
584 977 627 1053 Ο,
663 996 719 1058 quo
742 977 864 1056 propior
886 975 927 1037 sit
950 981 1054 1036 centro
1078 968 1117 1045 O,

160 1067 217 1128 hoc
249 1065 374 1146 propius
412 1084 601 1128 accessurum
634 1068 673 1129 ad
715 1065 839 1145 figuram
873 1063 919 1138 O,
958 1062 1119 1123 obliterata
1304 1038 1342 1840 Λ

160 1157 256 1234 figura
278 1153 317 1214 Ε.
366 1151 483 1217 Contra
505 1155 531 1215 si
564 1155 655 1218 cadat
686 1154 768 1217 ultra
790 1155 819 1228 I,
852 1172 908 1233 quo
939 1149 1057 1229 longius
1081 1148 1119 1208 ab

161 1239 189 1304 0
213 1243 320 1316 distet,
345 1241 401 1304 boc
423 1243 600 1322 exquisitius
631 1251 925 1324 repraesentaturum
948 1236 1122 1316 figuramE

163 1329 304 1407 lucentis,
330 1331 493 1394 obliterata
514 1331 660 1411 paulatim
684 1331 778 1410 ligura
802 1329 839 1392 0.
886 1330 936 1391 Ad
959 1328 1015 1389 hoc
1039 1325 1122 1388 obti-

165 1420 296 1482 nendum
311 1427 385 1482 nota
403 1419 540 1498 primum,
566 1421 644 1500 qnod
657 1429 771 1499 puncta
794 1435 988 1482 concursnnm
1002 1415 1041 1490 Κ,
1057 1415 1082 1490 I,
1097 1413 1124 1474 L

165 1527 219 1588 per
241 1507 355 1584 lemma
378 1507 505 1588 primum
531 1508 729 1587 praemissum
757 1507 880 1572 suntin
905 1506 1011 1567 eadem
1033 1505 1124 1576 linea,

165 1614 241 1678 quae
276 1596 463 1676 aequidistat
494 1597 551 1660 NE
589 1597 709 1660 lucenti.
762 1595 891 1658 Proinde
929 1593 1031 1655 omnia
1067 1591 1127 1653 tria

165 1693 236 1748 aunt
267 1685 298 1746 in
334 1685 490 1764 superficie
520 1685 711 1749 illustranda.
757 1684 874 1747 Deinde
907 1681 984 1745 radii
1012 1680 1069 1743 ΓΚ
1096 1687 1127 1740 et
1293 1038 1378 1869 Α

170 1769 230 1836 GL
254 1791 293 1834 ex
316 1771 344 1832 Ε
368 1782 471 1834 centro
496 1774 623 1838 lucentis
644 1793 700 1855 per
723 1773 867 1836 terminos
896 1772 1047 1834 fenestrae
1070 1765 1127 1830 FG
1353 1610 1388 1871 Δ

170 1861 296 1924 demissi
328 1862 469 1923 deferunt
496 1864 564 1942 (per
595 1863 623 1925 f.
657 1863 744 1943 hujus
768 1860 974 1934 corollarium)
1004 1860 1129 1936 figuram
1270 1826 1395 1961 mm

168 1949 323 2014 fenestrae
353 1950 382 2012 in
415 1950 536 2042 planum
566 1953 581 2013 Ι
621 1969 746 2032 eamque
780 1950 927 2022 mediam,
962 1967 1032 2010 nam
1061 1963 1128 2006 eam
1283 1927 1425 2073 qwfi

167 2039 297 2119 undique
316 2039 447 2102 totidem
467 2039 544 2100 aliae
566 2042 677 2120 figurae
698 2040 904 2113 circumstant,
929 2046 1002 2117 quot
1015 2043 1128 2116 puncta
1288 2023 1324 2277 v
1341 2008 1368 2149 l!

166 2127 194 2192 Ε
216 2135 354 2189 centrum
378 2127 585 2190 circumstant.
631 2129 746 2191 Eodem
769 2128 858 2190 modo
882 2125 959 2190 radii
983 2125 1046 2194 PK,
1069 2123 1128 2184 NL

168 2239 187 2278 a
209 2216 349 2279 terminis
382 2217 510 2278 lucentis
537 2217 582 2293 N,
611 2219 636 2280 P
664 2236 718 2297 per
746 2216 774 2282 O
807 2223 942 2278 centrum
975 2214 1126 2276 fenestrae

168 2305 292 2367 demissi
330 2303 470 2366 deferunt
494 2307 562 2386 (per
593 2304 626 2370 3:
653 2305 740 2385 hujus
769 2305 892 2384 ejusque
921 2301 1125 2374 corollarium)
1318 2078 1360 2435 ψ

169 2393 295 2474 figuram
329 2393 457 2455 lucentia
493 2394 644 2456 inversam
682 2413 806 2474 eamque
843 2392 947 2454 itidem
983 2390 1123 2464 mediam,
1240 2336 1308 2475 A
1367 2338 1390 2475 b
1499 2461 1505 2472 ,

167 2501 234 2544 narn
258 2482 392 2544 athana
425 2482 551 2546 totidem
580 2483 659 2546 aliae
692 2483 806 2545 similes
830 2489 862 2542 et
889 2482 951 2542 fere
981 2480 1124 2559 aequales
1249 2464 1253 2499 '
1325 2480 1337 2519 Γ(
1424 2454 1445 2503 v

168 2569 381 2647 circqmstant,
415 2579 488 2650 quot
514 2579 627 2652 puncta
655 2573 807 2634 fenestrae
836 2576 971 2631 centrum
994 2568 1123 2631 circnm-

169 2667 261 2732 atant,
288 2658 359 2738 quia
381 2658 410 2720 in
424 2659 559 2737 'singulis
588 2661 660 2722 talis
689 2660 784 2722 sectio
808 2659 851 2720 fit.
898 2656 975 2719 Cum
998 2673 1069 2734 ergo
1093 2655 1123 2716 hi

170 2755 298 2826 quatuor
327 2747 405 2808 radii
437 2766 470 2807 sc
503 2757 605 2811 mutuo
637 2757 742 2813 secent
769 2748 797 2808 in
828 2747 874 2822 K,
907 2746 934 2807 L
965 2744 1123 2825 punctisl

171 2834 348 2916 superficiei,
366 2836 424 2896 erit
433 2835 491 2898 KL
506 2837 669 2902 communis
683 2855 824 2900 mensura
833 2835 985 2914 utriusque
999 2834 1121 2913 figurae,

172 2933 201 2986 et
224 2923 354 2986 lucentis
378 2925 516 2987 inversae
541 2935 572 2988 et
602 2927 753 2990 fenestrae
787 2924 928 2986 directae.
981 2921 1122 3001 Eligatnr
1212 2942 1215 2975 1

167 3013 227 3092 jam
259 3021 405 3100 punctum
435 3032 489 3093 per
521 3015 677 3094 problema
707 3013 905 3093 praecedens,
936 3011 1015 3091 quod
1043 3029 1120 3090 pan-

172 3101 300 3164 cioribns
333 3101 488 3163 diametris
510 3102 567 3171 FG
600 3105 682 3166 absit
707 3103 746 3164 ab
774 3100 821 3176 Ο,
854 3120 943 3181 quam
966 3099 1121 3162 diametris

172 3189 225 3252 NP
247 3190 340 3251 abest
362 3190 400 3251 ab
422 3191 468 3264 E,
493 3193 591 3272 sitque
619 3193 668 3266 X,
698 3211 752 3272 per
775 3191 855 3272 quod
882 3197 991 3269 agatur
1015 3189 1121 3268 aequi-

172 3278 289 3341 distans
313 3277 469 3340 diametris
492 3281 590 3356 dictis,
616 3301 692 3362 quae
716 3281 834 3342 secabit
851 3279 951 3343 radios
975 3277 1005 3340 in
1022 3280 1061 3352 Η,
1077 3278 1119 3352 Μ,
1557 3301 1564 3307 ·

173 3367 214 3442 Τ,
248 3368 288 3428 V.
345 3366 603 3446 Repraesentebit
638 3388 711 3450 ergo
743 3388 815 3450 pars
846 3368 907 3430 MT
944 3368 1121 3430 diametrum
1146 3396 1173 3445 A
1206 3401 1225 3448 1³
1496 3399 1515 3446 ὓ

173 3455 283 3534 figurae
307 3455 437 3517 lucentia
469 3456 624 3536 inversae,
658 3467 771 3539 quanta
792 3457 876 3523 cadit
907 3475 997 3536 anper
1026 3457 1122 3518 locum

174 3543 210 3620 X,
228 3543 292 3606 HV
316 3561 388 3605 vero
409 3554 457 3606 est
471 3547 616 3611 diameter
633 3548 746 3628 figurae
762 3565 849 3628 quam
868 3546 1001 3608 fenestra
1018 3546 1122 3608 habet.

67 3627 75 3646 ⁹
173 3633 219 3694 lta
242 3633 341 3712 major
364 3631 440 3694 haec
456 3635 514 3696 erit
532 3637 697 3717 quarnilla.
731 3634 909 3714 Plnsigitur
927 3633 1015 3712 hujus
1034 3652 1122 3713 qnam

174 3721 251 3784 illius
275 3719 397 3783 termini
421 3722 572 3788 incurrent
591 3726 620 3786 in
644 3726 757 3788 oculos.
796 3721 911 3786 Contra
934 3721 1130 3802 eligaturper
1147 3720 1226 3783 idern
1249 3726 1404 3802 problema
1426 3745 1522 3806 punc-

173 3817 242 3884 tnm,
268 3808 350 3890 qnod
372 3809 508 3888 pluribus
532 3814 570 3875 ab
590 3812 617 3875 Ο
641 3811 795 3874 diametris
819 3813 971 3874 fenestrae
994 3810 1085 3883 absit,
1109 3827 1199 3890 quam
1219 3811 1374 3874 diametris
1398 3815 1525 3876 lucentia

172 3899 208 3959 ab
239 3897 278 3960 Ε.
327 3898 365 3959 Id
397 3898 438 3959 sit
466 3899 513 3972 Y,
543 3921 597 3980 per
627 3903 704 3980 qnod
734 3910 804 3963 acta
833 3908 867 3960 ut
897 3899 980 3977 prins
1013 3897 1217 3978 aequidistans
1249 3901 1375 3974 ceteris,
1409 3901 1526 3963 secabit

127 3995 131 4002 '
171 3985 270 4050 radios
293 3986 325 4048 in
348 3985 393 4060 A,
418 3987 463 4071 Bt,
486 3985 522 4063 C,
545 3991 584 4050 D.
632 3989 693 4052 Sed
716 3989 786 4069 qnia
818 3987 968 4050 radiorum
1001 3987 1096 4048 sectio
1128 3988 1295 4065 praecessit
1328 3989 1357 4048 in
1379 3989 1409 4050 Κ
1432 3997 1464 4050 et
1486 3990 1522 4064 L,

166 4075 226 4153 jam
250 4075 302 4157 qui
327 4075 411 4138 intus
435 4085 523 4138 erant
546 4086 633 4140 extra
659 4085 739 4153 sunt,
763 4077 878 4156 eritque
897 4075 968 4151 AD,
992 4080 1225 4154 repraesentans
1248 4076 1373 4154 figuram
1398 4078 1525 4140 lucentis

171 4165 328 4239 inversam,
360 4163 460 4242 major
487 4184 575 4244 qnam
599 4163 653 4228 Bc
677 4166 834 4228 dimetiens
857 4165 979 4243 figurae,
1004 4183 1093 4245 qoam
1117 4163 1250 4225 fenestra
1272 4163 1374 4226 habet.
1422 4163 1524 4236 Quare

170 4253 212 4316 bic
247 4255 349 4335 figura
386 4252 516 4316 lucentia
550 4255 647 4335 magis
684 4255 714 4316 in
742 4254 846 4316 oculos
869 4254 1002 4315 incurrit.
1050 4251 1093 4314 Ut
1129 4251 1159 4312 hi
1192 4259 1256 4313 tres
1287 4270 1376 4314 casus
1413 4255 1525 4314 rectius

168 4343 334 4424 capiantur,
364 4341 556 4406 describatur
578 4343 707 4424 primurn
729 4344 823 4423 figura
846 4342 1007 4416 fenestrae,
1032 4340 1076 4402 nti
1095 4339 1149 4402 illa
1166 4340 1195 4401 in
1215 4340 1330 4418 pariete
1355 4341 1526 4421 aqnolibet

165 4441 270 4514 puncto
286 4428 427 4495 lucentis
441 4431 616 4510 exprimitur
630 4440 662 4494 et
675 4432 717 4494 sit
730 4433 803 4510 αβγδ
816 4438 882 4505 (rig.
901 4437 959 4504 49),
974 4431 1072 4509 sitque
1087 4429 1182 4508 figura
1200 4428 1327 4491 lucentis
1346 4429 1465 4492 inversa
1479 4427 1527 4508 εζη

165 4533 246 4586 tanta
265 4531 302 4585 ut
322 4519 437 4582 eodem
456 4521 565 4582 circulo
580 4521 726 4599 capiatur.
765 4521 924 4582 Moveatnr
934 4520 998 4598 jam
1015 4525 1150 4580 centrum
1163 4519 1274 4596 figurae
1289 4513 1338 4594 εζη
1354 4536 1408 4596 per
1423 4537 1526 4580 omnes

162 4615 314 4696 margines
340 4631 380 4682 cr,
405 4607 443 4684 fl,
466 4633 493 4688 γ,
518 4613 551 4678 d,
573 4609 632 4672 erit
654 4611 720 4689 ejus
749 4609 825 4672 situs
856 4609 979 4670 circae
1007 4606 1189 4684 triangulum
1212 4608 1284 4674 dra,
1308 4606 1389 4666 circa
1411 4609 1430 4684 β
1454 4627 1524 4668 vero

160 4707 218 4782 alp,
243 4703 359 4783 itaque
384 4699 499 4777 angulo
521 4723 532 4760 r
554 4698 716 4777 descripsit
744 4699 853 4760 lineam
876 4699 903 4758 ιλ
926 4695 1179 4776 aequidistantam
1207 4695 1255 4770 αβ.
1303 4691 1395 4757 Circa
1417 4719 1432 4774 y
1454 4715 1526 4757 vero

157 4797 207 4860 erit
232 4792 306 4869 ηξ,
335 4799 373 4854 et
398 4785 562 4868 descripsit
593 4788 703 4866 angulo
727 4812 748 4864 μ
771 4785 880 4848 lineam
906 4782 955 4859 με.
1000 4781 1137 4862 Deniqne
1161 4782 1282 4846 circat
1305 4783 1364 4847 erit
1391 4805 1462 4868 opo,
1496 4793 1528 4850 et
