3700 5530
829 207 870 258 De
887 205 1055 262 Stella-Nora
1073 201 1237 274 Serpentadi'

921 489 1041 589 Caput
1066 487 1129 562 1v.

459 669 514 733 Aa
536 667 651 758 divisio
671 664 799 728 zodiaci
819 667 857 728 in
878 665 1047 730 duodecim
1062 675 1176 750 partes
1198 663 1347 747 amalos
1369 667 1414 728 sit
1433 662 1606 730 mealia

439 825 591 906 Principio
615 821 773 894 dicamde
797 843 891 884 causa
914 823 1070 887 divisionis
1086 824 1305 886 duodenariae:
1330 824 1381 886 ubi
1396 844 1456 886 non
1474 841 1552 902 nego
1573 821 1707 885 occasio·

353 937 408 980 nes
430 913 590 977 nonnullas
613 933 632 974 a
654 929 754 972 rerum
776 919 887 974 natura
909 913 1164 985 subministratae,
1187 914 1295 994 quibus
1312 913 1497 975 admonitum
1519 914 1707 973 inventorum

350 1003 506 1070 arbitrium
527 1003 606 1064 banc
628 1000 798 1082 praecisam
820 1001 999 1062 divisionem
1022 1003 1235 1064 duodenariam
1258 1002 1435 1064 introduxit
1479 1001 1598 1064 Harum
1623 1018 1708 1060 occa-

351 1095 467 1157 sionum
487 1090 649 1172 praecipue
672 1097 735 1149 tres
759 1088 889 1150 invenio.
1165 1161 1172 1174 .

439 1181 542 1242 Prima
566 1175 774 1258 suppeditatur
798 1197 816 1236 a
838 1176 1032 1258 proportione
1056 1183 1156 1238 motus
1179 1175 1262 1240 Solis
1285 1176 1325 1238 ad
1347 1185 1462 1240 motum
1477 1177 1596 1240 Lunae.
1634 1175 1708 1238 Dum

354 1269 434 1332 enim
457 1268 511 1330 Sol
534 1267 688 1330 zodiacum
712 1265 805 1326 semel
828 1271 988 1346 peragrat,
1019 1265 1106 1326 Luna
1134 1265 1294 1328 duodecies
1325 1266 1389 1326 lere
1418 1265 1499 1329 redit
1526 1265 1567 1326 ad
1600 1264 1708 1344 ipsum;

355 1359 399 1420 sio
422 1363 524 1418 tamen
546 1362 580 1417 ut
602 1353 642 1414 ad
664 1353 786 1415 tertiam
809 1353 892 1416 Solis
914 1352 1130 1415 revolutionem
1158 1353 1226 1434 ipsa
1253 1351 1438 1418 tricesimam
1465 1354 1629 1434 septimam
1651 1354 1709 1414 fere

353 1444 487 1525 adjiciat.
535 1445 640 1523 Itaque
664 1441 805 1503 zodiacus
832 1439 872 1502 12
895 1441 1108 1518 congressibus
1131 1442 1236 1505 Lunae
1267 1461 1332 1504 cum
1355 1442 1428 1504 Sole
1458 1461 1546 1523 quam
1578 1440 1709 1522 proxime

352 1534 383 1596 in
410 1530 449 1594 12
472 1531 616 1614 aequales
638 1537 743 1610 partes
766 1529 918 1592 dividitur.
1560 1593 1567 1608 ι

440 1621 556 1682 Eadem
581 1637 657 1699 pene
681 1618 800 1679 occasio
824 1617 890 1691 fuit,
915 1615 1033 1696 signum
1056 1615 1212 1695 quodlibet
1235 1615 1404 1696 iutriginta
1419 1617 1533 1696 gradus
1547 1615 1707 1678 dividendi.

351 1713 436 1774 Inter
460 1710 536 1770 duos
560 1707 638 1768 enim
668 1724 850 1784 congressus
872 1706 978 1767 Lunae
1006 1723 1073 1765 cum
1096 1703 1186 1780 Sole,
1217 1705 1265 1788 qui
1289 1714 1323 1768 ut
1340 1703 1406 1784 jam
1429 1707 1540 1768 dictum
1564 1725 1627 1766 uno
1652 1705 1708 1766 sere

352 1800 439 1877 signo
462 1797 588 1870 distant,
613 1790 657 1856 30
681 1794 744 1855 fere
768 1793 833 1856 dies
856 1793 1084 1854 interlabuntur.

442 1885 518 1950 Cum
542 1883 633 1962 igitur
655 1882 726 1944 olim
749 1890 821 1961 post
843 1879 1085 1943 distributionem
1099 1881 1219 1960 generis
1242 1881 1363 1943 humani
1386 1881 1417 1944 iu
1433 1881 1535 1944 orbem
1549 1881 1709 1943 Terrarum

349 1975 438 2056 pauci
463 1981 568 2036 essent
589 1969 695 2031 literas
719 1971 810 2045 docti,
834 1971 936 2051 itaque
960 1978 1099 2030 carerent
1121 1969 1283 2030 diariorum
1298 1971 1520 2044 commoditate,
1545 1989 1608 2050 qua
1625 1967 1708 2030 leodic

351 2061 481 2128 maxime
512 2067 673 2122 acentum
703 2060 790 2121 annis
820 2058 914 2120 utitur
942 2057 1030 2138 plebs
1060 2057 1152 2120 etiam
1182 2057 1296 2120 infima:
1329 2059 1383 2120 sed
1413 2077 1508 2140 neque
1531 2075 1655 2137 semper
1676 2057 1708 2118 dc

353 2157 500 2230 suggestu
523 2147 728 2210 indicerentur
751 2147 862 2219 feriae,
887 2165 1012 2228 quarum
1036 2167 1135 2208 annuo
1157 2165 1280 2208 recursu
1304 2147 1340 2208 de
1364 2147 1486 2210 rusticis
1509 2147 1709 2208 admoneren-

350 2247 400 2300 tur
424 2235 563 2318 operibus
579 2235 689 2316 -(quod
717 2234 766 2295 his
796 2235 878 2296 mille
902 2233 990 2296 annis
1014 2235 1142 2296 obtinuit
1164 2234 1195 2296 in
1218 2235 1374 2310 ecclesia),
1404 2232 1533 2317 sparsim
1563 2233 1708 2316 siquidem
1800 2285 1801 2302 ,

353 2325 534 2390 habitabant
556 2324 712 2404 rariusque
736 2323 968 2386 conveniebant:
1000 2322 1048 2384 his
1077 2323 1169 2402 igitur
1192 2324 1455 2386 commoditatibus
1483 2343 1550 2385 cum
1575 2329 1710 2384 carerent

352 2414 500 2486 homiues,
525 2411 667 2474 credibile
687 2419 735 2473 est
758 2411 897 2472 notitiam
920 2411 1033 2473 numeri
1057 2412 1171 2473 dierum
1195 2411 1223 2474 in
1248 2431 1326 2474 anno
1350 2411 1482 2475 naturali
1505 2411 1544 2473 ad
1559 2409 1709 2492 paucissi-

350 2521 418 2568 mos
445 2499 638 2582 pertinuisse.
684 2501 732 2562 Ac
762 2501 820 2562 etsi
851 2500 935 2562 fuere
966 2517 1085 2579 semper
1115 2509 1146 2562 et
1176 2501 1313 2564 omnibus
1342 2501 1482 2581 gentibus
1513 2519 1589 2560 suae
1621 2497 1708 2560 feriae

352 2601 443 2673 alque
467 2589 677 2664 solennitates,
701 2597 735 2650 ut
749 2588 908 2668 plurimum
931 2595 1033 2649 tamen
1053 2608 1106 2649 eae
1121 2589 1250 2652 mobiles
1266 2599 1361 2664 erant,
1385 2599 1419 2652 ut
1432 2596 1568 2652 nostnrm
1583 2587 1708 2660 Pascha,

353 2688 474 2742 etcum
499 2677 703 2742 lunationibus
727 2696 845 2740 rursum
866 2695 1063 2758 prorsumque
1086 2677 1369 2759 transponebantur.
1412 2680 1517 2758 ltaque
1541 2675 1582 2738 ad
1607 2695 1708 2756 operas

353 2769 488 2834 rusticas
515 2787 630 2830 annuas
660 2785 721 2828 non
751 2765 946 2828 sufficiebant
1000 2765 1057 2826 His
1087 2767 1124 2827 de
1155 2766 1255 2828 causis
1286 2767 1438 2846 agricolae
1469 2764 1646 2826 necessario
1675 2763 1709 2824 ad

354 2861 480 2920 lixarum
503 2862 627 2918 exortus
650 2853 898 2934 contemplandos
912 2852 1030 2915 redacti
1045 2854 1166 2916 luerunt
1179 2847 1416 2935 exstiteruntque
1432 2855 1511 2916 inter
1525 2853 1612 2934 ipsos
1627 2851 1709 2931 hujus
1801 2919 1802 2942 χ

354 2945 533 3026 disciplinae
564 2950 729 3023 praecepta
759 2961 813 3024 per
844 2962 952 3004 maurm
984 2942 1114 3018 tradita,
1148 2943 1236 3024 longe
1270 2943 1354 3024 prins
1386 2963 1474 3024 quam
1506 2941 1545 3004 ab
1575 2939 1708 3006 Hesiodo

353 3033 523 3112 ceterisque
555 3031 740 3094 referrentur
764 3031 794 3091 in
827 3030 941 3092 literas.
988 3031 1037 3094 Ex
1069 3030 1126 3092 hac
1161 3032 1322 3112 disciplina
1353 3032 1467 3094 rustica
1503 3051 1563 3112 qua
1595 3030 1707 3092 ratione

354 3123 485 3186 manarit
513 3139 654 3182 numerus
685 3119 854 3200 signorum,
884 3117 973 3180 facile
1004 3127 1053 3180 est
1082 3121 1283 3182 considerare.
1330 3119 1402 3184 Sive
1432 3119 1511 3182 enim
1533 3120 1574 3180 ad
1596 3121 1708 3182 Lunam

353 3211 476 3290 plenam
500 3207 565 3271 sive
588 3209 626 3270 ad
650 3215 826 3270 nascentem
848 3216 901 3271 aut
923 3207 1136 3270 denescentem
1160 3211 1223 3272 sive
1247 3207 1373 3290 denique
1398 3208 1438 3270 ad
1460 3207 1612 3289 quadras,
1636 3203 1709 3288 quod

358 3295 530 3377 expeditius
553 3303 610 3370 est,
635 3297 837 3376 respexerint,
862 3295 952 3357 facile
976 3305 1043 3358 erat
1064 3295 1178 3374 videre,
1202 3299 1350 3379 quomodo
1373 3295 1457 3358 initio
1481 3297 1563 3358 sacto
1587 3317 1618 3356 v.
1641 3314 1709 3374 μ

357 3384 496 3448 cornibus
510 3383 635 3457 Arietis,
660 3383 784 3446 secundi
799 3384 911 3446 mensis
925 3387 1041 3465 quadra
1059 3387 1140 3464 apud
1155 3406 1267 3448 cornua
1289 3387 1338 3447 vel
1363 3386 1482 3449 oculum
1503 3383 1608 3459 Tauri,
1631 3379 1708 3446 tertii

355 3474 436 3557 apud
452 3472 560 3534 stellas
577 3471 783 3544 Geminorum,
805 3472 903 3554 quarti
925 3473 1006 3554 apud
1020 3473 1164 3538 obscuras
1180 3473 1289 3538 Cancri
1311 3475 1503 3554 reliquaeque
1520 3473 1600 3553 apud
1615 3472 1709 3534 sidera

354 3563 471 3642 reliqua
494 3559 643 3634 steterint,
667 3568 758 3642 atque
782 3561 825 3622 ita
848 3569 931 3624 totns
946 3561 1062 3624 zodiaci
1085 3564 1215 3626 ambitus
1239 3563 1318 3626 intra
1332 3563 1462 3643 spatiaun
1476 3562 1546 3624 anni
1573 3557 1617 3623 12
1638 3557 1708 3621 locis

355 3653 537 3734 quadrarum
559 3648 732 3730 praesentia
755 3647 845 3712 lirerit
868 3649 1014 3731 signatus.

447 3739 523 3803 Cum
552 3757 624 3800 vero
653 3745 788 3818 pateret,
820 3737 878 3799 hoc
900 3739 1079 3819 quadrarum
1108 3757 1233 3800 recursu
1261 3759 1320 3802 non
1342 3739 1479 3818 praecise
1503 3733 1648 3800 constitui
1673 3727 1708 3794 tt

353 3836 468 3910 partes,
492 3827 546 3889 sed
569 3828 745 3888 revolvente
769 3846 847 3888 anno
863 3825 925 3888 alia
943 3827 1006 3890 ficri
1026 3826 1207 3908 quadrarum
1222 3828 1300 3903 loca,
1324 3826 1481 3889 divisionis
1496 3845 1592 3890 novae
1609 3825 1705 3904 signa:

354 3925 474 3982 retenta
503 3923 605 3976 tamen
635 3916 695 3979 fuit
722 3915 862 3996 praecisa
892 3913 1000 3977 divisio
1024 3915 1209 3978 duodenaria
1232 3917 1355 3998 ejusque
1379 3914 1557 3996 principium
1579 3913 1660 3975 idem
1681 3915 1709 3968 et

354 4013 498 4070 constans
519 4011 676 4084 perpetuo.

445 4093 577 4156 Causam
600 4092 689 4171 hujus
712 4091 785 4154 facti
808 4092 886 4152 hanc
908 4099 1070 4154 recensent
1085 4089 1272 4172 Alfraganus
1296 4091 1523 4166 etAlcabitius‚
1546 4108 1637 4172 quam
1658 4104 1707 4170 pro

355 4181 489 4244 secunda
511 4197 720 4242 commemoro.
751 4179 816 4254 Sol,
841 4179 990 4261 inquiunt,
1014 4177 1158 4240 ambitum
1179 4179 1296 4258 zodiaci
1320 4178 1478 4259 distinguit
1500 4177 1530 4242 in
1553 4173 1575 4240 4
1597 4185 1707 4258 partes,

356 4269 484 4332 totidem
507 4266 626 4346 punctis
651 4287 706 4330 seu
729 4266 911 4330 notabilibus
941 4265 1079 4330 terminis
1109 4277 1141 4328 et
1168 4277 1315 4348 perpetuu
1344 4267 1465 4348 qnidem
1491 4267 1608 4330 iisdem.
1654 4265 1708 4326 Est

355 4357 436 4418 enim
458 4363 602 4435 punctum
625 4355 798 4430 solstitiale,
821 4354 853 4415 iu
876 4356 1000 4436 quoSol
1023 4357 1056 4418 lit
1079 4353 1260 4431 altissimum
1285 4364 1334 4418 est
1354 4356 1502 4432 brumale,
1524 4356 1555 4417 in
1579 4374 1638 4436 quo
1653 4353 1706 4414 hu-

355 4445 514 4518 millimus;
546 4450 617 4504 sunt
643 4442 702 4503 duo
725 4441 971 4524 aequinoctialia,
1002 4440 1034 4502 ia
1061 4440 1168 4522 quibus
1196 4445 1312 4506 medius
1335 4446 1369 4506 fit
1391 4444 1468 4506 inter
1490 4444 1578 4524 polos
1599 4437 1706 4504 muudi.

355 4531 424 4593 Illic
446 4531 511 4592 dies
534 4529 729 4608 longissimos
752 4529 801 4592 vel
823 4529 1035 4604 brevissimos,
1065 4530 1114 4591 hic
1143 4532 1282 4594 noctibus
1311 4532 1455 4613 aequales
1476 4530 1558 4592 lacit
1603 4531 1641 4592 In
1663 4525 1707 4588 his

356 4612 378 4680 4
400 4618 520 4696 punctis
545 4613 653 4680 dauni
675 4617 856 4680 decumanae
878 4624 1077 4698 tempestates
1101 4619 1231 4682 reducit:
1255 4639 1324 4692 ver,
1347 4626 1505 4694 aestatem,
1529 4625 1705 4688 autumnum,

357 4704 501 4778 hiemem;
525 4723 601 4785 quae
626 4705 725 4766 omnia
747 4704 899 4804 naturalia
922 4711 1001 4780 sunt,
1024 4725 1085 4768 non
1107 4705 1269 4788 pendentia
1292 4709 1330 4769 ab
1353 4707 1484 4770 hominis
1507 4703 1641 4770 arbitrio.
