3718 5528
796 285 880 354 ειμι
895 285 943 337 vu
964 284 989 336 o.
1505 286 1571 354 205

216 460 304 522 tabet
316 460 489 524 Hebraeum
501 459 634 524 Samech
657 463 779 543 oppleto
803 471 927 526 renue:
952 464 1060 542 angulo
1085 464 1137 526 illc
1152 467 1237 536 (nam
1255 463 1285 524 io
1299 463 1410 526 ceteris
1433 465 1571 543 partibus

218 551 277 610 lere
300 559 368 612 erat
394 552 539 624 rotunda)
569 553 784 631 propemodum
815 571 920 615 versos
951 554 1080 616 medium
1109 552 1191 632 gibbi
1223 559 1377 631 protenso.
1423 553 1489 616 Nec
1513 553 1570 617 hac

218 638 400 701 solummodo
424 639 491 702 vice
514 641 568 702 sed
591 641 713 720 saepius
736 640 868 720 periculo
892 643 975 704 facto
997 659 1115 720 semper
1136 660 1204 704 sese
1228 659 1294 704 cum
1316 641 1426 704 lumine
1451 645 1571 705 macula

219 725 354 805 ingessit,
378 736 413 790 ut
435 729 623 807 impossibile
648 731 689 792 sit
711 730 794 792 visus
818 748 887 792 esse
910 730 1077 810 emphasin.

302 816 420 878 Multus
442 818 494 878 illo
518 818 593 880 libro
609 819 790 880 Plutarchus
808 819 899 880 affert
917 821 954 882 de
975 820 1032 880 hac
1046 819 1150 880 Lunae
1166 817 1245 878 facie
1264 817 1429 897 opiniones,
1455 819 1570 900 aliquas

217 905 308 966 etlam
330 905 533 979 Reinhuldus,
569 925 693 986 quarum
725 907 803 969 hauc
836 907 1010 970 Vitellianis
1033 907 1164 970 maxime
1195 907 1320 985 probat,
1354 927 1429 988 quae
1453 908 1569 972 Lunarn

215 993 354 1073 perhibet
382 995 485 1056 radios
512 994 593 1056 Solis
626 998 833 1058 transmittere
866 997 933 1058 aliis
966 997 1101 1076 partibus
1135 995 1241 1057 aliter:
1276 1015 1352 1076 quae
1381 1015 1453 1058 vero
1484 999 1571 1060 nobis

216 1091 385 1162 appareant
408 1084 552 1158 maculae,
579 1085 735 1147 densiores
758 1103 825 1146 esse
849 1093 968 1163 partes,
993 1085 1099 1165 quibus
1123 1083 1176 1145 Sol
1199 1103 1302 1163 parum
1326 1085 1446 1148 luminis
1469 1086 1571 1148 infun·

215 1170 285 1232 dere
308 1173 416 1250 possit.
454 1173 532 1234 Hinc
557 1173 632 1235 adeo
655 1175 719 1235 deri
742 1173 908 1248 existimat,
933 1182 967 1234 ut
985 1175 1074 1235 Luna
1097 1172 1243 1246 videatur,
1269 1172 1362 1234 etlam
1385 1193 1452 1235 cum
1474 1182 1570 1236 toturn

214 1259 301 1320 uobis
324 1259 426 1322 Solem
455 1262 545 1341 eripit
576 1263 694 1342 objectu
724 1263 771 1324 sui
801 1263 955 1342 corporis:
990 1273 1060 1323 tunc
1091 1262 1170 1322 enim
1200 1262 1330 1323 transire
1364 1263 1465 1325 radios
1489 1261 1570 1324 Solis

113 1426 117 1434 Ι
215 1348 404 1427 aliquatenus
436 1350 590 1430 visumque
624 1359 757 1414 nostrum
788 1351 962 1438 incurrera
994 1351 1110 1411 Verum
1138 1358 1171 1410 ut
1195 1359 1331 1430 apparet,
1357 1351 1483 1413 Vitellio
1512 1371 1570 1414 nou

216 1437 254 1498 de
278 1439 403 1500 maculis
426 1447 493 1500 erat
521 1439 669 1502 sollicitus
693 1459 759 1501 cum
784 1441 861 1501 hauc
889 1439 1018 1518 eligeret
1039 1439 1222 1519 opinionem,
1254 1439 1309 1502 sed
1333 1441 1369 1500 de
1393 1440 1449 1502 hoc
1471 1441 1568 1520 phae-

216 1543 351 1601 nomeno,
377 1545 429 1590 cur
452 1528 482 1590 iu
506 1529 594 1590 totali
618 1527 699 1591 Solis
724 1529 830 1608 eclipsi
851 1528 940 1591 Luna
962 1529 1059 1590 videri
1083 1537 1174 1608 queat
1200 1536 1288 1606 parte
1312 1549 1331 1588 a
1354 1529 1428 1592 Sole
1450 1549 1568 1592 averso.

215 1615 420 1679 Accesserant
442 1618 485 1679 illi
509 1617 636 1679 auctarii
659 1619 725 1680 loco
749 1618 894 1679 maculae.
932 1618 1040 1697 Itaque
1060 1617 1086 1677 si
1111 1635 1165 1678 nos
1183 1618 1261 1678 inira
1284 1617 1570 1682 demonstrationem

215 1703 284 1766 huic
306 1705 511 1785 phaenomeno
535 1707 625 1766 aliam
656 1707 996 1780 accommodaverimus,
1021 1705 1210 1766 liberabimur
1234 1705 1291 1768 hac
1314 1706 1467 1785 opinione,
1493 1727 1569 1788 quae

214 1794 395 1873 permultum
418 1794 511 1855 habet
535 1793 730 1870 difficultatis,
756 1813 936 1875 causamque
965 1795 1147 1856 macularum
1175 1812 1231 1853 non
1263 1796 1499 1874 repugnantibus
1523 1795 1570 1856 his

215 1880 387 1943 auctoribus
411 1884 552 1945 aliorsum
576 1884 773 1945 conferemus.
821 1882 974 1945 Conciune
1003 1901 1131 1962 namque
1154 1883 1334 1944 Plutarchus
1362 1903 1400 1944 ex
1426 1884 1478 1946 illo
1502 1885 1569 1946 exi-

215 1970 274 2032 mio
296 1970 401 2032 Lunae
424 1971 583 2051 splendore
607 1993 626 2032 a
648 1971 721 2035 Sole
744 1979 878 2034 mutuato
902 1972 1032 2051 colligit,
1057 1970 1269 2032 densissimum
1298 1979 1436 2050 oportere
1461 1991 1569 2052 corpus

215 2058 281 2138 ejus
313 2077 397 2132 esse,
428 2061 506 2139 quod
539 2060 691 2122 minimum
724 2061 799 2122 lucis
827 2061 856 2120 in
888 2061 1065 2140 profundum
1098 2059 1248 2120 demittat.
1293 2061 1329 2120 Id
1362 2060 1450 2122 facile
1483 2069 1570 2140 patet

214 2147 375 2210 collatione
407 2149 548 2210 instituta
583 2167 649 2210 curn
682 2149 993 2229 resplendescentibus
1026 2149 1094 2209 aliis
1125 2165 1220 2226 penes
1252 2167 1322 2222 nos,
1356 2167 1480 2229 quornm
1511 2167 1568 2228 quo

215 2236 314 2316 magis
338 2237 484 2316 quidlibet
506 2238 704 2316 perspicuum,
729 2239 786 2300 hoc
809 2239 906 2299 minus
930 2237 1094 2316 repercutit
1116 2235 1278 2298 radiorum.
1309 2234 1374 2298 Nec
1396 2239 1443 2298 ita
1465 2237 1569 2298 multis

216 2325 329 2386 Terrae
353 2325 509 2388 diametris
532 2349 551 2388 a
574 2326 662 2388 nobis
684 2327 771 2387 Luna
798 2326 954 2399 discessit,
988 2334 1022 2388 ut
1052 2345 1071 2386 a
1102 2324 1229 2386 terrenis
1259 2324 1299 2386 ad
1330 2325 1448 2388 lunaria
1476 2343 1567 2404 argu-

216 2413 341 2474 mentari
365 2414 431 2476 visu
454 2415 593 2493 praeside
617 2433 809 2494 nequeamus.
852 2413 970 2484 Quodsi
999 2421 1052 2476 atr
1084 2421 1186 2476 noster
1216 2429 1378 2490 paucorum
1400 2414 1569 2476 milliarium

215 2501 420 2582 profunditate
443 2501 507 2564 Soli
538 2503 725 2566 occumbenti
757 2504 894 2582 objectus
921 2503 967 2564 ita
994 2503 1134 2565 debilitat
1166 2503 1231 2579 ejus
1260 2501 1375 2578 radios,
1406 2509 1440 2564 nt
1463 2502 1571 2565 umbra

214 2608 290 2670 pene
313 2599 439 2653 careant
462 2610 558 2671 opaca
581 2591 646 2654 Soli
669 2592 828 2671 expositu
858 2591 996 2672 idemque
1019 2597 1054 2653 ut
1076 2591 1156 2653 iufra
1179 2590 1309 2662 dicetur,
1334 2591 1487 2670 duplicato
1512 2592 1567 2652 hoc

215 2679 315 2759 spatio
337 2680 427 2760 plene
459 2680 595 2743 umbram
618 2700 711 2761 usque
735 2681 775 2742 ad
804 2681 907 2741 Lunae
940 2697 1048 2759 corpus
1080 2687 1241 2759 prorogat:
1275 2697 1312 2740 on
1336 2698 1394 2740 uun
1423 2679 1569 2742 rariorem

214 2768 270 2829 boc
294 2768 360 2848 ipso
384 2777 488 2832 nostro
511 2775 581 2830 aere
605 2769 764 2831 fecerimus
777 2770 903 2843 Lunam,
928 2768 1028 2848 siper
1050 2765 1571 2848 quingentamilliariaGernrauica

214 2857 348 2936 corporis
371 2857 501 2920 Lunaris
525 2861 628 2930 (tanta
659 2875 787 2938 namque
818 2857 881 2920 lere
904 2866 954 2919 est
985 2858 1144 2920 dimetiens
1168 2857 1287 2928 Lunae)
1316 2856 1446 2918 transire
1478 2873 1570 2934 posse

215 2943 297 3006 Solis
321 2946 422 3007 radios
447 2965 628 3020 asseramus,
651 2955 682 3008 et
706 2947 749 3007 sic
774 2945 893 3026 quidem
916 2946 1056 3018 transire,
1082 2952 1114 3007 ut
1138 2946 1166 3006 iu
1191 2945 1293 3007 oculos
1317 2943 1479 3008 incurrant.

303 3033 570 3113 Elegantissimum
594 3043 641 3097 est
663 3035 737 3098 illud
756 3034 912 3096 Plutarchi
932 3034 1105 3113 opusculum
1125 3043 1158 3094 et
1180 3033 1405 3098 festivissimum
1430 3034 1570 3112 dignum-

215 3139 281 3202 que,
307 3141 364 3203 quo
382 3141 416 3184 se
438 3123 644 3204 philosophus,
669 3122 815 3203 depositis
835 3123 994 3204 aliquando
1015 3123 1122 3185 studiis
1147 3122 1344 3202 gravioribus,
1370 3121 1513 3186 oblectet.
1526 3117 1569 3195 ⁶³)

215 3209 303 3280 Quae
326 3212 402 3273 adeo
434 3220 610 3287 causaest,
644 3221 679 3274 ut
706 3230 764 3273 nou
797 3213 908 3273 invitus
940 3229 1007 3272 cum
1033 3213 1099 3290 ipso
1131 3212 1253 3272 tandem
1287 3218 1409 3274 auctore
1432 3211 1462 3271 iu
1492 3210 1570 3272 hauc

215 3299 398 3362 sententiam
421 3302 597 3376 concedam,
627 3302 712 3380 cujus
736 3301 808 3362 mihi
835 3301 955 3380 quidem
983 3301 1049 3379 jam
1081 3299 1194 3379 pridem
1219 3306 1251 3361 et
1273 3299 1455 3362 Maestlions
1478 3317 1569 3378 prae-

216 3397 320 3468 ceptor
343 3407 426 3450 meus
455 3399 561 3450 auctor
589 3390 665 3451 fuit:
700 3389 872 3467 dicamque,
904 3390 1009 3450 Lunae
1038 3389 1101 3450 tale
1131 3407 1199 3450 esse
1233 3407 1341 3468 corpus
1375 3389 1462 3467 quale
1497 3388 1571 3450 haec

215 3486 322 3540 nostra
344 3478 439 3539 Terra
462 3486 519 3552 est,
545 3497 583 3539 ex
605 3497 685 3559 aqua
708 3486 740 3539 et
762 3478 984 3540 continentibus
1007 3496 1097 3538 unum
1115 3477 1237 3556 globum
1260 3477 1403 3538 efficiens.
1442 3475 1477 3537 Id
1502 3475 1570 3555 qui-

217 3565 284 3628 dem
307 3566 461 3645 pertendit
482 3567 664 3630 Plutarchus
697 3567 857 3648 multisque
889 3566 1055 3628 rationibus
1079 3574 1111 3627 et
1138 3567 1269 3628 oratorie
1294 3573 1325 3627 et
1351 3572 1457 3644 argute
1486 3582 1570 3625 conr·

216 3654 313 3718 munit
335 3661 441 3716 conus
455 3656 558 3717 vanas
582 3655 787 3734 objectiones:
813 3663 847 3717 ut
864 3654 971 3716 merito
990 3653 1092 3718 mirari
1106 3656 1204 3734 possit
1222 3653 1436 3734 peripateticus
1453 3651 1570 3730 aliquis,

217 3750 281 3804 tem
303 3743 401 3804 multa
423 3751 455 3805 et
478 3743 577 3806 solida
600 3753 706 3806 contra
728 3763 801 3806 suae
825 3751 928 3806 sectae
953 3743 1069 3823 placita
1091 3743 1199 3805 disseri
1223 3759 1322 3821 posse.
1368 3741 1420 3802 Me
1443 3738 1570 3818 potissi·

216 3849 295 3893 mum
322 3831 384 3894 ista
416 3833 602 3895 confirmant.
654 3833 784 3895 Primum
817 3851 909 3912 snpra
941 3832 1053 3893 dictum
1085 3839 1146 3906 est,
1176 3831 1309 3904 Lunam,
1335 3847 1400 3890 cum
1424 3828 1571 3889 hisectarn

220 3920 326 3982 taciem
340 3929 560 4000 repraesentat,
576 3922 741 3983 sectionem
750 3921 937 4000 inaequalem
947 3920 1106 3981 ostendere
1116 3927 1148 3980 et
1163 3917 1379 3998 quodammodo
1395 3924 1570 3978 tortuosam.

218 4008 255 4070 Id
279 4017 456 4088 argumento
476 4019 532 4086 est,
557 4021 660 4090 partes
679 4011 744 4089 ejus
763 4010 881 4090 aliquas
900 4027 967 4070 esse
984 4009 1118 4082 humiles,
1143 4009 1259 4086 aliquas
1283 4006 1435 4078 elatiores,
1459 4021 1571 4083 easque

218 4097 249 4158 io
273 4105 401 4170 tantum,
424 4105 459 4160 ut
481 4119 500 4158 a
522 4099 683 4179 sexaginta
712 4098 944 4160 semidiametris
968 4098 999 4159 id
1026 4117 1116 4159 sensu
1143 4095 1273 4158 discerni
1300 4094 1407 4175 possit.
1453 4093 1571 4156 Deinde

218 4185 247 4246 iu
271 4186 449 4266 quibusdam
473 4187 644 4250 Lunaribus
678 4188 840 4266 eclipsibus
867 4207 978 4266 magne
1001 4193 1128 4266 apparet
1151 4185 1369 4264 inaequalitas,
1394 4202 1489 4263 eaque
1512 4199 1570 4244 non

216 4272 255 4335 ab
277 4275 383 4338 umbra
405 4277 516 4338 Terrae
546 4275 698 4356 prodiens.
745 4275 858 4340 Notum
887 4276 967 4337 enirn
995 4283 1057 4344 est,
1090 4273 1235 4336 montium
1267 4272 1392 4351 fastigia
1416 4269 1571 4334 rarissime

217 4362 303 4424 unius
325 4363 463 4426 milliaris
486 4365 587 4444 spatio
611 4365 720 4440 attolli,
746 4383 870 4444 quorum
893 4365 922 4425 in
948 4363 1095 4425 diametro
1109 4363 1221 4426 Terrae
1245 4369 1316 4424 sunt
1333 4357 1427 4424 1600.
1464 4360 1571 4438 Itaque

219 4450 337 4532 siquid
360 4461 410 4516 est
433 4454 461 4514 iu
486 4453 581 4515 Terra
603 4455 790 4533 asperitatis,
814 4455 843 4516 id
866 4453 897 4514 in
921 4453 1021 4528 Luna,
1047 4471 1124 4533 quae
1148 4447 1191 4515 60
1218 4447 1448 4514 semidiametris
1473 4446 1570 4522 abest,

218 4537 391 4604 insensibile
414 4561 482 4603 esse
505 4561 630 4604 necesse
654 4549 711 4604 est.
758 4541 809 4604 Sit
831 4542 910 4604 enim
935 4541 1063 4604 altitudo
1091 4540 1211 4614 montis,
1237 4559 1325 4621 quem
1348 4537 1477 4601 circulus
1500 4536 1572 4600 illu·

220 4628 391 4693 minationis
424 4630 554 4704 oensis,
586 4629 735 4702 milliare,
772 4631 828 4696 hoc
861 4638 910 4692 est
945 4619 1196 4709 octingehtesima
1233 4626 1448 4692 semidiametri
1478 4644 1571 4706 pars:

220 4725 341 4780 masat
372 4719 447 4782 haec
478 4719 633 4800 quantitas
666 4718 757 4781 etiarn
789 4719 855 4800 ejus
887 4721 1010 4782 umbrae
1043 4719 1083 4780 ad
1105 4719 1241 4792 Lunam,
1275 4735 1398 4798 cumque
1432 4714 1573 4794 sexagies

221 4803 406 4886 octingenta,
438 4805 494 4869 hoc
524 4814 573 4870 est
604 4807 800 4888 quinquagies
833 4807 914 4870 mille
947 4809 1009 4870 lere
1041 4803 1184 4870 milliaria
1215 4805 1278 4868 sint
1309 4824 1402 4886 usque
1428 4804 1465 4866 ed
1490 4803 1572 4866 illam
