3464 5524
1495 4 1553 74 Ἴ
1609 25 1627 118 l

339 208 383 281 64
765 213 865 263 literae
882 209 982 275 Keplerl
1001 209 1151 276 aliorumque
1168 215 1270 261 mutuae

339 408 397 454 nou
418 398 519 453 tamen
535 391 625 470 plane
643 398 751 470 quarta
765 405 836 468 pars
849 386 943 466 ipsius
968 384 1031 449 CB.
1078 387 1186 467 Margo
1199 385 1301 468 itaque
1315 385 1364 466 qni
1376 385 1510 448 incendit
1536 385 1566 446 in
1591 407 1607 468 q

341 499 414 543 suae
439 480 577 542 diametri
608 487 657 540 est
686 478 765 546 inter
788 473 812 537 C
837 485 868 536 et
891 475 930 548 F,
963 474 1116 553 proximus
1150 475 1207 555 ipsi
1232 472 1257 536 C
1282 483 1313 536 et
1335 475 1372 536 B.
1418 475 1528 555 Itaque
1561 493 1616 539 non

341 567 489 650 exquisite
512 587 614 630 verum
638 573 745 647 quarta
769 563 908 626 diametri
939 572 1088 645 uteunque
1111 572 1222 626 sumta.
1269 562 1314 625 At
1341 569 1447 624 contra
1464 563 1494 624 in
1522 581 1598 642 para

341 657 479 738 speculo,
505 657 587 736 cujus
610 653 799 737 profunditas
821 659 872 712 est
889 659 999 733 quarta
1018 652 1171 726 diametri,
1196 670 1299 714 ornnes
1323 651 1440 713 omnino
1464 652 1546 714 radii
1571 671 1603 713 co

341 755 412 809 runt
436 745 466 807 in
490 747 568 807 idem
592 753 747 825 punctum,
778 739 857 821 quod
881 742 985 804 iocus
1009 739 1132 818 dicitur,
1166 741 1283 803 distans
1307 741 1397 820 duplo
1421 763 1439 802 a
1461 741 1599 821 margine

342 835 421 917 quod
446 835 542 896 dietat
564 855 583 894 a
606 832 706 893 fundo.
755 829 851 892 Vides
874 829 980 910 igitur,
1006 831 1159 908 Magiuum
1184 837 1350 892 mutuatum
1375 848 1442 891 esse
1466 831 1547 892 hanc
1573 832 1599 892 lo

343 943 411 987 nem
435 943 454 983 a
476 921 648 1003 parabolice
673 928 705 981 et
726 937 885 999 perperam
917 921 1162 981 accommodasse
1185 920 1223 981 ad
1247 919 1447 999 sphaericum.
1494 915 1586 989 Quae

342 1011 487 1074 menteris
511 1010 547 1071 de
571 1008 707 1088 speculo,
733 1008 817 1088 cnjus
841 1007 988 1069 diameter
1011 1008 1053 1069 sit
1071 1004 1142 1082 30‘,
1168 1027 1226 1068 nou
1252 1015 1322 1069 sunt
1345 1007 1430 1087 hujus
1456 1004 1529 1084 loci,
1558 1028 1592 1068 co

342 1119 441 1164 ramus
466 1099 543 1160 enim
566 1098 682 1160 radium
707 1115 744 1158 ex
768 1103 871 1157 centro
896 1093 978 1158 Solis
1002 1097 1220 1175 egredientem,
1245 1115 1303 1157 non
1327 1103 1467 1158 curantes
1491 1097 1575 1177 quod

339 1189 494 1271 physicum
518 1195 675 1268 punctum,
712 1185 744 1247 id
772 1192 821 1245 est
844 1203 962 1264 corpus.
1009 1185 1107 1264 Igitur
1137 1204 1202 1246 cum
1226 1185 1292 1246 dico
1316 1204 1419 1248 ornnes
1442 1185 1548 1247 radios
1573 1205 1605 1248 co

341 1295 407 1340 rere
430 1277 460 1338 in
484 1295 541 1338 nno
565 1284 689 1355 puncto,
724 1273 790 1335 foco
813 1273 990 1353 parabolen,
1025 1273 1160 1353 intelligo
1188 1274 1338 1336 centrales
1371 1293 1409 1335 ex
1432 1271 1516 1336 Sole.
1567 1275 1612 1336 Illi

340 1372 501 1447 propterea
524 1365 603 1444 quod
617 1363 671 1427 Sol
695 1381 802 1441 corpus
827 1369 874 1423 est
898 1361 1028 1442 aliquam
1052 1362 1164 1424 habent
1189 1363 1279 1424 etiam
1303 1361 1508 1437 latitudinem,
1535 1370 1569 1424 et
1591 1363 1614 1424 si

341 1457 426 1517 litum
449 1454 584 1516 insuffles
608 1453 637 1514 iu
663 1453 773 1525 focum,
808 1450 978 1512 formabunt
1007 1450 1220 1513 intersectione
1253 1451 1299 1513 sui
1329 1453 1420 1514 etiam
1442 1470 1555 1532 corpus
1580 1452 1616 1514 ali

341 1543 575 1606 semirotundnm
599 1541 777 1614 candetum,
816 1539 845 1601 in
880 1541 975 1601 sonna
997 1549 1144 1602 cometae.
1190 1539 1252 1602 Sed
1282 1541 1494 1602 concludamus
1520 1542 1600 1602 hanc

340 1633 375 1695 In
399 1631 556 1712 sphaerico
590 1631 674 1692 iocus
698 1648 755 1691 nou
790 1637 837 1690 est
861 1637 1003 1708 punctum
1026 1629 1080 1690 sed
1104 1629 1198 1701 linea,
1230 1629 1287 1690 nisi
1322 1629 1398 1710 ignis
1423 1639 1475 1692 ant
1498 1629 1557 1692 Sol
1581 1631 1622 1708 ips

341 1729 446 1783 centro
469 1721 522 1795 sit,
548 1727 635 1796 tunc,
660 1719 736 1781 unde
762 1717 877 1797 egressi
900 1717 991 1793 radii,
1017 1717 1122 1779 eodem
1145 1718 1350 1781 reflectuntur.

429 1827 653 1890 Breuggerus,
685 1823 830 1873 intermixtis
856 1823 1001 1888 quibusdem
1027 1823 1227 1873 annotationibus
1249 1823 1279 1873 de
1306 1827 1422 1882 cometis,
1448 1825 1512 1885 alie,
1537 1833 1567 1874 nt
1605 1827 1629 1836 ''

340 1897 395 1948 loco
415 1895 568 1954 inserendis,
594 1895 626 1944 ad
652 1893 767 1958 Opticam
791 1894 855 1944 redit
876 1895 911 1944 sic
936 1907 1056 1959 pergens:
1081 1893 1168 1944 Redeo
1186 1895 1288 1944 taudem
1315 1897 1348 1944 ad
1371 1897 1463 1958 priores
1483 1903 1542 1946 tuas
1565 1897 1607 1946 lite

342 1966 385 2018 ³⁰.
399 1967 461 2017 Nor.
477 1963 572 2029 1607),
591 1968 616 2015 in
636 1966 722 2030 quibus
743 1967 825 2030 pergis
843 1979 986 2029 comparare
1003 1965 1129 2015 flammam
1151 1967 1278 2031 vulgarem
1303 1981 1359 2016 cnm
1384 1967 1465 2016 calore
1488 1968 1572 2017 cordis
1594 1966 1625 2030 (p.

343 2047 396 2090 turn
415 2038 496 2103 quoad
509 2037 656 2099 ejectionem
678 2043 884 2086 recrementornm
905 2043 958 2085 tum
979 2037 1163 2102 suggestionem
1184 2037 1250 2087 aeris
1272 2043 1297 2087 et
1318 2037 1429 2087 alimenti
1454 2039 1563 2103 pinguis.
1600 2039 1618 2086 E
1637 2037 1638 2040 ’

340 2111 380 2160 hie
398 2109 510 2158 omnibns
532 2121 652 2174 magnam
673 2107 841 2158 animadverte
864 2107 1112 2172 diversitatemque
1135 2115 1271 2158 commotus
1292 2124 1342 2158 non
1365 2110 1446 2172 patior
1464 2109 1526 2158 mihi
1549 2126 1581 2174 pe

342 2181 418 2230 ullum
441 2179 558 2229 flammae
580 2179 660 2228 locum
680 2193 734 2227 esse
756 2181 782 2228 in
799 2179 880 2228 corde.
917 2177 1109 2228 Recrementum
1126 2178 1234 2244 vulgaris
1255 2179 1372 2230 flammae
1393 2181 1485 2230 siccum
1507 2188 1549 2231 est
1571 2188 1596 2231 et

343 2265 431 2302 nesam
453 2264 484 2300 ac
506 2255 594 2300 atrum.
622 2249 707 2298 Cordis
725 2263 782 2300 sero
797 2264 846 2298 non
872 2249 935 2300 adeo
953 2250 1045 2299 siceum
1063 2251 1121 2314 quin
1140 2251 1171 2300 ab
1191 2250 1316 2300 ambiente
1338 2251 1438 2301 hiberno
1458 2253 1550 2318 frigido
1573 2255 1622 2302 ina

345 2323 423 2387 possit
445 2322 601 2379 condensari,
622 2335 726 2386 eamque
754 2335 804 2370 non
817 2327 898 2370 atram
919 2315 1120 2385 sedjimpiidam,
1147 2322 1213 2387 quod
1238 2328 1362 2371 testamur
1388 2322 1461 2372 ocull.
1500 2323 1625 2373 Flammae

344 2399 453 2454 mentum
478 2399 517 2442 eat
546 2393 644 2458 pinguis
670 2391 808 2450 exhalatio,
844 2397 873 2442 ut
893 2399 960 2442 recte
982 2393 1066 2443 scribis
1095 2389 1166 2454 (uam
1192 2393 1256 2457 quod
1280 2407 1358 2459 nuper
1379 2393 1441 2443 iumi
1465 2396 1616 2445 mentionem

343 2465 440 2514 loeutus
463 2479 517 2513 sum
539 2479 595 2514 cnm
616 2463 762 2521 Aristotele,
790 2464 830 2528 qui
849 2464 982 2528 ignitorum
1003 2469 1137 2514 meteerum
1157 2465 1287 2514 materiam
1310 2465 1371 2514 iacit
1392 2465 1498 2527 furnum,
1522 2481 1629 2532 qnemr

345 2532 474 2600 opponit),
499 2535 627 2600 sauguinis
656 2549 712 2584 rero
740 2533 832 2583 halitus
863 2549 913 2584 uon
936 2541 973 2584 est
994 2535 1105 2600 pinguis,
1129 2541 1278 2592 unctuosus,
1298 2535 1341 2586 sed
1367 2550 1507 2600 vaporosae.
1542 2538 1594 2587 Etsi
1615 2551 1629 2585 a

344 2607 446 2672 sanguis
472 2607 621 2673 pinguedine
649 2620 698 2655 non
723 2619 819 2669 prorsus
843 2612 945 2662 careat,
977 2611 1061 2656 tamen
1089 2607 1114 2655 ln
1142 2620 1171 2656 eo
1191 2613 1322 2670 exsuperat
1350 2613 1409 2657 actu
1433 2606 1570 2658 humiditas
1598 2622 1625 2672 aq

345 2691 410 2743 quae
428 2677 489 2727 iacit
507 2685 535 2727 ιι
553 2677 701 2740 ellychnium
720 2677 841 2741 sangnine
859 2675 986 2726 madidum
1004 2679 1087 2742 ignem
1099 2692 1149 2727 non
1162 2679 1301 2740 concipiat,
1320 2679 1367 2727 nisi
1379 2680 1444 2742 priur
1459 2681 1610 2738 exsiccatum
1627 2681 1634 2726 i

344 2764 392 2814 qne
410 2751 512 2814 sanguis
530 2751 628 2814 ineptus
647 2755 685 2798 est
702 2754 730 2797 ut
747 2749 878 2798 materiam
896 2749 947 2813 igni
959 2747 1108 2812 suppeditet,
1127 2748 1172 2798 sed
1190 2755 1263 2812 aptus
1280 2755 1310 2798 ut
1327 2750 1460 2807 dammam,
1481 2752 1565 2816 siqua
1581 2754 1605 2800 iu
1623 2763 1634 2798 c

343 2821 445 2878 luceret,
465 2821 627 2885 extingueret.
664 2821 714 2868 Aer
732 2834 782 2868 non
800 2820 902 2869 vertitur
919 2821 945 2868 in
963 2819 1079 2868 flammae
1097 2820 1272 2878 snbsmntiam,
1291 2820 1335 2870 sed
1353 2821 1400 2871 hoc
1417 2820 1507 2870 saltem
1526 2829 1645 2886 praestat,

344 2906 391 2942 sua
408 2891 569 2942 ventilatione
589 2893 695 2948 lumnam
715 2905 762 2955 qno
782 2891 844 2940 alies
863 2891 950 2940 ohruta
969 2889 1142 2950 suffocaretur,
1170 2891 1257 2956 abigat
1275 2898 1302 2942 et
1320 2893 1428 2948 cineres,
1447 2893 1602 2955 superficiem
1618 2893 1633 2940 li

345 2979 398 3014 rum
416 2963 575 3028 obtegentes,
595 2961 721 3011 sufflando
740 2963 868 3026 deterget,
892 2975 1020 3011 neaerae
1040 2962 1191 3012 exhalationi
1209 2976 1255 3011 ceu
1274 2963 1391 3012 alimento
1410 2978 1440 3012 ex
1457 2964 1525 3027 ligno
1545 2979 1644 3027 consurg

346 3046 475 3084 accessum
493 3032 615 3084 occludat.
654 3033 768 3082 Acorde
795 3047 852 3082 vero
881 3032 1013 3082 attrahitur
1040 3038 1083 3082 atr
1105 3033 1287 3097 principaliter,
1316 3040 1344 3082 ut
1370 3035 1501 3084 materiam
1520 3038 1612 3100 spiritui
1628 3028 1679 3081 sirali

347 3104 491 3170 generando
510 3103 658 3168 suppeditet.
696 3103 796 3154 Doceat
814 3106 878 3153 euim
896 3104 986 3153 medici
1006 3117 1062 3153 cum
1075 3104 1183 3162 Galeno,
1202 3104 1268 3155 hunc
1286 3107 1398 3169 spiritum
1416 3119 1447 3155 ex
1463 3119 1556 3170 uapore
1574 3103 1679 3170 raugam

346 3190 393 3226 nec
411 3189 461 3224 non
479 3189 511 3223 ex
528 3176 592 3224 atris
611 3175 723 3238 inspirati
741 3176 853 3238 portione
872 3175 1011 3238 purissima,
1031 3189 1077 3224 ceu
1095 3177 1201 3224 materia
1220 3191 1250 3225 ex
1263 3190 1320 3240 qua,
1340 3178 1438 3226 misceri
1463 3183 1491 3226 et
1507 3180 1615 3240 produci.
1648 3175 1679 3224 Se·

347 3245 464 3296 enudatio
483 3260 539 3295 rero
559 3245 654 3295 confert
673 3249 716 3296 aar
735 3245 767 3295 ad
780 3247 928 3309 ejectionem
946 3253 1168 3303 recrementommr
1188 3253 1214 3296 et
1232 3248 1334 3297 tandem
1350 3263 1394 3312 per
1412 3246 1529 3298 accidens
1549 3250 1581 3300 ad
1599 3249 1680 3309 reinge-

346 3317 469 3367 rationem
488 3316 575 3365 cordis.
614 3315 718 3375 Scribis,
744 3319 870 3366 coriatus
888 3317 1010 3366 munitum
1029 3325 1117 3366 contra
1135 3319 1184 3366 rim
1202 3317 1332 3376 decumam
1357 3317 1466 3368 mihi'de
1485 3319 1530 3369 tali
1549 3322 1681 3370 munimenta

347 3387 382 3437 nil
400 3393 507 3437 consmt.
544 3385 631 3438 Multis
650 3402 778 3452 corporum
800 3388 963 3437 hnmanomm
982 3387 1169 3438 dimeetionibna
1188 3388 1333 3454 Tubingae,
1357 3389 1469 3448 Patavii,
1488 3391 1606 3441 Basileae
1623 3391 1680 3438 iuter·

349 3459 398 3519 lui,
418 3458 497 3508 cerdis
515 3458 657 3510 substantia
674 3460 741 3508 intur
760 3465 786 3510 et
803 3465 874 3508 extra
891 3473 967 3522 saepe
987 3473 1061 3510 ame
1078 3461 1133 3508 risa
1150 3460 1196 3508 init
1215 3466 1241 3509 et
1258 3461 1342 3526 digitis
1360 3461 1477 3525 pdpata,
1505 3463 1552 3512 sed
1569 3461 1627 3512 nihil
1642 3471 1680 3507 me·

348 3531 408 3580 mini
427 3544 443 3578 a
460 3543 500 3579 me
518 3530 686 3587 observatum,
706 3530 771 3594 qnod
788 3531 811 3578 ri
828 3530 945 3580 dammae
963 3531 1077 3580 resistere
1094 3532 1179 3596 possit

437 3599 535 3665 Ignium
553 3601 667 3664 proponis
684 3614 802 3666 magnam
821 3603 968 3652 varietatem
993 3609 1019 3650 et
1040 3603 1167 3652 flammam
1186 3616 1216 3651 ex
1234 3603 1290 3650 rino
1308 3602 1439 3652 sublimato
1457 3617 1507 3652 uon
1526 3603 1599 3654 valde
1617 3613 1683 3651 ueren

348 3685 419 3728 esse,
438 3673 503 3736 quod
522 3672 638 3722 concedo.
676 3669 741 3721 Nam
759 3673 825 3737 iguis
837 3674 862 3721 in
881 3673 989 3722 materia
1006 3672 1085 3722 densa
1104 3679 1129 3722 et
1148 3685 1234 3722 crassa
1251 3672 1325 3738 longe
1338 3675 1434 3723 saerim
1451 3679 1490 3722 est
1508 3689 1582 3739 quam
1600 3675 1623 3722 iu
1640 3681 1683 3720 rara

348 3752 375 3793 et
392 3744 477 3800 teum,
497 3744 576 3807 qualis
595 3750 633 3793 est
650 3742 749 3806 spiritus
768 3742 825 3793 riui.
862 3743 920 3792 Jam
938 3757 994 3793 rero
1013 3757 1089 3807 sapor
1107 3745 1235 3808 sanguinis
1253 3745 1331 3793 multo
1350 3745 1454 3796 crassior
1473 3751 1525 3803 est,
1554 3759 1627 3810 qnare
1643 3744 1683 3803 elci

348 3815 429 3880 ignis,
448 3815 540 3879 siquis
559 3821 638 3874 esset,
663 3813 831 3863 vehementior
848 3819 915 3863 esset
937 3827 1011 3878 quam
1032 3815 1073 3879 qni
1092 3828 1108 3865 a
1126 3815 1182 3863 rino
1199 3814 1339 3866 sublimato.
1375 3817 1411 3865 Δι
1428 3817 1482 3879 qnis
1502 3823 1540 3866 est
1557 3818 1597 3882 qni
1613 3825 1683 3880 perpe·

347 3893 391 3936 tuo
409 3885 482 3948 hujus
500 3889 612 3943 aestum,
631 3899 663 3934 ne
682 3884 764 3934 dicam
782 3885 845 3934 illiue
863 3884 1002 3935 emtineetl

437 3957 492 4007 leta
509 3971 575 4007 nunc
594 3955 732 4012 sufficiente
761 3956 954 4019 suppeditabunt
971 3956 1041 4006 uobis
1062 3956 1236 4006 Commentarii
1263 3957 1293 4006 de
1316 3963 1384 4008 motu
1402 3955 1491 4007 Martis
1509 3973 1596 4008 noram
1615 3953 1682 4006 conie-

349 4027 419 4078 sendi
437 4028 583 4150 ἓιιιιιίιῦι,
602 4041 711 4148 quoissspsx
729 4027 845 4076 nundinis
864 4027 1110 4082 Francoiurtenaihns
1125 4031 1180 4091 jam
1199 4029 1350 4079 instantibus
1368 4028 1427 4078 mihi
1447 4029 1528 4079 afferri
1547 4029 1640 4081 curabo.

464 4100 517 4148 onis
564 4099 619 4148 artii
710 4132 716 4146 .

438 4187 641 4266 Keplerus:
666 4186 737 4248 Jam
760 4205 875 4248 rursum
899 4187 1065 4249 extinctam
1084 4188 1167 4267 cupis
1185 4189 1335 4250 flammam
1360 4189 1388 4251 in
1413 4189 1511 4252 corde.
1548 4189 1683 4252 Flammae

351 4284 568 4340 recrementum
592 4275 637 4338 ais
660 4283 773 4350 atrum,
804 4277 904 4338 cordis
926 4277 1091 4356 limpidum.
1138 4275 1335 4356 Respondeo,
1367 4295 1427 4338 non
1451 4277 1550 4340 omnia
1572 4293 1643 4357 quae
1661 4272 1683 4331 iu

351 4365 441 4427 corde
473 4365 611 4426 animalis
641 4365 739 4426 enecti
768 4374 941 4440 cernuntur,
980 4381 1034 4445 pro
1063 4375 1249 4428 recremento
1273 4368 1411 4428 flammae
1439 4365 1543 4428 haberi
1565 4367 1683 4447 possunt.

353 4453 467 4515 Verum
490 4454 628 4515 flammae
660 4462 877 4515 recrementum
900 4454 930 4516 in
965 4454 1055 4515 corde
1079 4453 1199 4516 videtur
1228 4454 1311 4516 calor
1335 4453 1521 4518 arteriarum.
1543 4505 1547 4508 .
1567 4455 1627 4517 Nec
1648 4455 1683 4509 esl

353 4559 480 4602 necesse
503 4560 589 4604 omne
613 4544 752 4605 flammae
785 4549 1002 4605 recrementum
1025 4561 1093 4604 esse
1118 4542 1329 4623 fuliginosum3
1363 4543 1424 4605 vini
1451 4543 1552 4606 adusti
1583 4543 1683 4604 flemme

355 4628 468 4700 nullam
491 4630 602 4691 evomit
625 4629 789 4710 fuliginem.
836 4631 908 4702 Ais,
939 4631 1094 4711 sauguinis
1117 4632 1245 4694 halitum
1267 4650 1446 4713 vaporosum
1470 4651 1552 4707 esse,
1574 4631 1683 4694 alimen·

356 4721 420 4776 tum
439 4715 576 4778 flammae
600 4719 719 4798 pingue.
769 4717 931 4795 conclude,
956 4729 990 4782 ut
1013 4719 1112 4795 lubet,
1138 4739 1297 4800 vaporem,
1321 4721 1370 4802 qni
1389 4720 1526 4786 haletex
1548 4716 1683 4800 sagnuine,
