3718 5528
772 237 855 308 o*tut
870 239 940 294 ΠΕ
961 239 986 294 ²·
1494 236 1557 306 ili

200 417 371 484 ὼιιιιίιιιιιιι
385 417 422 484 ds
447 416 606 484 altitudine
620 417 767 485 maurice
790 419 1031 500 crepusculornm
1045 437 1112 482 oum
1132 417 1280 484 totalibus
1293 415 1375 482 Solis
1395 415 1558 498 eclipsibus

201 515 233 570 et
254 507 346 570 meris
368 507 504 672 tqrgebris
527 507 641 570 diurnis
665 509 743 571 citra
765 507 967 588 prodigiosam
991 507 1122 570 Lunaris
1151 507 1292 572 diametri
1319 506 1556 590 magnitudinem

203 597 373 663 concilient.

288 685 369 750 Nam
392 693 426 748 ut
447 683 634 765 propositum
657 684 780 767 propius
803 703 973 766 urgeamus,
998 684 1130 748 existere
1153 684 1304 748 interdum
1326 685 1468 750 tenebras
1491 693 1556 748 tam

199 775 383 856 profundas,
416 774 600 838 auctoritate
625 782 658 837 et
679 773 815 838 historiis
839 773 950 856 liquido
973 775 1128 855 probatur.
1174 773 1340 854 Propterea
1363 775 1553 852 Plutarchus,

200 870 236 926 ιιι
254 863 441 926 vcnuninc
465 870 641 943 argumento
669 861 831 938 evinceret,
854 863 972 926 Lunam
995 882 1054 926 non
1078 881 1146 926 esse
1168 863 1348 944 pellucidam
1372 881 1427 926 uec
1450 872 1554 927 trans-

131 956 135 966 '
198 951 319 1016 mittere
343 951 426 1017 Solis
449 951 571 1027 radios,
604 952 643 1015 ad
666 953 824 1032 vulgarem
845 959 992 1034 provocat
1015 951 1241 1034 experientiam.
1287 965 1421 1028 uantum
1448 952 1554 1034 iuquit,

197 1053 282 1108 abest
300 1071 337 1110 ne
357 1054 476 1126 tuipsa
498 1057 531 1108 ut
550 1068 611 1108 cum
631 1052 695 1124 ipsa
713 1051 743 1108 in
763 1053 838 1108 coion
858 1052 976 1108 obscura
997 1040 1222 1122 (inconspicua)
1252 1052 1297 1118 sit,
1319 1058 1378 1108 tum
1398 1067 1484 1124 saepe
1504 1069 1555 1107 nu·

196 1158 273 1198 merc
292 1142 385 1199 &lem
405 1159 513 1214 qunque
534 1143 695 1198 amandat.
738 1131 781 1194 Et
799 1129 922 1195 adducit
943 1130 1173 1212 Empedoclem,
1198 1130 1248 1212 qui
1271 1131 1362 1194 etiam
1385 1130 1554 1194 evidentius

197 1219 277 1284 hanc
300 1221 483 1286 sententiam
505 1220 643 1284 versibus
665 1219 823 1300 exprimite

489 1347 529 1401 Et
548 1345 652 1400 Terrae
672 1346 794 1416 spatium
814 1351 872 1402 tam
892 1345 980 1400 latum
1001 1343 1103 1398 lumine
1123 1341 1226 1416 privat,

491 1426 578 1489 Quem
598 1426 687 1481 latum
706 1427 827 1498 glaucae
847 1425 944 1480 Lunae
966 1423 1157 1494 complectitur
1176 1423 1260 1480 orbis.

285 1538 381 1602 Paulo
405 1537 503 1602 minus
527 1539 662 1620 intelligo
686 1539 828 1621 spatium,
851 1546 887 1602 nt
910 1539 969 1602 fert
991 1537 1070 1599 ratio
1093 1535 1285 1618 geometrica.
1327 1535 1414 1610 Quae
1436 1535 1550 1619 Empe-

196 1627 292 1690 doclis
324 1628 419 1690 verba
449 1627 629 1691 Plutarchus
666 1627 710 1690 ita
739 1628 950 1710 prosequitur:
987 1636 1119 1701 Perinde,
1148 1625 1208 1703 ait,
1237 1653 1271 1692 ac
1298 1638 1321 1693 si
1342 1637 1370 1693 in
1395 1643 1503 1692 noctem
1523 1643 1554 1691 et

195 1728 338 1793 tenebras,
359 1745 414 1782 ncn
434 1727 463 1782 in
484 1727 560 1782 auno
580 1733 685 1782 merum
705 1727 799 1782 lumen
819 1727 892 1784 Solis
912 1724 1062 1782 incidisset.
1115 1713 1212 1778 Paulo
1241 1723 1312 1796 poet
1344 1715 1449 1778 eodem
1481 1734 1552 1777 usus

196 1811 374 1886 argumento
403 1816 521 1868 noctem
550 1805 756 1887 quotidianam
785 1823 877 1869 ausus
907 1812 956 1867 est
978 1822 1151 1884 comparare
1175 1823 1243 1867 oum
1265 1803 1313 1867 his
1337 1803 1470 1866 tenebris
1494 1804 1549 1866 sub
1639 1823 1649 1830 ·

197 1893 323 1975 eclipsin
348 1893 445 1970 Solis,
481 1893 607 1976 indeque
631 1901 663 1957 et
686 1895 797 1958 Terrae
826 1902 858 1958 et
880 1893 985 1958 Lunae
1018 1893 1144 1956 eandem
1175 1894 1307 1958 tribuere
1329 1892 1552 1968 substantiam,

193 1992 357 2065 propterea
380 1984 460 2063 quod
482 1991 607 2064 utraque
623 1981 726 2046 Solem
750 1984 968 2066 cadempleno
990 1980 1107 2046 ratione
1128 1981 1275 2063 impediat
1292 1982 1439 2063 rebusque
1464 1990 1552 2044 teue-

194 2073 268 2135 bras
292 2071 425 2136 inducat.
472 2070 533 2136 Ubi
554 2073 707 2135 Thoonem
729 2092 803 2135 suae
827 2071 940 2136 aetatis
963 2070 1209 2134 mathematicum
1238 2069 1353 2134 inducit
1380 2070 1471 2150 plane
1495 2069 1552 2131 hoc

193 2161 299 2224 thema
321 2159 543 2233 defendentem,
568 2161 645 2242 quod
669 2179 726 2242 ego
746 2162 813 2243 jam
837 2169 935 2225 tracto
959 2168 992 2223 et
1014 2159 1121 2222 iisdem
1144 2161 1331 2240 argumentis
1354 2160 1392 2222 ab
1417 2158 1550 2220 auctori-

193 2257 259 2312 tate
288 2255 423 2312 veterum
458 2249 604 2314 deductis.
658 2260 769 2328 Theon,
795 2251 906 2333 iuquit,
930 2259 975 2316 hic
994 2267 1102 2324 noser,
1124 2259 1148 2316 si
1168 2277 1223 2326 non
1243 2259 1415 2324 concedetis,
1446 2256 1551 2310 tantae

195 2337 314 2400 scilicet
336 2338 400 2400 heri
424 2336 576 2415 tenebras,
607 2347 789 2406 Mimnernum
810 2349 949 2423 allegabit
969 2356 999 2403 ot
1019 2349 1133 2422 Cydiam
1153 2357 1184 2405 et
1203 2349 1400 2406 Archilochum
1420 2357 1450 2405 et
1469 2365 1552 2420 prae·

193 2435 239 2484 ter
259 2428 309 2483 hos
330 2427 519 2484 Stesichorum
540 2445 574 2483 ac
591 2429 749 2496 Pindarum,
771 2429 817 2501 qui
838 2432 986 2502 deplorant
1006 2428 1035 2484 in
1054 2430 1208 2486 defectibus
1229 2429 1477 2502 splendidissimum
1499 2429 1551 2484 eibi

193 2508 264 2579 eripi
284 2509 376 2564 Solem
396 2517 427 2564 et
447 2508 526 2581 quasi
546 2509 574 2564 in
595 2510 685 2565 media
705 2517 786 2566 nocte
808 2527 838 2566 se
866 2528 928 2565 esse
955 2510 1102 2582 radiosque
1123 2509 1195 2566 Solis
1221 2511 1369 2565 tenebroso
1400 2510 1466 2566 ferri
1494 2517 1551 2564 tra·

191 2596 276 2654 mite:
309 2615 393 2670 super
420 2614 513 2654 onnes
543 2589 687 2662 (omnium
711 2589 945 2670 antiquissimus,
970 2607 1022 2650 sen
1047 2597 1118 2650 ante
1137 2591 1257 2660 omnes)
1280 2599 1425 2664 Homerus,
1442 2585 1551 2662 (Chri-

192 2676 312 2740 stianus
342 2677 451 2759 aliquis
475 2675 600 2739 Esaiam
629 2675 773 2758 adjunget
800 2697 825 2740 c.
852 2675 919 2752 13.)
940 2689 987 2758 qni
1008 2686 1093 2743 fades
1113 2688 1252 2744 hominurn
1272 2694 1354 2743 nocta
1376 2694 1407 2742 et
1429 2687 1550 2760 caligine

192 2775 324 2847 mcupsri
344 2775 394 2842 ait,
416 2776 562 2848 Solemque
583 2783 614 2831 et
632 2777 740 2832 Lunam
760 2778 794 2831 do
814 2777 892 2832 coelo
912 2777 1039 2847 periisse.
1067 2765 1154 2828 Adeo
1178 2767 1235 2829 hoc
1258 2766 1337 2846 apud
1356 2765 1551 2828 Plutarchum

192 2855 225 2918 iu
259 2855 398 2918 confesso
429 2863 487 2917 est.
533 2855 580 2917 De
608 2852 783 2919 Stesichoro
812 2863 844 2916 et
871 2855 1002 2916 Pindaro
1034 2855 1150 2918 Plinius
1181 2855 1232 2919 lib.
1268 2855 1310 2918 ΙΙ.
1340 2873 1407 2935 cap.
1442 2852 1491 2916 12.
1522 2855 1551 2916 in

192 2943 272 3006 hunc
296 2944 432 3006 modum:
475 2953 621 3010 Hominum
648 2961 740 3011 mente
761 2955 790 3010 in
814 2955 966 3010 defectibus
991 2955 1137 3010 stellarum
1162 2955 1272 3010 scelera
1292 2960 1343 3009 aut
1362 2960 1477 3010 mortem
1497 2952 1549 3009 sli-

193 3050 277 3106 quam
304 3033 422 3089 siderum
448 3040 585 3105 parente:
616 3051 669 3106 quo
690 3036 719 3090 in
738 3041 815 3092 metu
834 3034 920 3090 hrisse
941 3033 1093 3090 Stesichori
1113 3041 1144 3090 et
1163 3033 1275 3092 Pindari
1299 3041 1395 3090 nabrm
1420 3033 1550 3089 sublimia

193 3129 245 3170 ora
264 3115 360 3185 palam
379 3120 432 3180 est,
455 3113 574 3186 deliquio
594 3113 676 3170 Solis.

282 3190 460 3256 cleomedes
481 3193 563 3255 idem
585 3194 676 3273 plane
698 3211 765 3256 cum
783 3191 945 3256 Plutarcho
968 3210 1132 3275 persuasus
1156 3211 1266 3256 causae
1289 3191 1382 3255 etiam
1406 3193 1544 3273 phaeno-

190 3280 272 3344 meni
294 3281 534 3344 decantatissimi
562 3281 688 3344 reddere
714 3281 889 3362 profitetur,
923 3300 977 3345 cur
998 3282 1085 3344 Luna
1108 3280 1189 3345 Solis
1219 3281 1321 3344 radios
1353 3300 1411 3343 uon
1441 3289 1546 3345 traus-

191 3371 314 3447 mittat,
339 3371 418 3452 quod
441 3390 479 3434 ex
500 3379 564 3432 can
587 3369 743 3450 profundis
766 3369 900 3433 tenebris
932 3371 1133 3452 colligebatur
1140 3389 1149 3447 ;
1183 3372 1276 3445 item,
1306 3399 1355 3436 cnr
1382 3398 1442 3436 cun
1467 3383 1549 3437 Luna

190 3461 280 3518 minor
300 3460 346 3528 sit,
367 3460 461 3518 Solem
481 3462 602 3517 occultet
622 3460 747 3516 omnibus
768 3460 890 3532 corporis
911 3461 971 3532 ejus
992 3462 1119 3534 pertibus
1140 3463 1255 3518 obstans
1281 3461 1388 3534 totique
1408 3461 1468 3532 ejus
1489 3462 1548 3516 dia·

190 3555 281 3606 metro
302 3551 444 3607 subteneo.
489 3541 532 3603 Et
567 3559 634 3603 cum
666 3539 797 3620 priorum
833 3541 1032 3621 quorundam,
1065 3539 1223 3622 Sosigenie
1251 3549 1339 3621 puto,
1376 3540 1545 3620 opinionem

190 3629 407 3705 recensuisset,
442 3641 513 3712 qnod
543 3637 572 3694 in
601 3637 734 3711 perfectis
764 3637 1017 3708 conjunctionibus,
1049 3643 1158 3713 quando
1188 3645 1286 3695 centra
1313 3638 1489 3696 luminarium
1517 3641 1546 3696 iu

190 3721 288 3775 eadem
308 3725 388 3775 rectu
408 3725 566 3785 comantur,
587 3719 659 3776 Solia
681 3718 774 3774 orbita
794 3719 896 3774 dromo
914 3720 1022 3776 Lunam
1044 3720 1230 3792 amplectatur
1249 3719 1370 3790 undique
1391 3721 1544 3775 excedens:

190 3817 283 3861 ausus
311 3806 360 3860 est
388 3799 508 3881 obloqui
537 3796 730 3872 cleomedes,
768 3797 855 3878 quasi
883 3825 938 3864 non
964 3809 1002 3865 ait
1031 3810 1085 3865 hcc
1114 3808 1308 3866 obsecratione
1336 3809 1544 3878 deprehensum.

188 3897 302 3954 Fuisset
320 3897 400 3964 enirn,
424 3887 539 3969 inquit,
572 3897 652 3955 nobis
680 3897 756 3954 visua
786 3903 889 3954 extens
920 3897 974 3955 iste
1002 3899 1119 3966 limbus,
1154 3915 1215 3954 cum
1244 3897 1282 3953 sit
1315 3896 1543 3969 mlgentissbnue.

189 3978 239 4042 lta
260 3977 351 4057 plane
374 3976 433 4040 sibi
456 3995 572 4058 quoque
595 3977 709 4040 totales
732 3975 861 4058 eclipses
885 3977 967 4040 visas
989 3979 1120 4041 affirmat
1143 3984 1176 4040 et
1198 3976 1339 4058 generale
1363 3976 1419 4038 hoc
1443 3976 1546 4040 therua

189 4065 273 4128 facit.
319 4066 387 4128 Hoc
417 4065 496 4129 idem
519 4064 691 4128 Martianus
715 4063 862 4146 Capella:
892 4077 1003 4144 crebro
1029 4065 1142 4149 inquit,
1172 4075 1201 4132 in
1227 4075 1340 4132 obnata
1359 4075 1417 4130 Dia
1434 4074 1544 4132 Merces

186 4164 351 4236 proveniens
371 4164 444 4222 dolis
474 4167 598 4222 deiectus
625 4165 750 4236 ejusdem
776 4183 815 4222 ex
840 4168 913 4222 omni
936 4174 1018 4238 parte
1045 4173 1134 4224 totum
1159 4165 1336 4223 obumbravit
1354 4165 1457 4221 orbem.
1500 4154 1544 4218 Et

185 4243 390 4324 Albategnius
412 4263 467 4325 pro
491 4245 630 4306 confesso
655 4251 782 4324 usurpat
805 4252 902 4308 totum
921 4243 1024 4308 Solem
1046 4246 1119 4326 tegi.
1151 4245 1278 4309 Vitellio
1302 4244 1395 4306 etiam
1418 4263 1541 4308 causam

185 4332 288 4407 affert,
314 4351 367 4394 cnr
389 4335 418 4394 iu
443 4332 533 4396 totali
556 4331 638 4396 Solis
671 4333 792 4396 defectu
815 4333 903 4397 Luna
925 4335 1008 4396 cerni
1030 4334 1137 4415 possit
1183 4333 1226 4396 Et
1248 4333 1279 4396 iu
1301 4351 1419 4396 summa
1442 4333 1542 4396 uultus

185 4439 316 4503 unquam
346 4421 405 4484 fuit
431 4431 638 4494 astronomus,
669 4421 721 4503 qui
748 4422 806 4486 hoo
833 4423 898 4486 heri
928 4422 1118 4487 dubitasset:
1149 4429 1337 4505 quotcunque
1361 4420 1541 4484 diametrum

184 4509 290 4574 Lunae
312 4510 460 4591 maiorem
482 4530 550 4574 esse
573 4510 726 4575 tradidere
750 4511 898 4574 diametro
921 4510 1004 4576 Solis
1028 4512 1067 4576 ed
1089 4512 1205 4587 visum3
1229 4529 1333 4574 omues
1357 4520 1459 4573 autern
1482 4509 1539 4574 boc

184 4600 322 4664 docuere.
368 4599 434 4664 Nec
456 4599 582 4664 mirum:
614 4600 722 4680 plenae
745 4619 873 4683 namque
896 4608 968 4664 sunt
990 4601 1136 4666 historiae
1158 4600 1380 4682 exemplorum,
1414 4618 1538 4681 quorum

184 4688 286 4769 aliqua
308 4707 347 4752 ex
360 4688 525 4754 lduestlino
548 4695 581 4752 et
594 4689 767 4753 Mercatore
789 4696 823 4752 et
844 4689 997 4755 historicis
1021 4690 1153 4773 antiquie
1176 4691 1207 4754 in
1226 4687 1357 4754 medium
1377 4689 1536 4754 adducam.

182 4777 262 4842 Nam
283 4778 362 4842 baec
383 4779 628 4844 commemoratio
651 4795 712 4842 non
739 4784 859 4844 tanum
888 4779 937 4844 bic
968 4779 1054 4846 utilis
1083 4786 1146 4852 est,
1179 4779 1236 4844 sed
1262 4779 1354 4846 etiam
1385 4779 1425 4846 ad
1454 4777 1538 4846 abnd
