3700 5530
783 287 865 354 111
882 289 913 341 x.
1459 289 1526 358 aar

260 464 364 530 Oansa
392 467 534 548 epioyoli,
566 486 620 530 seu
650 465 729 546 apud
754 464 952 546 Oopemicum
975 483 1070 530 eausa
1093 467 1235 530 circuitus
1259 468 1370 530 Terrae
1398 471 1431 531 et
1459 486 1526 530 oum

172 577 209 627 ea
230 555 326 629 visus,
350 556 491 637 planetae
515 556 601 620 uobis
620 574 679 617 non
698 573 816 634 semper
835 555 986 636 progredi,
1011 557 1065 618 sed
1088 557 1238 624 interdum
1261 564 1354 630 stare,
1378 556 1529 626 interdum

175 655 206 708 et
234 647 424 714 retrocedere
452 647 602 710 videntur.
649 643 755 718 Stare,
789 663 857 708 cum
889 645 992 708 multis
1021 645 1159 708 noctibus
1189 647 1270 725 apud
1298 645 1423 707 easdem
1452 645 1529 706 lixas

173 736 295 798 haerere
324 735 604 816 deprehenduntur:
637 733 843 809 retrocedere,
875 753 941 796 oum
970 733 1056 796 initio
1087 734 1167 814 apud
1199 735 1276 796 liras
1309 733 1527 806 orientaliores,

173 833 244 905 post
267 825 332 886 dies
357 825 473 905 aliquot
496 826 576 905 apud
599 821 849 886 occidentaliores
879 830 1056 898 cernuntur;
1089 823 1133 885 nti
1165 841 1181 884 e
1209 822 1359 886 contrario
1393 823 1527 902 progedi,

172 931 238 978 cnm
262 915 297 976 lit
320 915 512 976 contrarium.
560 913 632 989 Sed,
656 921 690 975 ut
714 911 791 988 dixi,
816 912 897 992 apud
921 912 1127 974 Ptolemaeum
1150 931 1219 974 vere
1243 911 1438 976 retrocedunt
1458 910 1529 992 pla·

174 1011 261 1066 11111
285 1002 315 1065 in
340 1004 402 1066 anis
426 1002 579 1084 epioyolis,
605 1003 674 1066 dum
698 1007 863 1082 peragrant
886 1001 1056 1064 inferiorem
1075 1021 1177 1064 eorum
1192 1001 1429 1064 semicirculum:
1454 1020 1529 1077 cum,

125 1134 129 1142 -
174 1099 208 1156 nt
231 1093 321 1154 docet
345 1092 374 1154 in
398 1093 586 1156 Meshanioie
609 1091 810 1166 Aristoteles,
840 1091 969 1154 circulus
992 1090 1021 1153 in
1045 1100 1150 1172 partes
1174 1092 1342 1155 contrarias
1374 1098 1531 1153 moveatur

174 1173 232 1276 nhc
257 1181 421 1262 eodemque
444 1190 541 1257 motu,
566 1183 621 1244 aed
645 1179 773 1243 diversis
796 1181 946 1260 partibus,
971 1189 1004 1242 et
1027 1181 1074 1243 hic
1097 1181 1228 1261 partium
1251 1189 1350 1246 motus
1374 1187 1529 1260 retrogra-

174 1270 229 1332 dus
252 1269 410 1332 celeritate
436 1279 557 1351 superet
578 1287 772 1350 progressum
802 1270 899 1332 oeotri
921 1269 1095 1332 tardiorem.
1142 1271 1227 1333 Idem
1256 1271 1335 1351 apud
1359 1269 1530 1351 Tychonern

173 1359 227 1432 lit,
249 1358 377 1438 planeta
400 1359 519 1439 quidem
546 1359 575 1420 iu
601 1358 769 1421 ecoentrico
797 1359 931 1422 nonnihil
960 1359 1188 1440 progrediente,
1221 1361 1276 1422 sed
1300 1381 1319 1421 a
1342 1357 1424 1422 Solis
1448 1366 1530 1419 motu

175 1449 241 1529 ipse
264 1467 325 1512 uua
348 1467 414 1511 cum
446 1457 512 1510 toto
536 1467 590 1510 suo
615 1447 782 1510 eccentrioo
814 1455 999 1523 retroactus,
1022 1450 1052 1510 in
1076 1456 1194 1529 partem
1227 1449 1410 1512 contrariam
1443 1450 1530 1528 longe

177 1538 309 1600 velocius
339 1538 463 1617 rapitur.
511 1535 587 1600 Cum
610 1555 682 1600 vero
705 1555 759 1615 per
782 1531 812 1599 l.
838 1538 937 1618 quarti
961 1538 1136 1602 Vitellionis
1168 1539 1249 1600 linea
1281 1546 1367 1601 recta
1393 1537 1533 1599 videatur

175 1635 331 1707 punctum,
366 1647 432 1692 oum
456 1635 504 1690 est
527 1627 640 1688 directe
664 1646 684 1688 a
706 1626 772 1688 visu
795 1634 922 1688 extensa
944 1629 1084 1703 ulterius,
1109 1628 1190 1690 idem
1213 1628 1271 1690 erit
1292 1646 1368 1708 pene
1389 1625 1532 1708 judicium

178 1724 210 1778 et
232 1717 269 1778 de
294 1716 420 1798 epicyoli
443 1716 546 1780 circuli
574 1715 729 1796 opsidibus
759 1735 813 1778 seu
841 1715 960 1796 punctis
993 1725 1167 1792 contactus,
1202 1717 1252 1795 qui
1276 1736 1364 1780 arcus
1388 1739 1406 1778 a
1428 1722 1533 1778 nostro

180 1805 246 1868 visu
269 1805 384 1868 directe
407 1824 483 1884 pene
507 1825 624 1866 sursum
653 1812 813 1884 vergentes
841 1805 871 1866 in
900 1806 975 1868 coeli
1008 1807 1257 1886 profunditatem,
1290 1807 1316 1868 11
1339 1825 1397 1867 non
1420 1805 1533 1884 puncti,

180 1893 321 1958 minimae
354 1903 435 1958 certe
466 1893 646 1975 quantitatis
680 1893 779 1972 specie
811 1900 972 1975 apparent,
1004 1915 1095 1975 quare
1120 1904 1152 1957 et
1174 1894 1339 1958 tardissimi
1372 1895 1453 1956 circa
1481 1913 1534 1955 aas

180 1991 285 2065 partes
309 1992 489 2048 cernuntur:
523 1984 625 2062 itaque
650 1984 712 2046 fieri
736 1989 852 2061 potest,
884 1985 1019 2065 quamvis
1042 1985 1192 2047 velociore
1217 1983 1352 2067 epicyclo
1376 2001 1465 2066 quam
1489 1991 1537 2043 est

179 2073 382 2142 ecoentricus,
406 2081 440 2136 ut
463 2073 653 2136 nihilominus
676 2079 777 2134 motus
800 2073 960 2135 eooentrici
979 2073 1013 2136 'in
1038 2074 1197 2155 sequentia
1224 2083 1256 2135 et
1278 2082 1378 2136 motus
1410 2073 1538 2153 epioyeli

181 2162 210 2224 iu
234 2161 419 2224 contrarium
451 2161 489 2222 ad
523 2180 645 2223 sensum
678 2161 753 2223 fiant
781 2162 941 2242 aequales3
975 2162 1077 2243 itaque
1101 2163 1221 2226 sublato
1245 2164 1341 2226 altero
1366 2161 1404 2224 ab
1429 2161 1536 2236 altero,

178 2251 305 2332 planeta
333 2259 415 2313 stare
448 2251 588 2312 rideatur
615 2249 704 2331 inquo
728 2250 813 2312 coelo
836 2251 903 2330 ipso
930 2260 1070 2333 respectu
1093 2253 1241 2334 sphaerae
1263 2253 1391 2314 lixarum
1412 2251 1540 2314 haereat

180 2341 286 2402 eodem
309 2339 376 2402 loco
399 2338 612 2420 longitudinis:
637 2339 774 2419 quamvis
798 2339 970 2404 interimis
994 2341 1074 2404 linea
1095 2360 1172 2423 pene
1196 2348 1282 2404 recta
1303 2342 1354 2403 vel
1377 2362 1396 2402 a
1417 2339 1494 2401 risu*
1510 2340 1542 2400 in

181 2429 336 2492 aetherem
374 2448 533 2494 ascensum
571 2429 712 2492 moliatur
743 2429 795 2490 vel
827 2448 866 2492 ex
897 2431 1044 2510 profundo
1082 2431 1205 2493 aethere
1238 2431 1277 2493 ad
1311 2431 1436 2494 Terram
1472 2445 1541 2491 sese

180 2519 332 2584 demittat.

269 2614 358 2688 Quod
385 2635 457 2678 vero
481 2613 680 2697 Oopernicum
713 2616 837 2693 attinet,
872 2623 940 2686 tota
962 2617 1037 2680 haec
1065 2617 1234 2679 stationum
1257 2625 1289 2679 et
1312 2617 1540 2702 repedationem

181 2727 332 2788 φαπασια
353 2705 552 2786 pulcherrime
576 2724 614 2767 ex
638 2706 747 2786 optieis
771 2707 1002 2769 demonstratur.
1036 2706 1084 2768 Ac
1108 2706 1246 2786 quamvis
1268 2707 1379 2768 rectius
1404 2706 1479 2767 haec
1502 2723 1541 2766 ex

182 2799 248 2878 ipso
273 2797 429 2860 discuntur
451 2803 593 2871 anctore,
617 2814 655 2858 ne
674 2803 775 2858 tamen
794 2794 843 2857 hic
862 2796 937 2858 nihil
956 2796 1069 2858 dictum
1089 2796 1131 2858 sit
1151 2796 1231 2876 qnod
1250 2785 1394 2858 lectorem
1414 2794 1538 2869 afficiat,

182 2893 320 2966 repetam
353 2885 549 2948 fundamenta
578 2885 675 2948 tribus
708 2884 808 2947 verbis
841 2903 879 2946 ex
908 2886 974 2966 ipso
998 2885 1135 2947 Euclide.
1182 2883 1329 2965 Equidem
1352 2883 1396 2947 sic
1420 2901 1540 2960 censeo,

185 2975 242 3040 nisi
267 2975 329 3038 alia
351 2974 561 3038 habuissemus
585 2981 772 3054 argumenta,
798 2974 904 3054 quibus
923 2974 1012 3054 hujus
1028 2972 1255 3056 Oopernioanae
1279 2974 1448 3037 sententiae
1467 2991 1541 3056 pro-

183 3066 286 3129 batur·
300 3062 479 3144 antiquitas,
512 3064 562 3125 rel
592 3064 689 3127 solum
722 3064 799 3126 hunc
828 3063 925 3125 locum
949 3063 1085 3126 sufficere
1108 3063 1244 3144 potuisse
1278 3065 1317 3126 ad
1341 3061 1541 3148 Oopernieum

182 3153 377 3237 Pythagorae
401 3172 439 3214 ex
461 3153 558 3215 solido
581 3153 801 3215 vindicandum.
849 3153 982 3216 Primum
1010 3159 1135 3215 constat
1161 3171 1229 3215 cnm
1258 3172 1312 3235 per
1344 3171 1377 3214 se
1409 3159 1542 3216 tumes

183 3243 292 3308 Proclo
316 3243 490 3322 interprete,
515 3249 611 3307 totam
625 3243 762 3305 Euclidis
781 3243 978 3322 geometriam
1002 3261 1070 3304 esse
1086 3241 1320 3322 Pythagoricam
1344 3249 1376 3304 et
1395 3243 1542 3305 directam

183 3332 215 3398 in
238 3331 368 3412 quinque
391 3331 577 3394 schematum
601 3332 791 3411 regularium,
817 3349 892 3410 quae
916 3331 1068 3394 mundana
1091 3331 1203 3407 dixere,
1229 3331 1450 3412 cognitionem:
1475 3331 1541 3392 Eu-

182 3421 279 3484 clides
301 3420 394 3499 igitnr
417 3420 645 3504 Pythagoraeus
669 3421 735 3483 fuit.
777 3419 894 3482 Deinde
917 3421 986 3482 vide
1009 3421 1081 3482 mihi
1105 3420 1281 3482 fasciculum
1303 3419 1543 3502 propositionum

183 3509 395 3574 Euclideamm
419 3508 449 3572 in
473 3507 592 3589 Opticis
615 3509 690 3589 ejus,
716 3526 823 3589 nempe
848 3507 900 3572 53.
926 3505 979 3573 54.
1005 3505 1059 3572 55.
1084 3505 1138 3572 56.
1162 3506 1216 3574 57.
1241 3507 1293 3584 58,
1319 3529 1393 3592 quas
1415 3509 1542 3571 Vitellio

185 3597 345 3662 transtulit
368 3597 397 3660 in
420 3617 506 3660 sunm
529 3598 636 3661 librum
660 3599 718 3662 IV.
742 3598 963 3679 propositiones
989 3593 1154 3663 131135.
1175 3594 1338 3662 133123.
1367 3596 1441 3662 132.
1469 3592 1542 3660 133.

188 3685 267 3763 129,
298 3685 405 3767 quibus
433 3688 552 3766 quidem
586 3687 840 3768 propositionibus
872 3685 1015 3750 Euclides
1048 3705 1155 3768 puram
1187 3696 1293 3769 putam
1326 3685 1544 3751 astronomiam

184 3775 424 3858 Gopernicanam
447 3777 583 3839 tradidit.

274 3883 318 3946 Et
339 3882 506 3964 propositio
530 3881 650 3963 quidem
668 3879 720 3947 53.
745 3881 864 3944 videtur
887 3883 1056 3962 exemplum
1078 3901 1176 3944 rerum
1200 3880 1376 3944 coelestium
1401 3899 1543 3966 quaerere

183 3971 653 4054 inrebnspropinquis,idque
678 3971 1004 4034 inconsiderationem
1030 3989 1150 4034 vocare.
1197 3971 1297 4033 Docet
1319 3972 1407 4049 enim,
1439 3999 1542 4046 eorum,

186 4079 258 4134 quae
280 4062 394 4134 aequali
425 4063 571 4118 eeleritate
592 4063 733 4128 feruntur,
764 4063 847 4134 inque
868 4065 965 4118 eadem
985 4069 1064 4117 recta
1088 4062 1227 4126 existunt,
1259 4060 1285 4116 id
1306 4064 1378 4132 quod
1399 4067 1444 4118 est
1464 4063 1544 4116 oculo

184 4144 349 4216 proxinnrm,
372 4144 458 4198 rideri
472 4143 559 4216 sequi,
582 4146 654 4214 quod
674 4143 883 4198 remotissimum
904 4145 1089 4213 praecedere:
1111 4143 1159 4196 ubi
1172 4157 1238 4196 raro
1252 4141 1328 4196 linea
1347 4159 1439 4197 rerum
1459 4141 1545 4196 mobi-

184 4225 253 4280 lium
274 4224 443 4280 concesserit
462 4240 482 4278 a
502 4226 603 4279 dextra
628 4225 704 4279 risus
726 4225 762 4278 sd
783 4223 935 4288 sinistram,
963 4225 1035 4294 quod
1054 4227 1250 4294 praecesserat
1274 4229 1371 4288 autea,
1398 4223 1458 4292 jam
1479 4223 1544 4276 aub-

186 4313 275 4386 sequi,
297 4315 369 4385 quod
390 4314 572 4385 sequebatur,
594 4314 762 4383 praeoedere
782 4311 877 4367 rideri.
937 4302 1068 4364 Videtur
1104 4303 1144 4364 ad
1180 4317 1297 4363 currum
1335 4308 1406 4363 ente
1442 4301 1545 4363 oculos

185 4399 396 4457 transeuntem
418 4392 589 4474 respicere:
616 4400 650 4455 ut
674 4391 826 4464 ostendat,
850 4391 880 4452 in
901 4389 985 4453 coelo
999 4409 1058 4452 non
1082 4390 1202 4472 quidem
1220 4389 1335 4464 eadem,
1359 4391 1414 4452 sed
1434 4389 1545 4453 similia

185 4483 234 4545 vel
257 4482 347 4563 hujus
372 4481 491 4561 generis
514 4482 610 4546 multa
633 4481 806 4562 contingere
830 4497 890 4542 non
915 4497 983 4541 esse
1008 4479 1177 4544 absurdum.
1222 4479 1330 4542 Potest
1358 4486 1459 4542 tamen
1484 4479 1545 4540 eli·

186 4571 333 4654 quiahoc
357 4569 415 4632 sihi
438 4589 593 4652 usurpare,
618 4577 654 4633 ut
676 4569 876 4644 demonstret,
901 4568 961 4630 etsi
984 4566 1125 4644 Saturno,
1149 4567 1221 4630 Jovi
1244 4574 1276 4630 et
1298 4567 1395 4632 Marti
1419 4567 1545 4650 epicycli

187 4659 454 4724 accommodentur
468 4659 604 4740 ejusdem
617 4660 707 4742 plane
731 4657 946 4738 magnitudinis
962 4658 1055 4738 (quod
1074 4658 1100 4720 is
1120 4656 1235 4732 fecerit,
1261 4656 1311 4739 qni
1325 4657 1545 4723 Ptolemaioam

188 4751 315 4814 formam
337 4768 376 4811 ex
399 4747 579 4832 Tychonieis
607 4747 868 4812 observationibus
901 4747 1095 4823 correxerit),
1128 4745 1318 4810 nihilominus
1340 4747 1453 4814 Martis
1475 4745 1544 4828 epi-

188 4837 306 4921 cyclum
327 4836 426 4900 viarm
448 4836 485 4901 iri
508 4837 662 4920 majoram,
688 4835 813 4901 Saturni
836 4835 981 4899 minorem
1002 4833 1103 4898 Jovio.

240 4938 331 4994 1111011
343 4939 421 4993 01011·
440 4939 468 4984 11·
1297 4937 1332 4992 22
