<?xml version="1.0" encoding="UTF-8"?>
<!DOCTYPE html PUBLIC "-//W3C//DTD XHTML 1.0 Transitional//EN"
    "http://www.w3.org/TR/xhtml1/DTD/xhtml1-transitional.dtd">
<html xmlns="http://www.w3.org/1999/xhtml" xml:lang="en" lang="en">
 <head>
  <title>
</title>
<meta http-equiv="Content-Type" content="text/html;charset=utf-8" />
  <meta name='ocr-system' content='tesseract 3.04.00' />
  <meta name='ocr-capabilities' content='ocr_page ocr_carea ocr_par ocr_line ocrx_word'/>
</head>
<body>
  <div class='ocr_page' id='page_1' title='image "./joanniskepleria02unkngoog/joanniskepleria02unkngoog_0333.png"; bbox 0 0 3718 5528; ppageno 0'>
   <div class='ocr_carea' id='block_1_1' title="bbox 332 257 1196 332">
    <p class='ocr_par' dir='ltr' id='par_1_1' title="bbox 332 257 1196 332">
     <span class='ocr_line' id='line_1_1' title="bbox 332 257 1196 332; baseline 0 -16"><span class='ocrx_word' id='word_1_1' title='bbox 332 257 398 332; x_wconf 76' lang='grc'><strong>306</strong></span> <span class='ocrx_word' id='word_1_2' title='bbox 824 261 998 316; x_wconf 66' lang='lat' dir='ltr'><strong>noemma·</strong></span> <span class='ocrx_word' id='word_1_3' title='bbox 1016 260 1077 316; x_wconf 75' lang='lat' dir='ltr'><strong>rm</strong></span> <span class='ocrx_word' id='word_1_4' title='bbox 1094 260 1196 328; x_wconf 73' lang='lat' dir='ltr'><strong>optior.</strong></span> 
     </span>
    </p>
   </div>
   <div class='ocr_carea' id='block_1_2' title="bbox 320 432 1691 4077">
    <p class='ocr_par' dir='ltr' id='par_1_2' title="bbox 332 432 1691 786">
     <span class='ocr_line' id='line_1_2' title="bbox 332 432 1690 521; baseline 0 -17"><span class='ocrx_word' id='word_1_5' title='bbox 332 459 425 521; x_wconf 89' lang='lat' dir='ltr'><strong>supra</strong></span> <span class='ocrx_word' id='word_1_6' title='bbox 456 439 616 520; x_wconf 87' lang='lat' dir='ltr'><strong>probatum</strong></span> <span class='ocrx_word' id='word_1_7' title='bbox 648 444 696 498; x_wconf 89' lang='lat' dir='ltr'><strong>est</strong></span> <span class='ocrx_word' id='word_1_8' title='bbox 723 432 766 500; x_wconf 84' lang='grc'><strong>43</strong></span> <span class='ocrx_word' id='word_1_9' title='bbox 794 435 1037 500; x_wconf 83' lang='lat' dir='ltr'><strong>semidiametros</strong></span> <span class='ocrx_word' id='word_1_10' title='bbox 1069 437 1192 500; x_wconf 84' lang='lat' dir='ltr'><strong>elevari.</strong></span> <span class='ocrx_word' id='word_1_11' title='bbox 1239 435 1375 518; x_wconf 78' lang='lat' dir='ltr'>Cumque</span> <span class='ocrx_word' id='word_1_12' title='bbox 1399 461 1433 518; x_wconf 85' lang='lat' dir='ltr'><strong>p,</strong></span> <span class='ocrx_word' id='word_1_13' title='bbox 1458 460 1479 500; x_wconf 89' lang='grc' dir='ltr'><strong><em>σ</em></strong></span> <span class='ocrx_word' id='word_1_14' title='bbox 1505 439 1623 504; x_wconf 84' lang='lat' dir='ltr'><strong>distent</strong></span> <span class='ocrx_word' id='word_1_15' title='bbox 1644 434 1690 504; x_wconf 80' lang='grc'><strong>46</strong></span> 
     </span>
     <span class='ocr_line' id='line_1_3' title="bbox 332 522 1691 608; baseline -0.001 -16"><span class='ocrx_word' id='word_1_16' title='bbox 332 527 581 602; x_wconf 86' lang='lat' dir='ltr'><strong>semidiametris,</strong></span> <span class='ocrx_word' id='word_1_17' title='bbox 605 547 631 600; x_wconf 77' lang='lat' dir='ltr'><strong>t,</strong></span> <span class='ocrx_word' id='word_1_18' title='bbox 655 549 674 586; x_wconf 87' lang='lat' dir='ltr'><strong>o</strong></span> <span class='ocrx_word' id='word_1_19' title='bbox 696 544 768 586; x_wconf 89' lang='lat' dir='ltr'><strong>vero</strong></span> <span class='ocrx_word' id='word_1_20' title='bbox 791 526 885 588; x_wconf 85' lang='lat' dir='ltr'><strong>multo</strong></span> <span class='ocrx_word' id='word_1_21' title='bbox 917 525 984 604; x_wconf 87' lang='lat' dir='ltr'><strong>plne</strong></span> <span class='ocrx_word' id='word_1_22' title='bbox 1010 522 1053 588; x_wconf 80' lang='lat'><strong>70</strong></span> <span class='ocrx_word' id='word_1_23' title='bbox 1075 525 1322 602; x_wconf 86' lang='lat' dir='ltr'><strong>semidiametris,</strong></span> <span class='ocrx_word' id='word_1_24' title='bbox 1353 536 1386 589; x_wconf 88' lang='lat' dir='ltr'><strong>et</strong></span> <span class='ocrx_word' id='word_1_25' title='bbox 1408 528 1491 608; x_wconf 81' lang='lat' dir='ltr'><strong>regio</strong></span> <span class='ocrx_word' id='word_1_26' title='bbox 1515 549 1561 608; x_wconf 77' lang='lat' dir='ltr'><strong>pr,</strong></span> <span class='ocrx_word' id='word_1_27' title='bbox 1586 549 1625 590; x_wconf 83' lang='lat' dir='ltr'><strong>co</strong></span> <span class='ocrx_word' id='word_1_28' title='bbox 1647 527 1691 590; x_wconf 88' lang='lat' dir='ltr'><strong>sit</strong></span> 
     </span>
     <span class='ocr_line' id='line_1_4' title="bbox 332 611 1691 695; baseline 0 -15"><span class='ocrx_word' id='word_1_29' title='bbox 332 619 503 682; x_wconf 84' lang='lat' dir='ltr'><strong>illuminate</strong></span> <span class='ocrx_word' id='word_1_30' title='bbox 524 614 665 677; x_wconf 89' lang='lat' dir='ltr'><strong>refractis</strong></span> <span class='ocrx_word' id='word_1_31' title='bbox 679 611 761 676; x_wconf 87' lang='lat' dir='ltr'><strong>Solis</strong></span> <span class='ocrx_word' id='word_1_32' title='bbox 778 615 882 689; x_wconf 87' lang='lat' dir='ltr'><strong>radiis,</strong></span> <span class='ocrx_word' id='word_1_33' title='bbox 898 614 1042 695; x_wconf 79' lang='lat' dir='ltr'><strong>Lunaque</strong></span> <span class='ocrx_word' id='word_1_34' title='bbox 1060 614 1139 677; x_wconf 85' lang='lat' dir='ltr'><strong>inter</strong></span> <span class='ocrx_word' id='word_1_35' title='bbox 1157 616 1257 678; x_wconf 88' lang='lat' dir='ltr'><strong>dictos</strong></span> <span class='ocrx_word' id='word_1_36' title='bbox 1279 613 1424 678; x_wconf 88' lang='lat' dir='ltr'><strong>terminos</strong></span> <span class='ocrx_word' id='word_1_37' title='bbox 1447 623 1587 680; x_wconf 86' lang='lat' dir='ltr'><strong>trauseat</strong></span> <span class='ocrx_word' id='word_1_38' title='bbox 1608 616 1691 680; x_wconf 90' lang='lat' dir='ltr'><strong>iuter</strong></span> 
     </span>
     <span class='ocr_line' id='line_1_5' title="bbox 332 699 1689 786; baseline -0.001 -16"><span class='ocrx_word' id='word_1_39' title='bbox 332 707 509 770; x_wconf 76' lang='lat' dir='ltr'><strong>altitudines</strong></span> <span class='ocrx_word' id='word_1_40' title='bbox 524 699 568 768; x_wconf 87' lang='grc'><strong>54</strong></span> <span class='ocrx_word' id='word_1_41' title='bbox 583 711 615 765; x_wconf 88' lang='lat' dir='ltr'><strong>et</strong></span> <span class='ocrx_word' id='word_1_42' title='bbox 629 700 673 767; x_wconf 89' lang='grc'><strong>60</strong></span> <span class='ocrx_word' id='word_1_43' title='bbox 696 702 993 776; x_wconf 78' lang='lat' dir='ltr'><strong>semidiametrorum,</strong></span> <span class='ocrx_word' id='word_1_44' title='bbox 1019 704 1098 784; x_wconf 89' lang='lat' dir='ltr'><strong>quod</strong></span> <span class='ocrx_word' id='word_1_45' title='bbox 1114 712 1246 768; x_wconf 89' lang='lat' dir='ltr'><strong>testatur</strong></span> <span class='ocrx_word' id='word_1_46' title='bbox 1268 701 1465 780; x_wconf 80' lang='lat' dir='ltr'><strong>astronomia,</strong></span> <span class='ocrx_word' id='word_1_47' title='bbox 1487 713 1576 785; x_wconf 90' lang='lat' dir='ltr'><strong>patet</strong></span> <span class='ocrx_word' id='word_1_48' title='bbox 1594 705 1689 786; x_wconf 87' lang='lat' dir='ltr'><strong>igitur</strong></span> 
     </span>
    </p>

    <p class='ocr_par' dir='ltr' id='par_1_3' title="bbox 320 791 1688 3727">
     <span class='ocr_line' id='line_1_6' title="bbox 330 791 1567 878; baseline -0.001 -20"><span class='ocrx_word' id='word_1_49' title='bbox 330 797 410 878; x_wconf 89' lang='lat' dir='ltr'><strong>quod</strong></span> <span class='ocrx_word' id='word_1_50' title='bbox 432 795 463 857; x_wconf 94' lang='lat' dir='ltr'><strong>in</strong></span> <span class='ocrx_word' id='word_1_51' title='bbox 487 793 591 856; x_wconf 90' lang='lat' dir='ltr'><strong>umbra</strong></span> <span class='ocrx_word' id='word_1_52' title='bbox 614 791 695 854; x_wconf 73' lang='lat' dir='ltr'><strong>aeris</strong></span> <span class='ocrx_word' id='word_1_53' title='bbox 718 811 844 854; x_wconf 81' lang='lat' dir='ltr'><strong>versans</strong></span> <span class='ocrx_word' id='word_1_54' title='bbox 868 791 1059 854; x_wconf 89' lang='lat' dir='ltr'><strong>nibilominus</strong></span> <span class='ocrx_word' id='word_1_55' title='bbox 1081 792 1265 856; x_wconf 80' lang='lat' dir='ltr'><strong>illuminetur</strong></span> <span class='ocrx_word' id='word_1_56' title='bbox 1287 794 1422 858; x_wconf 89' lang='lat' dir='ltr'><strong>uonuibil</strong></span> <span class='ocrx_word' id='word_1_57' title='bbox 1445 815 1464 856; x_wconf 86' lang='lat' dir='ltr'><strong>a</strong></span> <span class='ocrx_word' id='word_1_58' title='bbox 1487 793 1567 859; x_wconf 90' lang='lat' dir='ltr'><strong>Sole.</strong></span> 
     </span>
     <span class='ocr_line' id='line_1_7' title="bbox 417 881 1687 965; baseline 0 -19"><span class='ocrx_word' id='word_1_59' title='bbox 417 884 548 946; x_wconf 84' lang='lat' dir='ltr'><strong>Rursum</strong></span> <span class='ocrx_word' id='word_1_60' title='bbox 564 899 631 944; x_wconf 90' lang='lat' dir='ltr'><strong>oum</strong></span> <span class='ocrx_word' id='word_1_61' title='bbox 645 903 698 963; x_wconf 75' lang='grc' dir='ltr'><strong>τχυ</strong></span> <span class='ocrx_word' id='word_1_62' title='bbox 720 900 803 944; x_wconf 88' lang='lat' dir='ltr'><strong>mera</strong></span> <span class='ocrx_word' id='word_1_63' title='bbox 826 882 930 945; x_wconf 87' lang='lat' dir='ltr'><strong>umbra</strong></span> <span class='ocrx_word' id='word_1_64' title='bbox 954 881 1160 965; x_wconf 68' lang='lat' dir='ltr'><strong>termineturg</strong></span> <span class='ocrx_word' id='word_1_65' title='bbox 1180 882 1265 963; x_wconf 88' lang='lat' dir='ltr'><strong>epioe</strong></span> <span class='ocrx_word' id='word_1_66' title='bbox 1285 883 1316 944; x_wconf 93' lang='lat' dir='ltr'><strong>in</strong></span> <span class='ocrx_word' id='word_1_67' title='bbox 1338 881 1380 946; x_wconf 81' lang='lat'><strong>70</strong></span> <span class='ocrx_word' id='word_1_68' title='bbox 1395 883 1687 946; x_wconf 76' lang='lat' dir='ltr'><strong>semidiametrorum</strong></span> 
     </span>
     <span class='ocr_line' id='line_1_8' title="bbox 328 970 1687 1052; baseline -0.002 -16"><span class='ocrx_word' id='word_1_69' title='bbox 328 973 491 1046; x_wconf 77' lang='lat' dir='ltr'><strong>distantia,</strong></span> <span class='ocrx_word' id='word_1_70' title='bbox 524 971 612 1033; x_wconf 88' lang='lat' dir='ltr'><strong>Luna</strong></span> <span class='ocrx_word' id='word_1_71' title='bbox 641 970 745 1050; x_wconf 89' lang='lat' dir='ltr'><strong>itaque</strong></span> <span class='ocrx_word' id='word_1_72' title='bbox 777 988 831 1051; x_wconf 91' lang='lat' dir='ltr'><strong>per</strong></span> <span class='ocrx_word' id='word_1_73' title='bbox 863 989 975 1032; x_wconf 89' lang='lat' dir='ltr'><strong>meram</strong></span> <span class='ocrx_word' id='word_1_74' title='bbox 1007 970 1142 1034; x_wconf 88' lang='lat' dir='ltr'><strong>umbram</strong></span> <span class='ocrx_word' id='word_1_75' title='bbox 1174 991 1232 1034; x_wconf 92' lang='lat' dir='ltr'><strong>non</strong></span> <span class='ocrx_word' id='word_1_76' title='bbox 1265 971 1430 1048; x_wconf 70' lang='lat' dir='ltr'><strong>monsiret,</strong></span> <span class='ocrx_word' id='word_1_77' title='bbox 1462 972 1533 1052; x_wconf 91' lang='lat' dir='ltr'><strong>quia</strong></span> <span class='ocrx_word' id='word_1_78' title='bbox 1562 971 1687 1034; x_wconf 90' lang='lat' dir='ltr'><strong>iuferius</strong></span> 
     </span>
     <span class='ocr_line' id='line_1_9' title="bbox 327 1059 1688 1142; baseline -0.003 -16"><span class='ocrx_word' id='word_1_79' title='bbox 327 1063 448 1137; x_wconf 82' lang='lat' dir='ltr'><strong>transit,</strong></span> <span class='ocrx_word' id='word_1_80' title='bbox 474 1068 505 1123; x_wconf 86' lang='lat' dir='ltr'><strong>et</strong></span> <span class='ocrx_word' id='word_1_81' title='bbox 529 1069 630 1122; x_wconf 87' lang='lat' dir='ltr'><strong>temen</strong></span> <span class='ocrx_word' id='word_1_82' title='bbox 654 1077 722 1122; x_wconf 90' lang='lat' dir='ltr'><strong>oum</strong></span> <span class='ocrx_word' id='word_1_83' title='bbox 744 1079 797 1141; x_wconf 79' lang='grc' dir='ltr'><strong>τχυ</strong></span> <span class='ocrx_word' id='word_1_84' title='bbox 816 1059 856 1134; x_wconf 91' lang='lat' dir='ltr'><strong>(si</strong></span> <span class='ocrx_word' id='word_1_85' title='bbox 879 1059 1068 1139; x_wconf 85' lang='lat' dir='ltr'><strong>intelligetur</strong></span> <span class='ocrx_word' id='word_1_86' title='bbox 1088 1060 1151 1140; x_wconf 89' lang='lat' dir='ltr'><strong>jam</strong></span> <span class='ocrx_word' id='word_1_87' title='bbox 1173 1060 1257 1140; x_wconf 90' lang='lat' dir='ltr'><strong>regio</strong></span> <span class='ocrx_word' id='word_1_88' title='bbox 1281 1079 1387 1124; x_wconf 86' lang='lat' dir='ltr'><strong>cerens</strong></span> <span class='ocrx_word' id='word_1_89' title='bbox 1410 1060 1514 1141; x_wconf 87' lang='lat' dir='ltr'><strong>alique</strong></span> <span class='ocrx_word' id='word_1_90' title='bbox 1535 1060 1688 1142; x_wconf 84' lang='lat' dir='ltr'><strong>particula</strong></span> 
     </span>
     <span class='ocr_line' id='line_1_10' title="bbox 326 1145 1686 1231; baseline -0.001 -17"><span class='ocrx_word' id='word_1_91' title='bbox 326 1150 409 1216; x_wconf 85' lang='lat' dir='ltr'><strong>Solis</strong></span> <span class='ocrx_word' id='word_1_92' title='bbox 439 1151 532 1212; x_wconf 89' lang='lat' dir='ltr'><strong>etiam</strong></span> <span class='ocrx_word' id='word_1_93' title='bbox 562 1149 693 1212; x_wconf 89' lang='lat' dir='ltr'><strong>refraote</strong></span> <span class='ocrx_word' id='word_1_94' title='bbox 727 1147 871 1223; x_wconf 86' lang='lat' dir='ltr'><strong>lucentis)</strong></span> <span class='ocrx_word' id='word_1_95' title='bbox 905 1148 1083 1212; x_wconf 84' lang='lat' dir='ltr'><strong>terminetur</strong></span> <span class='ocrx_word' id='word_1_96' title='bbox 1114 1149 1240 1231; x_wconf 77' lang='lat' dir='ltr'><strong>apice2</strong></span> <span class='ocrx_word' id='word_1_97' title='bbox 1272 1147 1302 1213; x_wconf 94' lang='lat' dir='ltr'><strong>iu</strong></span> <span class='ocrx_word' id='word_1_98' title='bbox 1325 1145 1369 1214; x_wconf 86' lang='grc'><strong>43</strong></span> <span class='ocrx_word' id='word_1_99' title='bbox 1392 1150 1686 1212; x_wconf 86' lang='lat' dir='ltr'><strong>semidiametromm</strong></span> 
     </span>
     <span class='ocr_line' id='line_1_11' title="bbox 326 1237 1685 1321; baseline -0.004 -17"><span class='ocrx_word' id='word_1_100' title='bbox 326 1240 490 1312; x_wconf 87' lang='lat' dir='ltr'><strong>distentia,</strong></span> <span class='ocrx_word' id='word_1_101' title='bbox 521 1239 610 1300; x_wconf 87' lang='lat' dir='ltr'><strong>Luna</strong></span> <span class='ocrx_word' id='word_1_102' title='bbox 639 1237 744 1317; x_wconf 90' lang='lat' dir='ltr'><strong>igitur,</strong></span> <span class='ocrx_word' id='word_1_103' title='bbox 779 1255 856 1317; x_wconf 82' lang='lat' dir='ltr'><strong>quoe</strong></span> <span class='ocrx_word' id='word_1_104' title='bbox 880 1237 973 1300; x_wconf 91' lang='lat' dir='ltr'><strong>altius</strong></span> <span class='ocrx_word' id='word_1_105' title='bbox 1002 1237 1127 1312; x_wconf 88' lang='lat' dir='ltr'><strong>transit,</strong></span> <span class='ocrx_word' id='word_1_106' title='bbox 1158 1237 1291 1317; x_wconf 77' lang='lat' dir='ltr'><strong>trajiciet</strong></span> <span class='ocrx_word' id='word_1_107' title='bbox 1314 1237 1415 1320; x_wconf 90' lang='lat' dir='ltr'><strong>utique</strong></span> <span class='ocrx_word' id='word_1_108' title='bbox 1439 1261 1492 1321; x_wconf 65' lang='lat' dir='ltr'><strong>rgo</strong></span> <span class='ocrx_word' id='word_1_109' title='bbox 1514 1257 1685 1302; x_wconf 86' lang='lat' dir='ltr'><strong>mucronem</strong></span> 
     </span>
     <span class='ocr_line' id='line_1_12' title="bbox 325 1325 1686 1408; baseline -0.001 -16"><span class='ocrx_word' id='word_1_110' title='bbox 325 1331 371 1407; x_wconf 87' lang='lat' dir='ltr'><strong>(iu</strong></span> <span class='ocrx_word' id='word_1_111' title='bbox 395 1328 527 1392; x_wconf 89' lang='lat' dir='ltr'><strong>seeundo</strong></span> <span class='ocrx_word' id='word_1_112' title='bbox 550 1327 722 1407; x_wconf 85' lang='lat' dir='ltr'><strong>significatu</strong></span> <span class='ocrx_word' id='word_1_113' title='bbox 745 1327 907 1402; x_wconf 85' lang='lat' dir='ltr'><strong>sumtum),</strong></span> <span class='ocrx_word' id='word_1_114' title='bbox 931 1326 976 1388; x_wconf 89' lang='lat' dir='ltr'><strong>ita</strong></span> <span class='ocrx_word' id='word_1_115' title='bbox 998 1325 1086 1388; x_wconf 88' lang='lat' dir='ltr'><strong>utin</strong></span> <span class='ocrx_word' id='word_1_116' title='bbox 1108 1326 1255 1408; x_wconf 90' lang='lat' dir='ltr'><strong>principio</strong></span> <span class='ocrx_word' id='word_1_117' title='bbox 1283 1327 1418 1390; x_wconf 86' lang='lat' dir='ltr'><strong>umbram</strong></span> <span class='ocrx_word' id='word_1_118' title='bbox 1441 1327 1523 1390; x_wconf 81' lang='lat' dir='ltr'><strong>aeris</strong></span> <span class='ocrx_word' id='word_1_119' title='bbox 1546 1327 1686 1406; x_wconf 86' lang='lat' dir='ltr'><strong>ingressa</strong></span> 
     </span>
     <span class='ocr_line' id='line_1_13' title="bbox 325 1414 1685 1495; baseline -0.004 -12"><span class='ocrx_word' id='word_1_120' title='bbox 325 1419 420 1483; x_wconf 82' lang='lat' dir='ltr'><strong>totius</strong></span> <span class='ocrx_word' id='word_1_121' title='bbox 444 1427 544 1480; x_wconf 88' lang='lat' dir='ltr'><strong>tamen</strong></span> <span class='ocrx_word' id='word_1_122' title='bbox 559 1414 640 1478; x_wconf 88' lang='lat' dir='ltr'><strong>Solia</strong></span> <span class='ocrx_word' id='word_1_123' title='bbox 665 1423 790 1495; x_wconf 86' lang='lat' dir='ltr'><strong>aspectu</strong></span> <span class='ocrx_word' id='word_1_124' title='bbox 813 1415 943 1478; x_wconf 85' lang='lat' dir='ltr'><strong>refracto</strong></span> <span class='ocrx_word' id='word_1_125' title='bbox 967 1415 1102 1478; x_wconf 83' lang='lat' dir='ltr'><strong>fruatur:</strong></span> <span class='ocrx_word' id='word_1_126' title='bbox 1127 1415 1228 1478; x_wconf 86' lang='lat' dir='ltr'><strong>stubi</strong></span> <span class='ocrx_word' id='word_1_127' title='bbox 1250 1415 1278 1478; x_wconf 93' lang='lat' dir='ltr'><strong>iu</strong></span> <span class='ocrx_word' id='word_1_128' title='bbox 1302 1417 1433 1478; x_wconf 91' lang='lat' dir='ltr'><strong>medium</strong></span> <span class='ocrx_word' id='word_1_129' title='bbox 1457 1415 1579 1480; x_wconf 84' lang='lat' dir='ltr'><strong>umbrae</strong></span> <span class='ocrx_word' id='word_1_130' title='bbox 1603 1415 1685 1478; x_wconf 77' lang='lat' dir='ltr'><strong>aeris</strong></span> 
     </span>
     <span class='ocr_line' id='line_1_14' title="bbox 323 1501 1684 1585; baseline -0.003 -13"><span class='ocrx_word' id='word_1_131' title='bbox 323 1509 441 1584; x_wconf 87' lang='lat' dir='ltr'><strong>incidit,</strong></span> <span class='ocrx_word' id='word_1_132' title='bbox 466 1525 526 1569; x_wconf 94' lang='lat' dir='ltr'><strong>non</strong></span> <span class='ocrx_word' id='word_1_133' title='bbox 549 1505 677 1583; x_wconf 86' lang='lat' dir='ltr'><strong>amplius</strong></span> <span class='ocrx_word' id='word_1_134' title='bbox 702 1503 821 1583; x_wconf 89' lang='lat' dir='ltr'><strong>quidem</strong></span> <span class='ocrx_word' id='word_1_135' title='bbox 845 1511 911 1566; x_wconf 86' lang='lat' dir='ltr'><strong>toto</strong></span> <span class='ocrx_word' id='word_1_136' title='bbox 934 1501 1017 1566; x_wconf 84' lang='lat' dir='ltr'><strong>Solis</strong></span> <span class='ocrx_word' id='word_1_137' title='bbox 1041 1504 1157 1567; x_wconf 83' lang='lat' dir='ltr'><strong>fruetur</strong></span> <span class='ocrx_word' id='word_1_138' title='bbox 1188 1512 1328 1584; x_wconf 84' lang='lat' dir='ltr'><strong>aspectu,</strong></span> <span class='ocrx_word' id='word_1_139' title='bbox 1362 1505 1552 1585; x_wconf 75' lang='lat' dir='ltr'><strong>aliquantula</strong></span> <span class='ocrx_word' id='word_1_140' title='bbox 1580 1513 1684 1572; x_wconf 83' lang='lat' dir='ltr'><strong>temen</strong></span> 
     </span>
     <span class='ocr_line' id='line_1_15' title="bbox 323 1591 1682 1679; baseline -0.004 -18"><span class='ocrx_word' id='word_1_141' title='bbox 323 1596 522 1679; x_wconf 88' lang='lat' dir='ltr'><strong>portiuncula.</strong></span> <span class='ocrx_word' id='word_1_142' title='bbox 569 1593 648 1656; x_wconf 87' lang='lat' dir='ltr'><strong>Hinc</strong></span> <span class='ocrx_word' id='word_1_143' title='bbox 671 1591 790 1654; x_wconf 92' lang='lat' dir='ltr'><strong>omnino</strong></span> <span class='ocrx_word' id='word_1_144' title='bbox 818 1600 1052 1655; x_wconf 89' lang='lat' dir='ltr'><strong>consentaneum</strong></span> <span class='ocrx_word' id='word_1_145' title='bbox 1075 1601 1138 1665; x_wconf 89' lang='lat' dir='ltr'><strong>est,</strong></span> <span class='ocrx_word' id='word_1_146' title='bbox 1171 1593 1249 1674; x_wconf 90' lang='lat' dir='ltr'><strong>quod</strong></span> <span class='ocrx_word' id='word_1_147' title='bbox 1272 1612 1311 1656; x_wconf 83' lang='lat' dir='ltr'><strong>ex</strong></span> <span class='ocrx_word' id='word_1_148' title='bbox 1335 1591 1466 1658; x_wconf 79' lang='lat' dir='ltr'><strong>(lemme</strong></span> <span class='ocrx_word' id='word_1_149' title='bbox 1495 1604 1599 1658; x_wconf 85' lang='lat' dir='ltr'><strong>notum</strong></span> <span class='ocrx_word' id='word_1_150' title='bbox 1623 1601 1682 1670; x_wconf 88' lang='lat' dir='ltr'><strong>est,</strong></span> 
     </span>
     <span class='ocr_line' id='line_1_16' title="bbox 324 1680 1684 1764; baseline -0.004 -13"><span class='ocrx_word' id='word_1_151' title='bbox 324 1688 442 1751; x_wconf 90' lang='lat' dir='ltr'><strong>colores</strong></span> <span class='ocrx_word' id='word_1_152' title='bbox 470 1683 554 1747; x_wconf 89' lang='lat' dir='ltr'><strong>iridis</strong></span> <span class='ocrx_word' id='word_1_153' title='bbox 583 1682 732 1744; x_wconf 89' lang='lat' dir='ltr'><strong>interdum</strong></span> <span class='ocrx_word' id='word_1_154' title='bbox 755 1680 785 1743; x_wconf 93' lang='lat' dir='ltr'><strong>iu</strong></span> <span class='ocrx_word' id='word_1_155' title='bbox 809 1681 897 1743; x_wconf 88' lang='lat' dir='ltr'><strong>Luna</strong></span> <span class='ocrx_word' id='word_1_156' title='bbox 919 1681 1025 1746; x_wconf 89' lang='lat' dir='ltr'><strong>videri.</strong></span> <span class='ocrx_word' id='word_1_157' title='bbox 1070 1682 1151 1746; x_wconf 89' lang='lat' dir='ltr'><strong>Nam</strong></span> <span class='ocrx_word' id='word_1_158' title='bbox 1178 1681 1209 1744; x_wconf 94' lang='lat' dir='ltr'><strong>in</strong></span> <span class='ocrx_word' id='word_1_159' title='bbox 1238 1681 1329 1762; x_wconf 89' lang='lat' dir='ltr'><strong>globo</strong></span> <span class='ocrx_word' id='word_1_160' title='bbox 1358 1701 1453 1764; x_wconf 80' lang='lat' dir='ltr'><strong>nqueo</strong></span> <span class='ocrx_word' id='word_1_161' title='bbox 1481 1683 1684 1748; x_wconf 86' lang='lat' dir='ltr'><strong>certissimum</strong></span> 
     </span>
     <span class='ocr_line' id='line_1_17' title="bbox 324 1769 1682 1853; baseline -0.004 -14"><span class='ocrx_word' id='word_1_162' title='bbox 324 1784 381 1850; x_wconf 89' lang='lat' dir='ltr'><strong>est,</strong></span> <span class='ocrx_word' id='word_1_163' title='bbox 408 1774 457 1838; x_wconf 92' lang='lat' dir='ltr'><strong>ubi</strong></span> <span class='ocrx_word' id='word_1_164' title='bbox 482 1771 634 1853; x_wconf 87' lang='lat' dir='ltr'><strong>particula</strong></span> <span class='ocrx_word' id='word_1_165' title='bbox 657 1770 693 1832; x_wconf 90' lang='lat' dir='ltr'><strong>de</strong></span> <span class='ocrx_word' id='word_1_166' title='bbox 717 1769 790 1832; x_wconf 89' lang='lat' dir='ltr'><strong>Sole</strong></span> <span class='ocrx_word' id='word_1_167' title='bbox 814 1771 945 1833; x_wconf 76' lang='lat' dir='ltr'><strong>refracto</strong></span> <span class='ocrx_word' id='word_1_168' title='bbox 973 1771 1092 1834; x_wconf 87' lang='lat' dir='ltr'><strong>lucente</strong></span> <span class='ocrx_word' id='word_1_169' title='bbox 1121 1772 1188 1852; x_wconf 89' lang='lat' dir='ltr'><strong>ipso</strong></span> <span class='ocrx_word' id='word_1_170' title='bbox 1211 1771 1409 1834; x_wconf 87' lang='lat' dir='ltr'><strong>refractomm</strong></span> <span class='ocrx_word' id='word_1_171' title='bbox 1433 1772 1553 1836; x_wconf 90' lang='lat' dir='ltr'><strong>defectu</strong></span> <span class='ocrx_word' id='word_1_172' title='bbox 1577 1772 1682 1834; x_wconf 90' lang='lat' dir='ltr'><strong>occul-</strong></span> 
     </span>
     <span class='ocr_line' id='line_1_18' title="bbox 324 1859 1683 1942; baseline -0.004 -13"><span class='ocrx_word' id='word_1_173' title='bbox 324 1873 422 1941; x_wconf 85' lang='lat' dir='ltr'><strong>tatur,</strong></span> <span class='ocrx_word' id='word_1_174' title='bbox 457 1863 574 1926; x_wconf 89' lang='lat' dir='ltr'><strong>colores</strong></span> <span class='ocrx_word' id='word_1_175' title='bbox 607 1859 698 1922; x_wconf 89' lang='lat' dir='ltr'><strong>alium</strong></span> <span class='ocrx_word' id='word_1_176' title='bbox 727 1866 799 1940; x_wconf 92' lang='lat' dir='ltr'><strong>post</strong></span> <span class='ocrx_word' id='word_1_177' title='bbox 830 1859 922 1922; x_wconf 86' lang='lat' dir='ltr'><strong>elium</strong></span> <span class='ocrx_word' id='word_1_178' title='bbox 945 1859 1015 1923; x_wconf 90' lang='lat' dir='ltr'><strong>oriri</strong></span> <span class='ocrx_word' id='word_1_179' title='bbox 1042 1867 1132 1940; x_wconf 90' lang='lat' dir='ltr'><strong>prout</strong></span> <span class='ocrx_word' id='word_1_180' title='bbox 1162 1860 1288 1923; x_wconf 90' lang='lat' dir='ltr'><strong>multum</strong></span> <span class='ocrx_word' id='word_1_181' title='bbox 1311 1860 1360 1922; x_wconf 89' lang='lat' dir='ltr'><strong>vel</strong></span> <span class='ocrx_word' id='word_1_182' title='bbox 1390 1880 1496 1942; x_wconf 83' lang='lat' dir='ltr'><strong>parum</strong></span> <span class='ocrx_word' id='word_1_183' title='bbox 1519 1862 1556 1924; x_wconf 87' lang='lat' dir='ltr'><strong>de</strong></span> <span class='ocrx_word' id='word_1_184' title='bbox 1580 1859 1683 1924; x_wconf 84' lang='lat' dir='ltr'><strong>Soleri</strong></span> 
     </span>
     <span class='ocr_line' id='line_1_19' title="bbox 322 1947 1682 2034; baseline -0.003 -18"><span class='ocrx_word' id='word_1_185' title='bbox 322 1971 447 2034; x_wconf 86' lang='lat' dir='ltr'><strong>corpore</strong></span> <span class='ocrx_word' id='word_1_186' title='bbox 471 1950 591 2014; x_wconf 84' lang='lat' dir='ltr'><strong>luxerit.</strong></span> <span class='ocrx_word' id='word_1_187' title='bbox 629 1948 727 2010; x_wconf 88' lang='lat' dir='ltr'><strong>Vides</strong></span> <span class='ocrx_word' id='word_1_188' title='bbox 750 1947 843 2028; x_wconf 89' lang='lat' dir='ltr'><strong>igitur</strong></span> <span class='ocrx_word' id='word_1_189' title='bbox 864 1948 994 2010; x_wconf 92' lang='lat' dir='ltr'><strong>omnium</strong></span> <span class='ocrx_word' id='word_1_190' title='bbox 1010 1948 1072 2012; x_wconf 90' lang='lat' dir='ltr'><strong>fere</strong></span> <span class='ocrx_word' id='word_1_191' title='bbox 1095 1967 1172 2030; x_wconf 83' lang='lat' dir='ltr'><strong>quoe</strong></span> <span class='ocrx_word' id='word_1_192' title='bbox 1194 1949 1366 2028; x_wconf 87' lang='lat' dir='ltr'><strong>praemissa</strong></span> <span class='ocrx_word' id='word_1_193' title='bbox 1379 1959 1450 2012; x_wconf 90' lang='lat' dir='ltr'><strong>sunt</strong></span> <span class='ocrx_word' id='word_1_194' title='bbox 1473 1949 1682 2014; x_wconf 76' lang='lat' dir='ltr'><strong>admirabilem</strong></span> 
     </span>
     <span class='ocr_line' id='line_1_20' title="bbox 322 2036 1680 2120; baseline -0.006 -12"><span class='ocrx_word' id='word_1_195' title='bbox 322 2059 519 2108; x_wconf 87' lang='lat' dir='ltr'><strong>consensum:</strong></span> <span class='ocrx_word' id='word_1_196' title='bbox 545 2057 632 2120; x_wconf 89' lang='lat' dir='ltr'><strong>quem</strong></span> <span class='ocrx_word' id='word_1_197' title='bbox 649 2036 699 2118; x_wconf 90' lang='lat' dir='ltr'><strong>qui</strong></span> <span class='ocrx_word' id='word_1_198' title='bbox 712 2055 767 2117; x_wconf 90' lang='lat' dir='ltr'><strong>per</strong></span> <span class='ocrx_word' id='word_1_199' title='bbox 786 2037 964 2100; x_wconf 84' lang='lat' dir='ltr'><strong>calumniam</strong></span> <span class='ocrx_word' id='word_1_200' title='bbox 983 2037 1152 2100; x_wconf 86' lang='lat' dir='ltr'><strong>convellere</strong></span> <span class='ocrx_word' id='word_1_201' title='bbox 1167 2037 1250 2114; x_wconf 83' lang='lat' dir='ltr'><strong>velit,</strong></span> <span class='ocrx_word' id='word_1_202' title='bbox 1275 2047 1459 2102; x_wconf 76' lang='lat' dir='ltr'><strong>attentatur</strong></span> <span class='ocrx_word' id='word_1_203' title='bbox 1481 2058 1606 2103; x_wconf 88' lang='lat' dir='ltr'><strong>necesse</strong></span> <span class='ocrx_word' id='word_1_204' title='bbox 1621 2047 1680 2101; x_wconf 79' lang='lat' dir='ltr'><strong>est</strong></span> 
     </span>
     <span class='ocr_line' id='line_1_21' title="bbox 409 2126 1681 2210; baseline -0.002 -17"><span class='ocrx_word' id='word_1_205' title='bbox 409 2131 525 2194; x_wconf 87' lang='lat' dir='ltr'><strong>Restat</strong></span> <span class='ocrx_word' id='word_1_206' title='bbox 546 2127 704 2207; x_wconf 87' lang='lat' dir='ltr'><strong>scrupulus</strong></span> <span class='ocrx_word' id='word_1_207' title='bbox 734 2126 840 2188; x_wconf 90' lang='lat' dir='ltr'><strong>unicus</strong></span> <span class='ocrx_word' id='word_1_208' title='bbox 863 2126 920 2188; x_wconf 91' lang='lat' dir='ltr'><strong>boc</strong></span> <span class='ocrx_word' id='word_1_209' title='bbox 943 2126 1010 2207; x_wconf 90' lang='lat' dir='ltr'><strong>ipso</strong></span> <span class='ocrx_word' id='word_1_210' title='bbox 1040 2133 1186 2190; x_wconf 84' lang='lat' dir='ltr'><strong>contextu</strong></span> <span class='ocrx_word' id='word_1_211' title='bbox 1216 2128 1391 2210; x_wconf 88' lang='lat' dir='ltr'><strong>propositus</strong></span> <span class='ocrx_word' id='word_1_212' title='bbox 1414 2136 1447 2192; x_wconf 89' lang='lat' dir='ltr'><strong>et</strong></span> <span class='ocrx_word' id='word_1_213' title='bbox 1469 2127 1535 2208; x_wconf 86' lang='lat' dir='ltr'><strong>jam</strong></span> <span class='ocrx_word' id='word_1_214' title='bbox 1559 2127 1681 2210; x_wconf 91' lang='lat' dir='ltr'><strong>quidem</strong></span> 
     </span>
     <span class='ocr_line' id='line_1_22' title="bbox 320 2214 1682 2302; baseline -0.003 -20"><span class='ocrx_word' id='word_1_215' title='bbox 320 2239 397 2302; x_wconf 88' lang='lat' dir='ltr'><strong>pene</strong></span> <span class='ocrx_word' id='word_1_216' title='bbox 421 2222 572 2291; x_wconf 86' lang='lat' dir='ltr'><strong>exemtus,</strong></span> <span class='ocrx_word' id='word_1_217' title='bbox 600 2216 654 2278; x_wconf 89' lang='lat' dir='ltr'><strong>sed</strong></span> <span class='ocrx_word' id='word_1_218' title='bbox 678 2214 817 2278; x_wconf 87' lang='lat' dir='ltr'><strong>veritatis</strong></span> <span class='ocrx_word' id='word_1_219' title='bbox 845 2223 1012 2278; x_wconf 89' lang='lat' dir='ltr'><strong>amatorem</strong></span> <span class='ocrx_word' id='word_1_220' title='bbox 1035 2215 1109 2279; x_wconf 93' lang='lat' dir='ltr'><strong>nibil</strong></span> <span class='ocrx_word' id='word_1_221' title='bbox 1133 2215 1323 2280; x_wconf 88' lang='lat' dir='ltr'><strong>dissimulare</strong></span> <span class='ocrx_word' id='word_1_222' title='bbox 1347 2217 1445 2280; x_wconf 84' lang='lat' dir='ltr'><strong>decet</strong></span> <span class='ocrx_word' id='word_1_223' title='bbox 1493 2215 1568 2280; x_wconf 86' lang='lat' dir='ltr'><strong>Cum</strong></span> <span class='ocrx_word' id='word_1_224' title='bbox 1592 2217 1682 2280; x_wconf 85' lang='lat' dir='ltr'><strong>Luna</strong></span> 
     </span>
     <span class='ocr_line' id='line_1_23' title="bbox 322 2303 1679 2389; baseline -0.004 -15"><span class='ocrx_word' id='word_1_225' title='bbox 322 2308 527 2389; x_wconf 88' lang='lat' dir='ltr'><strong>superioribus</strong></span> <span class='ocrx_word' id='word_1_226' title='bbox 562 2303 778 2386; x_wconf 81' lang='lat' dir='ltr'><strong>experimentis</strong></span> <span class='ocrx_word' id='word_1_227' title='bbox 812 2304 842 2366; x_wconf 94' lang='lat' dir='ltr'><strong>in</strong></span> <span class='ocrx_word' id='word_1_228' title='bbox 878 2312 942 2368; x_wconf 87' lang='lat' dir='ltr'><strong>tres</strong></span> <span class='ocrx_word' id='word_1_229' title='bbox 975 2305 1062 2385; x_wconf 87' lang='lat' dir='ltr'><strong>quasi</strong></span> <span class='ocrx_word' id='word_1_230' title='bbox 1095 2313 1199 2386; x_wconf 86' lang='lat' dir='ltr'><strong>partes</strong></span> <span class='ocrx_word' id='word_1_231' title='bbox 1232 2305 1484 2386; x_wconf 83' lang='lat' dir='ltr'><strong>distingueretur,</strong></span> <span class='ocrx_word' id='word_1_232' title='bbox 1518 2307 1679 2380; x_wconf 87' lang='lat' dir='ltr'><strong>lucentem,</strong></span> 
     </span>
     <span class='ocr_line' id='line_1_24' title="bbox 320 2391 1679 2475; baseline -0.004 -13"><span class='ocrx_word' id='word_1_233' title='bbox 320 2398 491 2474; x_wconf 87' lang='lat' dir='ltr'><strong>rubentem,</strong></span> <span class='ocrx_word' id='word_1_234' title='bbox 526 2397 688 2469; x_wconf 87' lang='lat' dir='ltr'><strong>latentem,</strong></span> <span class='ocrx_word' id='word_1_235' title='bbox 721 2401 754 2454; x_wconf 88' lang='lat' dir='ltr'><strong>et</strong></span> <span class='ocrx_word' id='word_1_236' title='bbox 786 2393 888 2456; x_wconf 85' lang='lat' dir='ltr'><strong>lucens</strong></span> <span class='ocrx_word' id='word_1_237' title='bbox 919 2413 939 2455; x_wconf 90' lang='lat' dir='ltr'><strong>a</strong></span> <span class='ocrx_word' id='word_1_238' title='bbox 971 2391 1097 2458; x_wconf 89' lang='lat' dir='ltr'><strong>mbente</strong></span> <span class='ocrx_word' id='word_1_239' title='bbox 1129 2393 1293 2458; x_wconf 85' lang='lat' dir='ltr'><strong>menifesta</strong></span> <span class='ocrx_word' id='word_1_240' title='bbox 1321 2396 1402 2458; x_wconf 89' lang='lat' dir='ltr'><strong>linea</strong></span> <span class='ocrx_word' id='word_1_241' title='bbox 1434 2395 1679 2475; x_wconf 80' lang='lat' dir='ltr'><strong>distingueretur,</strong></span> 
     </span>
     <span class='ocr_line' id='line_1_25' title="bbox 321 2481 1680 2560; baseline -0.006 -8"><span class='ocrx_word' id='word_1_242' title='bbox 321 2487 432 2552; x_wconf 91' lang='lat' dir='ltr'><strong>rubens</strong></span> <span class='ocrx_word' id='word_1_243' title='bbox 454 2505 525 2550; x_wconf 90' lang='lat' dir='ltr'><strong>vero</strong></span> <span class='ocrx_word' id='word_1_244' title='bbox 549 2484 588 2548; x_wconf 87' lang='lat' dir='ltr'><strong>ab</strong></span> <span class='ocrx_word' id='word_1_245' title='bbox 620 2482 782 2545; x_wconf 81' lang='lat' dir='ltr'><strong>obscurata</strong></span> <span class='ocrx_word' id='word_1_246' title='bbox 805 2501 865 2544; x_wconf 93' lang='lat' dir='ltr'><strong>non</strong></span> <span class='ocrx_word' id='word_1_247' title='bbox 897 2481 1060 2546; x_wconf 86' lang='lat' dir='ltr'><strong>manifeste</strong></span> <span class='ocrx_word' id='word_1_248' title='bbox 1086 2483 1167 2546; x_wconf 88' lang='lat' dir='ltr'><strong>linea</strong></span> <span class='ocrx_word' id='word_1_249' title='bbox 1194 2483 1243 2546; x_wconf 89' lang='lat' dir='ltr'><strong>vel</strong></span> <span class='ocrx_word' id='word_1_250' title='bbox 1276 2484 1385 2560; x_wconf 86' lang='lat' dir='ltr'><strong>limite,</strong></span> <span class='ocrx_word' id='word_1_251' title='bbox 1420 2486 1475 2547; x_wconf 89' lang='lat' dir='ltr'><strong>sed</strong></span> <span class='ocrx_word' id='word_1_252' title='bbox 1507 2483 1680 2547; x_wconf 75' lang='lat' dir='ltr'><strong>successive</strong></span> 
     </span>
     <span class='ocr_line' id='line_1_26' title="bbox 321 2571 1680 2654; baseline -0.004 -13"><span class='ocrx_word' id='word_1_253' title='bbox 321 2577 432 2641; x_wconf 88' lang='lat' dir='ltr'><strong>rubens</strong></span> <span class='ocrx_word' id='word_1_254' title='bbox 459 2576 490 2638; x_wconf 94' lang='lat' dir='ltr'><strong>in</strong></span> <span class='ocrx_word' id='word_1_255' title='bbox 523 2575 715 2638; x_wconf 81' lang='lat' dir='ltr'><strong>obscuratam</strong></span> <span class='ocrx_word' id='word_1_256' title='bbox 739 2571 909 2634; x_wconf 85' lang='lat' dir='ltr'><strong>desineret:</strong></span> <span class='ocrx_word' id='word_1_257' title='bbox 941 2581 1176 2636; x_wconf 81' lang='lat' dir='ltr'><strong>consentaneum</strong></span> <span class='ocrx_word' id='word_1_258' title='bbox 1200 2572 1320 2636; x_wconf 91' lang='lat' dir='ltr'><strong>omnino</strong></span> <span class='ocrx_word' id='word_1_259' title='bbox 1350 2571 1485 2649; x_wconf 86' lang='lat' dir='ltr'><strong>ridetur,</strong></span> <span class='ocrx_word' id='word_1_260' title='bbox 1517 2581 1566 2648; x_wconf 91' lang='lat' dir='ltr'><strong>ut,</strong></span> <span class='ocrx_word' id='word_1_261' title='bbox 1600 2590 1680 2654; x_wconf 83' lang='lat' dir='ltr'><strong>quae</strong></span> 
     </span>
     <span class='ocr_line' id='line_1_27' title="bbox 321 2658 1679 2748; baseline -0.003 -20"><span class='ocrx_word' id='word_1_262' title='bbox 321 2667 457 2748; x_wconf 79' lang='lat' dir='ltr'><strong>perfecte</strong></span> <span class='ocrx_word' id='word_1_263' title='bbox 480 2664 617 2738; x_wconf 88' lang='lat' dir='ltr'><strong>mbebat,</strong></span> <span class='ocrx_word' id='word_1_264' title='bbox 643 2669 708 2723; x_wconf 90' lang='lat' dir='ltr'><strong>toto</strong></span> <span class='ocrx_word' id='word_1_265' title='bbox 723 2658 804 2724; x_wconf 87' lang='lat' dir='ltr'><strong>Solis</strong></span> <span class='ocrx_word' id='word_1_266' title='bbox 824 2678 948 2741; x_wconf 87' lang='lat' dir='ltr'><strong>corpore</strong></span> <span class='ocrx_word' id='word_1_267' title='bbox 967 2663 1099 2724; x_wconf 75' lang='lat' dir='ltr'><strong>reflecte</strong></span> <span class='ocrx_word' id='word_1_268' title='bbox 1118 2661 1208 2724; x_wconf 85' lang='lat' dir='ltr'><strong>fuerit</strong></span> <span class='ocrx_word' id='word_1_269' title='bbox 1230 2661 1393 2737; x_wconf 62' lang='lat' dir='ltr'><strong>illustrate</strong></span> <span class='ocrx_word' id='word_1_270' title='bbox 1419 2681 1495 2742; x_wconf 84' lang='lat' dir='ltr'><strong>quae</strong></span> <span class='ocrx_word' id='word_1_271' title='bbox 1510 2680 1582 2725; x_wconf 89' lang='lat' dir='ltr'><strong>vero</strong></span> <span class='ocrx_word' id='word_1_272' title='bbox 1605 2679 1679 2740; x_wconf 89' lang='lat' dir='ltr'><strong>per-</strong></span> 
     </span>
     <span class='ocr_line' id='line_1_28' title="bbox 324 2749 1680 2832; baseline -0.005 -13"><span class='ocrx_word' id='word_1_273' title='bbox 324 2756 404 2828; x_wconf 80' lang='lat' dir='ltr'><strong>fecte</strong></span> <span class='ocrx_word' id='word_1_274' title='bbox 428 2755 557 2818; x_wconf 82' lang='lat' dir='ltr'><strong>obscura</strong></span> <span class='ocrx_word' id='word_1_275' title='bbox 585 2759 653 2814; x_wconf 85' lang='lat' dir='ltr'><strong>erat</strong></span> <span class='ocrx_word' id='word_1_276' title='bbox 676 2752 835 2832; x_wconf 89' lang='lat' dir='ltr'><strong>(quantum</strong></span> <span class='ocrx_word' id='word_1_277' title='bbox 867 2750 1026 2814; x_wconf 85' lang='lat' dir='ltr'><strong>obscuram</strong></span> <span class='ocrx_word' id='word_1_278' title='bbox 1057 2769 1127 2813; x_wconf 86' lang='lat' dir='ltr'><strong>esse</strong></span> <span class='ocrx_word' id='word_1_279' title='bbox 1158 2749 1338 2830; x_wconf 88' lang='lat' dir='ltr'><strong>contingit),</strong></span> <span class='ocrx_word' id='word_1_280' title='bbox 1369 2751 1459 2831; x_wconf 84' lang='lat' dir='ltr'><strong>plene</strong></span> <span class='ocrx_word' id='word_1_281' title='bbox 1492 2751 1573 2814; x_wconf 90' lang='lat' dir='ltr'><strong>omni</strong></span> <span class='ocrx_word' id='word_1_282' title='bbox 1595 2749 1680 2812; x_wconf 86' lang='lat' dir='ltr'><strong>Solis</strong></span> 
     </span>
     <span class='ocr_line' id='line_1_29' title="bbox 323 2833 1679 2925; baseline -0.004 -17"><span class='ocrx_word' id='word_1_283' title='bbox 323 2853 449 2925; x_wconf 76' lang='lat' dir='ltr'><strong>repectu</strong></span> <span class='ocrx_word' id='word_1_284' title='bbox 477 2833 623 2916; x_wconf 74' lang='lat' dir='ltr'><strong>caruerit,</strong></span> <span class='ocrx_word' id='word_1_285' title='bbox 656 2858 733 2920; x_wconf 90' lang='lat' dir='ltr'><strong>quae</strong></span> <span class='ocrx_word' id='word_1_286' title='bbox 757 2839 849 2902; x_wconf 82' lang='lat' dir='ltr'><strong>dubie</strong></span> <span class='ocrx_word' id='word_1_287' title='bbox 871 2839 929 2901; x_wconf 91' lang='lat' dir='ltr'><strong>fuit</strong></span> <span class='ocrx_word' id='word_1_288' title='bbox 952 2839 1126 2920; x_wconf 85' lang='lat' dir='ltr'><strong>interjecta,</strong></span> <span class='ocrx_word' id='word_1_289' title='bbox 1151 2840 1329 2919; x_wconf 83' lang='lat' dir='ltr'><strong>particulam</strong></span> <span class='ocrx_word' id='word_1_290' title='bbox 1354 2841 1391 2902; x_wconf 94' lang='lat' dir='ltr'><strong>de</strong></span> <span class='ocrx_word' id='word_1_291' title='bbox 1414 2838 1487 2902; x_wconf 88' lang='lat' dir='ltr'><strong>Sole</strong></span> <span class='ocrx_word' id='word_1_292' title='bbox 1511 2838 1679 2920; x_wconf 83' lang='lat' dir='ltr'><strong>aspexerit.</strong></span> 
     </span>
     <span class='ocr_line' id='line_1_30' title="bbox 324 2928 1680 3010; baseline -0.004 -14"><span class='ocrx_word' id='word_1_293' title='bbox 324 2931 426 3005; x_wconf 86' lang='lat' dir='ltr'><strong>Quare</strong></span> <span class='ocrx_word' id='word_1_294' title='bbox 450 2951 534 2996; x_wconf 89' lang='lat' dir='ltr'><strong>mera</strong></span> <span class='ocrx_word' id='word_1_295' title='bbox 556 2931 737 3010; x_wconf 68' lang='lat' dir='ltr'><strong>umbrargo,</strong></span> <span class='ocrx_word' id='word_1_296' title='bbox 763 2929 887 3008; x_wconf 89' lang='lat' dir='ltr'><strong>ejusque</strong></span> <span class='ocrx_word' id='word_1_297' title='bbox 910 2946 1021 3010; x_wconf 67' lang='lat' dir='ltr'><strong>apexg</strong></span> <span class='ocrx_word' id='word_1_298' title='bbox 1045 2946 1104 2990; x_wconf 90' lang='lat' dir='ltr'><strong>non</strong></span> <span class='ocrx_word' id='word_1_299' title='bbox 1122 2929 1380 3010; x_wconf 83' lang='lat' dir='ltr'><strong>aseptuagesima</strong></span> <span class='ocrx_word' id='word_1_300' title='bbox 1403 2928 1551 2992; x_wconf 88' lang='lat' dir='ltr'><strong>diametro</strong></span> <span class='ocrx_word' id='word_1_301' title='bbox 1566 2929 1680 2992; x_wconf 83' lang='lat' dir='ltr'><strong>Terrae</strong></span> 
     </span>
     <span class='ocr_line' id='line_1_31' title="bbox 323 3015 1680 3098; baseline -0.004 -14"><span class='ocrx_word' id='word_1_302' title='bbox 323 3023 441 3086; x_wconf 88' lang='lat' dir='ltr'><strong>demum</strong></span> <span class='ocrx_word' id='word_1_303' title='bbox 466 3020 574 3082; x_wconf 85' lang='lat' dir='ltr'><strong>exoriri</strong></span> <span class='ocrx_word' id='word_1_304' title='bbox 598 3018 698 3092; x_wconf 87' lang='lat' dir='ltr'><strong>debet,</strong></span> <span class='ocrx_word' id='word_1_305' title='bbox 723 3017 777 3078; x_wconf 89' lang='lat' dir='ltr'><strong>ssd</strong></span> <span class='ocrx_word' id='word_1_306' title='bbox 801 3017 889 3096; x_wconf 91' lang='lat' dir='ltr'><strong>longe</strong></span> <span class='ocrx_word' id='word_1_307' title='bbox 912 3015 1047 3090; x_wconf 89' lang='lat' dir='ltr'><strong>iuferius,</strong></span> <span class='ocrx_word' id='word_1_308' title='bbox 1071 3015 1158 3078; x_wconf 91' lang='lat' dir='ltr'><strong>utin</strong></span> <span class='ocrx_word' id='word_1_309' title='bbox 1181 3018 1248 3080; x_wconf 92' lang='lat' dir='ltr'><strong>loco</strong></span> <span class='ocrx_word' id='word_1_310' title='bbox 1276 3019 1424 3082; x_wconf 89' lang='lat' dir='ltr'><strong>transitus</strong></span> <span class='ocrx_word' id='word_1_311' title='bbox 1447 3017 1552 3082; x_wconf 88' lang='lat' dir='ltr'><strong>Lunae</strong></span> <span class='ocrx_word' id='word_1_312' title='bbox 1576 3017 1680 3098; x_wconf 82' lang='lat' dir='ltr'><strong>ulique</strong></span> 
     </span>
     <span class='ocr_line' id='line_1_32' title="bbox 321 3103 1680 3191; baseline -0.003 -19"><span class='ocrx_word' id='word_1_313' title='bbox 321 3110 472 3191; x_wconf 85' lang='lat' dir='ltr'><strong>particule</strong></span> <span class='ocrx_word' id='word_1_314' title='bbox 494 3109 593 3190; x_wconf 90' lang='lat' dir='ltr'><strong>possit</strong></span> <span class='ocrx_word' id='word_1_315' title='bbox 615 3108 655 3182; x_wconf 86' lang='lat' dir='ltr'><strong>in¹</strong></span> <span class='ocrx_word' id='word_1_316' title='bbox 669 3125 754 3168; x_wconf 87' lang='lat' dir='ltr'><strong>mera</strong></span> <span class='ocrx_word' id='word_1_317' title='bbox 777 3105 882 3166; x_wconf 82' lang='lat' dir='ltr'><strong>umbra</strong></span> <span class='ocrx_word' id='word_1_318' title='bbox 905 3121 982 3168; x_wconf 88' lang='lat' dir='ltr'><strong>esse.</strong></span> <span class='ocrx_word' id='word_1_319' title='bbox 1030 3103 1194 3176; x_wconf 78' lang='lat' dir='ltr'><strong>Quaeritur</strong></span> <span class='ocrx_word' id='word_1_320' title='bbox 1223 3107 1370 3187; x_wconf 89' lang='lat' dir='ltr'><strong>quomodo</strong></span> <span class='ocrx_word' id='word_1_321' title='bbox 1399 3105 1455 3170; x_wconf 89' lang='lat' dir='ltr'><strong>boc</strong></span> <span class='ocrx_word' id='word_1_322' title='bbox 1484 3105 1680 3170; x_wconf 85' lang='lat' dir='ltr'><strong>obtineatur?</strong></span> 
     </span>
     <span class='ocr_line' id='line_1_33' title="bbox 321 3193 1680 3279; baseline -0.004 -17"><span class='ocrx_word' id='word_1_323' title='bbox 321 3199 492 3279; x_wconf 82' lang='lat' dir='ltr'><strong>Responsio</strong></span> <span class='ocrx_word' id='word_1_324' title='bbox 516 3198 614 3260; x_wconf 85' lang='lat' dir='ltr'><strong>facilis</strong></span> <span class='ocrx_word' id='word_1_325' title='bbox 638 3203 698 3268; x_wconf 87' lang='lat' dir='ltr'><strong>est,</strong></span> <span class='ocrx_word' id='word_1_326' title='bbox 724 3193 749 3256; x_wconf 89' lang='lat' dir='ltr'><strong>si</strong></span> <span class='ocrx_word' id='word_1_327' title='bbox 772 3193 914 3259; x_wconf 86' lang='lat' dir='ltr'><strong>refractio</strong></span> <span class='ocrx_word' id='word_1_328' title='bbox 943 3193 1138 3258; x_wconf 86' lang='lat' dir='ltr'><strong>horizontelis</strong></span> <span class='ocrx_word' id='word_1_329' title='bbox 1166 3204 1337 3259; x_wconf 84' lang='lat' dir='ltr'><strong>assumatur</strong></span> <span class='ocrx_word' id='word_1_330' title='bbox 1363 3197 1473 3278; x_wconf 81' lang='lat' dir='ltr'><strong>major,</strong></span> <span class='ocrx_word' id='word_1_331' title='bbox 1505 3201 1577 3258; x_wconf 91' lang='lat' dir='ltr'><strong>tunc</strong></span> <span class='ocrx_word' id='word_1_332' title='bbox 1599 3196 1680 3257; x_wconf 90' lang='lat' dir='ltr'><strong>enim</strong></span> 
     </span>
     <span class='ocr_line' id='line_1_34' title="bbox 432 3280 1678 3389; baseline 0.004 -48"><span class='ocrx_word' id='word_1_333' title='bbox 432 3339 451 3389; x_wconf 62' lang='lat' dir='ltr'>F</span> <span class='ocrx_word' id='word_1_334' title='bbox 506 3335 540 3389; x_wconf 58' lang='grc' dir='ltr'><strong>Μ</strong></span> <span class='ocrx_word' id='word_1_335' title='bbox 665 3288 717 3364; x_wconf 74' lang='grc' dir='ltr'><strong>θχ,</strong></span> <span class='ocrx_word' id='word_1_336' title='bbox 736 3307 764 3364; x_wconf 80' lang='grc' dir='ltr'><strong>ιχ</strong></span> <span class='ocrx_word' id='word_1_337' title='bbox 780 3281 870 3346; x_wconf 89' lang='lat' dir='ltr'><strong>citius</strong></span> <span class='ocrx_word' id='word_1_338' title='bbox 884 3282 1014 3346; x_wconf 89' lang='lat' dir='ltr'><strong>coibunt.</strong></span> <span class='ocrx_word' id='word_1_339' title='bbox 1054 3282 1546 3365; x_wconf 82' lang='lat' dir='ltr'><strong>ltaqueanu01598.Augnsto,</strong></span> <span class='ocrx_word' id='word_1_340' title='bbox 1570 3280 1678 3347; x_wconf 85' lang='lat' dir='ltr'><strong>siAG</strong></span> 
     </span>
     <span class='ocr_line' id='line_1_35' title="bbox 452 3355 1676 3454; baseline 0.002 -20"><span class='ocrx_word' id='word_1_341' title='bbox 452 3355 460 3389; x_wconf 90' lang='lat'>¹</span> <span class='ocrx_word' id='word_1_342' title='bbox 542 3375 550 3392; x_wconf 75' lang='lat'>⁶</span> <span class='ocrx_word' id='word_1_343' title='bbox 666 3371 808 3451; x_wconf 86' lang='lat' dir='ltr'><strong>ecliptica</strong></span> <span class='ocrx_word' id='word_1_344' title='bbox 828 3379 861 3434; x_wconf 88' lang='lat' dir='ltr'><strong>st</strong></span> <span class='ocrx_word' id='word_1_345' title='bbox 874 3369 964 3434; x_wconf 82' lang='lat' dir='ltr'><strong>AGG</strong></span> <span class='ocrx_word' id='word_1_346' title='bbox 987 3372 1092 3434; x_wconf 88' lang='lat' dir='ltr'><strong>umbra</strong></span> <span class='ocrx_word' id='word_1_347' title='bbox 1115 3373 1227 3436; x_wconf 87' lang='lat' dir='ltr'><strong>Terrae</strong></span> <span class='ocrx_word' id='word_1_348' title='bbox 1251 3374 1301 3451; x_wconf 94' lang='lat' dir='ltr'><strong>sit,</strong></span> <span class='ocrx_word' id='word_1_349' title='bbox 1327 3373 1382 3438; x_wconf 85' lang='lat' dir='ltr'><strong>OD</strong></span> <span class='ocrx_word' id='word_1_350' title='bbox 1404 3393 1475 3454; x_wconf 87' lang='lat' dir='ltr'><strong>pare</strong></span> <span class='ocrx_word' id='word_1_351' title='bbox 1500 3373 1676 3448; x_wconf 83' lang='lat' dir='ltr'><strong>meridiane,</strong></span> 
     </span>
     <span class='ocr_line' id='line_1_36' title="bbox 664 3460 1678 3526; baseline 0.003 -4"><span class='ocrx_word' id='word_1_352' title='bbox 664 3467 735 3522; x_wconf 91' lang='lat' dir='ltr'><strong>tunc</strong></span> <span class='ocrx_word' id='word_1_353' title='bbox 766 3461 910 3522; x_wconf 91' lang='lat' dir='ltr'><strong>terminus</strong></span> <span class='ocrx_word' id='word_1_354' title='bbox 932 3460 959 3522; x_wconf 85' lang='lat' dir='ltr'><em>F</em></span> <span class='ocrx_word' id='word_1_355' title='bbox 980 3460 1132 3525; x_wconf 88' lang='lat' dir='ltr'><strong>radiorum</strong></span> <span class='ocrx_word' id='word_1_356' title='bbox 1160 3463 1357 3526; x_wconf 82' lang='lat' dir='ltr'><strong>refractorum</strong></span> <span class='ocrx_word' id='word_1_357' title='bbox 1380 3483 1400 3525; x_wconf 90' lang='lat' dir='ltr'><strong>a</strong></span> <span class='ocrx_word' id='word_1_358' title='bbox 1421 3463 1535 3526; x_wconf 89' lang='lat' dir='ltr'><strong>minore</strong></span> <span class='ocrx_word' id='word_1_359' title='bbox 1558 3463 1678 3526; x_wconf 89' lang='lat' dir='ltr'><strong>refrac-</strong></span> 
     </span>
     <span class='ocr_line' id='line_1_37' title="bbox 665 3547 1678 3632; baseline 0.004 -23"><span class='ocrx_word' id='word_1_360' title='bbox 665 3547 746 3610; x_wconf 88' lang='lat' dir='ltr'><strong>tione</strong></span> <span class='ocrx_word' id='word_1_361' title='bbox 778 3548 951 3629; x_wconf 86' lang='lat' dir='ltr'><strong>proveniet,</strong></span> <span class='ocrx_word' id='word_1_362' title='bbox 984 3548 1011 3610; x_wconf 86' lang='grc' dir='ltr'><em>Ε</em></span> <span class='ocrx_word' id='word_1_363' title='bbox 1043 3569 1062 3611; x_wconf 92' lang='lat' dir='ltr'><strong>a</strong></span> <span class='ocrx_word' id='word_1_364' title='bbox 1092 3550 1218 3631; x_wconf 77' lang='lat' dir='ltr'><strong>meJ‘ore.</strong></span> <span class='ocrx_word' id='word_1_365' title='bbox 1270 3553 1306 3615; x_wconf 93' lang='lat' dir='ltr'><strong>In</strong></span> <span class='ocrx_word' id='word_1_366' title='bbox 1336 3551 1542 3632; x_wconf 82' lang='lat' dir='ltr'><strong>septentrione</strong></span> <span class='ocrx_word' id='word_1_367' title='bbox 1573 3551 1678 3632; x_wconf 87' lang='lat' dir='ltr'><strong>itaque</strong></span> 
     </span>
     <span class='ocr_line' id='line_1_38' title="bbox 614 3636 1679 3727; baseline 0.004 -29"><span class='ocrx_word' id='word_1_368' title='bbox 614 3713 619 3727; x_wconf 30' lang='lat'><em>=</em></span> <span class='ocrx_word' id='word_1_369' title='bbox 664 3636 760 3716; x_wconf 85' lang='lat' dir='ltr'><strong>major</strong></span> <span class='ocrx_word' id='word_1_370' title='bbox 783 3637 839 3700; x_wconf 87' lang='lat' dir='ltr'><strong>fuit</strong></span> <span class='ocrx_word' id='word_1_371' title='bbox 861 3637 1022 3713; x_wconf 87' lang='lat' dir='ltr'><strong>refractio,</strong></span> <span class='ocrx_word' id='word_1_372' title='bbox 1053 3656 1144 3719; x_wconf 79' lang='lat' dir='ltr'><strong>quem</strong></span> <span class='ocrx_word' id='word_1_373' title='bbox 1168 3640 1197 3702; x_wconf 95' lang='lat' dir='ltr'><strong>iu</strong></span> <span class='ocrx_word' id='word_1_374' title='bbox 1225 3657 1354 3716; x_wconf 86' lang='lat' dir='ltr'><strong>oceesu,</strong></span> <span class='ocrx_word' id='word_1_375' title='bbox 1387 3640 1459 3723; x_wconf 85' lang='lat' dir='ltr'><strong>quie</strong></span> <span class='ocrx_word' id='word_1_376' title='bbox 1480 3641 1512 3704; x_wconf 83' lang='lat' dir='ltr'>A</span> <span class='ocrx_word' id='word_1_377' title='bbox 1533 3659 1604 3720; x_wconf 87' lang='lat' dir='ltr'><strong>pars</strong></span> <span class='ocrx_word' id='word_1_378' title='bbox 1628 3648 1679 3703; x_wconf 90' lang='lat' dir='ltr'><strong>est</strong></span> 
     </span>
    </p>

    <p class='ocr_par' dir='ltr' id='par_1_4' title="bbox 663 3723 1017 3802">
     <span class='ocr_line' id='line_1_39' title="bbox 663 3723 1017 3802; baseline 0.008 -15"><span class='ocrx_word' id='word_1_379' title='bbox 663 3725 786 3790; x_wconf 87' lang='lat' dir='ltr'><strong>umbrae</strong></span> <span class='ocrx_word' id='word_1_380' title='bbox 809 3723 1017 3802; x_wconf 83' lang='lat' dir='ltr'><strong>orientalia.*)</strong></span> 
     </span>
    </p>

    <p class='ocr_par' dir='ltr' id='par_1_5' title="bbox 665 3813 1678 4077">
     <span class='ocr_line' id='line_1_40' title="bbox 751 3813 1678 3898; baseline 0.005 -21"><span class='ocrx_word' id='word_1_381' title='bbox 751 3813 918 3878; x_wconf 83' lang='lat' dir='ltr'><strong>litantem</strong></span> <span class='ocrx_word' id='word_1_382' title='bbox 941 3814 1065 3888; x_wconf 85' lang='lat' dir='ltr'><strong>sciatur,</strong></span> <span class='ocrx_word' id='word_1_383' title='bbox 1088 3821 1201 3895; x_wconf 83' lang='lat' dir='ltr'><strong>quanto</strong></span> <span class='ocrx_word' id='word_1_384' title='bbox 1220 3815 1318 3898; x_wconf 84' lang='lat' dir='ltr'><strong>mejor</strong></span> <span class='ocrx_word' id='word_1_385' title='bbox 1340 3817 1484 3880; x_wconf 85' lang='lat' dir='ltr'><strong>refreotio</strong></span> <span class='ocrx_word' id='word_1_386' title='bbox 1507 3816 1678 3898; x_wconf 81' lang='lat' dir='ltr'><strong>requiretur</strong></span> 
     </span>
     <span class='ocr_line' id='line_1_41' title="bbox 665 3903 1675 3985; baseline 0.004 -19"><span class='ocrx_word' id='word_1_387' title='bbox 665 3923 720 3966; x_wconf 90' lang='lat' dir='ltr'><strong>seu</strong></span> <span class='ocrx_word' id='word_1_388' title='bbox 742 3921 781 3966; x_wconf 82' lang='lat' dir='ltr'><strong>ex</strong></span> <span class='ocrx_word' id='word_1_389' title='bbox 798 3905 1010 3968; x_wconf 78' lang='lat' dir='ltr'><strong>observatione</strong></span> <span class='ocrx_word' id='word_1_390' title='bbox 1033 3903 1157 3984; x_wconf 88' lang='lat' dir='ltr'><strong>eclipsis</strong></span> <span class='ocrx_word' id='word_1_391' title='bbox 1171 3904 1276 3969; x_wconf 88' lang='lat' dir='ltr'><strong>Lunae</strong></span> <span class='ocrx_word' id='word_1_392' title='bbox 1300 3906 1469 3985; x_wconf 84' lang='lat' dir='ltr'><strong>colligatur,</strong></span> <span class='ocrx_word' id='word_1_393' title='bbox 1494 3906 1536 3970; x_wconf 86' lang='lat' dir='ltr'><strong>eit</strong></span> <span class='ocrx_word' id='word_1_394' title='bbox 1552 3906 1584 3969; x_wconf 89' lang='grc' dir='ltr'><strong>Κ</strong></span> <span class='ocrx_word' id='word_1_395' title='bbox 1599 3925 1675 3970; x_wconf 89' lang='lat' dir='ltr'><strong>ceu-</strong></span> 
     </span>
     <span class='ocr_line' id='line_1_42' title="bbox 665 3990 1677 4077; baseline 0.006 -24"><span class='ocrx_word' id='word_1_396' title='bbox 665 3998 744 4054; x_wconf 87' lang='lat' dir='ltr'><strong>trum</strong></span> <span class='ocrx_word' id='word_1_397' title='bbox 757 3992 873 4069; x_wconf 72' lang='lat' dir='ltr'><strong>Inuca</strong></span> <span class='ocrx_word' id='word_1_398' title='bbox 893 3994 1012 4058; x_wconf 81' lang='lat' dir='ltr'><strong>distens</strong></span> <span class='ocrx_word' id='word_1_399' title='bbox 1030 4013 1051 4054; x_wconf 84' lang='lat' dir='ltr'><strong>a</strong></span> <span class='ocrx_word' id='word_1_400' title='bbox 1066 3993 1162 4056; x_wconf 82' lang='lat' dir='ltr'><strong>Terre</strong></span> <span class='ocrx_word' id='word_1_401' title='bbox 1180 3990 1224 4057; x_wconf 84' lang='lat'><strong>54</strong></span> <span class='ocrx_word' id='word_1_402' title='bbox 1243 3994 1484 4072; x_wconf 85' lang='lat' dir='ltr'><strong>semidiametris,</strong></span> <span class='ocrx_word' id='word_1_403' title='bbox 1503 3995 1574 4077; x_wconf 81' lang='lat' dir='ltr'><strong>quie</strong></span> <span class='ocrx_word' id='word_1_404' title='bbox 1587 3995 1677 4059; x_wconf 87' lang='lat' dir='ltr'><strong>Luna</strong></span> 
     </span>
    </p>
   </div>
   <div class='ocr_carea' id='block_1_3' title="bbox 308 4151 1676 4878">
    <p class='ocr_par' dir='ltr' id='par_1_6' title="bbox 308 4151 1676 4878">
     <span class='ocr_line' id='line_1_43' title="bbox 402 4151 1675 4239; baseline 0.011 -29"><span class='ocrx_word' id='word_1_405' title='bbox 402 4151 430 4225; x_wconf 82' lang='grc'><strong>*)</strong></span> <span class='ocrx_word' id='word_1_406' title='bbox 453 4156 617 4212; x_wconf 82' lang='lat' dir='ltr'><strong>Consecutio</strong></span> <span class='ocrx_word' id='word_1_407' title='bbox 638 4159 709 4214; x_wconf 87' lang='lat' dir='ltr'><strong>hoec</strong></span> <span class='ocrx_word' id='word_1_408' title='bbox 729 4165 791 4216; x_wconf 85' lang='lat' dir='ltr'><strong>est:</strong></span> <span class='ocrx_word' id='word_1_409' title='bbox 812 4161 884 4216; x_wconf 84' lang='lat' dir='ltr'><strong>Num</strong></span> <span class='ocrx_word' id='word_1_410' title='bbox 897 4161 950 4217; x_wconf 82' lang='lat' dir='ltr'><strong>DE</strong></span> <span class='ocrx_word' id='word_1_411' title='bbox 964 4167 1030 4216; x_wconf 85' lang='lat' dir='ltr'><strong>sunt</strong></span> <span class='ocrx_word' id='word_1_412' title='bbox 1049 4167 1147 4232; x_wconf 85' lang='lat' dir='ltr'><strong>partes</strong></span> <span class='ocrx_word' id='word_1_413' title='bbox 1168 4163 1361 4220; x_wconf 88' lang='lat' dir='ltr'><strong>meridionales</strong></span> <span class='ocrx_word' id='word_1_414' title='bbox 1375 4171 1506 4235; x_wconf 85' lang='lat' dir='ltr'><strong>respectu</strong></span> <span class='ocrx_word' id='word_1_415' title='bbox 1526 4167 1675 4239; x_wconf 84' lang='lat' dir='ltr'><strong>eclipticae</strong></span> 
     </span>
     <span class='ocr_line' id='line_1_44' title="bbox 313 4235 1676 4320; baseline 0.01 -30"><span class='ocrx_word' id='word_1_416' title='bbox 313 4235 384 4302; x_wconf 87' lang='lat' dir='ltr'><strong>AG,</strong></span> <span class='ocrx_word' id='word_1_417' title='bbox 416 4253 516 4307; x_wconf 81' lang='lat' dir='ltr'><strong>quere,</strong></span> <span class='ocrx_word' id='word_1_418' title='bbox 556 4244 589 4292; x_wconf 86' lang='lat' dir='ltr'><strong>ut</strong></span> <span class='ocrx_word' id='word_1_419' title='bbox 623 4238 700 4294; x_wconf 84' lang='lat' dir='ltr'><strong>rides</strong></span> <span class='ocrx_word' id='word_1_420' title='bbox 736 4239 764 4294; x_wconf 92' lang='lat' dir='ltr'><strong>in</strong></span> <span class='ocrx_word' id='word_1_421' title='bbox 794 4241 936 4297; x_wconf 85' lang='lat' dir='ltr'><strong>schemate</strong></span> <span class='ocrx_word' id='word_1_422' title='bbox 965 4239 1013 4298; x_wconf 82' lang='lat'><strong>95.</strong></span> <span class='ocrx_word' id='word_1_423' title='bbox 1044 4241 1261 4298; x_wconf 72' lang='lat' dir='ltr'><strong>illustrabuntur</strong></span> <span class='ocrx_word' id='word_1_424' title='bbox 1291 4260 1309 4298; x_wconf 85' lang='lat' dir='ltr'><strong>u</strong></span> <span class='ocrx_word' id='word_1_425' title='bbox 1337 4243 1465 4300; x_wconf 84' lang='lat' dir='ltr'><strong>refractis</strong></span> <span class='ocrx_word' id='word_1_426' title='bbox 1492 4247 1615 4320; x_wconf 74' lang='lat' dir='ltr'><strong>regionis</strong></span> <span class='ocrx_word' id='word_1_427' title='bbox 1644 4247 1676 4304; x_wconf 87' lang='lat' dir='ltr'><strong>in</strong></span> 
     </span>
     <span class='ocr_line' id='line_1_45' title="bbox 313 4315 1672 4394; baseline 0.01 -24"><span class='ocrx_word' id='word_1_428' title='bbox 313 4315 400 4370; x_wconf 79' lang='lat' dir='ltr'><strong>&#39;l’erra</strong></span> <span class='ocrx_word' id='word_1_429' title='bbox 415 4317 580 4382; x_wconf 75' lang='lat' dir='ltr'><strong>contrariae,</strong></span> <span class='ocrx_word' id='word_1_430' title='bbox 602 4319 829 4388; x_wconf 79' lang='lat' dir='ltr'><strong>septentrionalis</strong></span> <span class='ocrx_word' id='word_1_431' title='bbox 844 4321 960 4376; x_wconf 87' lang='lat' dir='ltr'><strong>seilicet.</strong></span> <span class='ocrx_word' id='word_1_432' title='bbox 986 4321 1025 4376; x_wconf 83' lang='lat' dir='ltr'><strong>Et</strong></span> <span class='ocrx_word' id='word_1_433' title='bbox 1038 4322 1104 4391; x_wconf 87' lang='lat' dir='ltr'><strong>quia</strong></span> <span class='ocrx_word' id='word_1_434' title='bbox 1117 4338 1206 4392; x_wconf 86' lang='lat' dir='ltr'><strong>parra</strong></span> <span class='ocrx_word' id='word_1_435' title='bbox 1217 4323 1316 4378; x_wconf 89' lang='lat' dir='ltr'><strong>Lunae</strong></span> <span class='ocrx_word' id='word_1_436' title='bbox 1330 4325 1488 4394; x_wconf 86' lang='lat' dir='ltr'><strong>superficies</strong></span> <span class='ocrx_word' id='word_1_437' title='bbox 1502 4327 1672 4394; x_wconf 85' lang='lat' dir='ltr'><strong>illustretur,</strong></span> 
     </span>
     <span class='ocr_line' id='line_1_46' title="bbox 313 4397 1674 4481; baseline 0.011 -33"><span class='ocrx_word' id='word_1_438' title='bbox 313 4411 350 4448; x_wconf 87' lang='lat' dir='ltr'><strong>so.</strong></span> <span class='ocrx_word' id='word_1_439' title='bbox 372 4397 435 4461; x_wconf 88' lang='lat' dir='ltr'><strong>DC,</strong></span> <span class='ocrx_word' id='word_1_440' title='bbox 458 4397 587 4468; x_wconf 73' lang='lat' dir='ltr'><strong>arguitur</strong></span> <span class='ocrx_word' id='word_1_441' title='bbox 607 4397 695 4469; x_wconf 88' lang='lat' dir='ltr'><strong>igitur</strong></span> <span class='ocrx_word' id='word_1_442' title='bbox 719 4417 824 4473; x_wconf 83' lang='lat' dir='ltr'><strong>magne</strong></span> <span class='ocrx_word' id='word_1_443' title='bbox 849 4401 979 4456; x_wconf 86' lang='lat' dir='ltr'><strong>refreotio</strong></span> <span class='ocrx_word' id='word_1_444' title='bbox 1000 4401 1210 4470; x_wconf 85' lang='lat' dir='ltr'><strong>septentrionis,</strong></span> <span class='ocrx_word' id='word_1_445' title='bbox 1241 4420 1297 4474; x_wconf 87' lang='lat' dir='ltr'><strong>qua</strong></span> <span class='ocrx_word' id='word_1_446' title='bbox 1316 4404 1348 4458; x_wconf 85' lang='lat' dir='ltr'><strong>fit</strong></span> <span class='ocrx_word' id='word_1_447' title='bbox 1367 4411 1400 4458; x_wconf 92' lang='lat' dir='ltr'><strong>ut</strong></span> <span class='ocrx_word' id='word_1_448' title='bbox 1421 4403 1494 4476; x_wconf 72' lang='lat' dir='ltr'><strong>(fig,</strong></span> <span class='ocrx_word' id='word_1_449' title='bbox 1518 4405 1571 4474; x_wconf 81' lang='lat'><strong>95)</strong></span> <span class='ocrx_word' id='word_1_450' title='bbox 1592 4409 1674 4481; x_wconf 88' lang='lat' dir='ltr'><strong>regio</strong></span> 
     </span>
     <span class='ocr_line' id='line_1_47' title="bbox 310 4475 1675 4553; baseline 0.01 -23"><span class='ocrx_word' id='word_1_451' title='bbox 310 4495 362 4545; x_wconf 79' lang='grc' dir='ltr'><strong>τχυ</strong></span> <span class='ocrx_word' id='word_1_452' title='bbox 379 4475 429 4530; x_wconf 79' lang='lat' dir='ltr'><strong>flat</strong></span> <span class='ocrx_word' id='word_1_453' title='bbox 450 4477 553 4531; x_wconf 82' lang='lat' dir='ltr'><strong>&#39;ferree</strong></span> <span class='ocrx_word' id='word_1_454' title='bbox 574 4477 695 4548; x_wconf 88' lang='lat' dir='ltr'><strong>propior,</strong></span> <span class='ocrx_word' id='word_1_455' title='bbox 716 4479 832 4551; x_wconf 87' lang='lat' dir='ltr'><strong>ideoque</strong></span> <span class='ocrx_word' id='word_1_456' title='bbox 853 4481 1002 4536; x_wconf 87' lang='lat' dir='ltr'><strong>transitum</strong></span> <span class='ocrx_word' id='word_1_457' title='bbox 1021 4481 1119 4535; x_wconf 84' lang='lat' dir='ltr'><strong>Lunee</strong></span> <span class='ocrx_word' id='word_1_458' title='bbox 1140 4483 1200 4536; x_wconf 82' lang='lat' dir='ltr'><strong>lete</strong></span> <span class='ocrx_word' id='word_1_459' title='bbox 1227 4491 1350 4553; x_wconf 87' lang='lat' dir='ltr'><strong>occupet.</strong></span> <span class='ocrx_word' id='word_1_460' title='bbox 1393 4484 1520 4542; x_wconf 83' lang='lat' dir='ltr'><strong>Vicissim</strong></span> <span class='ocrx_word' id='word_1_461' title='bbox 1542 4489 1587 4543; x_wconf 79' lang='lat' dir='ltr'><strong>CF</strong></span> <span class='ocrx_word' id='word_1_462' title='bbox 1606 4496 1675 4544; x_wconf 85' lang='lat' dir='ltr'><strong>suut</strong></span> 
     </span>
     <span class='ocr_line' id='line_1_48' title="bbox 310 4557 1674 4635; baseline 0.012 -27"><span class='ocrx_word' id='word_1_463' title='bbox 310 4563 407 4624; x_wconf 83' lang='lat' dir='ltr'><strong>parter</strong></span> <span class='ocrx_word' id='word_1_464' title='bbox 427 4557 525 4610; x_wconf 85' lang='lat' dir='ltr'><strong>Luuse</strong></span> <span class='ocrx_word' id='word_1_465' title='bbox 545 4557 714 4624; x_wconf 83' lang='lat' dir='ltr'><strong>orientales,</strong></span> <span class='ocrx_word' id='word_1_466' title='bbox 736 4576 797 4614; x_wconf 89' lang='lat' dir='ltr'><strong>curn</strong></span> <span class='ocrx_word' id='word_1_467' title='bbox 816 4563 844 4615; x_wconf 79' lang='lat' dir='ltr'>A</span> <span class='ocrx_word' id='word_1_468' title='bbox 863 4561 901 4615; x_wconf 82' lang='lat' dir='ltr'><strong>rit</strong></span> <span class='ocrx_word' id='word_1_469' title='bbox 920 4567 1052 4631; x_wconf 86' lang='lat' dir='ltr'><strong>punctum</strong></span> <span class='ocrx_word' id='word_1_470' title='bbox 1079 4561 1216 4617; x_wconf 87' lang='lat' dir='ltr'><strong>orientele</strong></span> <span class='ocrx_word' id='word_1_471' title='bbox 1244 4563 1408 4633; x_wconf 83' lang='lat' dir='ltr'><strong>ecliptieee:</strong></span> <span class='ocrx_word' id='word_1_472' title='bbox 1436 4581 1522 4635; x_wconf 86' lang='lat' dir='ltr'><strong>quere</strong></span> <span class='ocrx_word' id='word_1_473' title='bbox 1547 4569 1674 4624; x_wconf 74' lang='lat' dir='ltr'><strong>illustro·</strong></span> 
     </span>
     <span class='ocr_line' id='line_1_49' title="bbox 308 4633 1672 4712; baseline 0.014 -26"><span class='ocrx_word' id='word_1_474' title='bbox 308 4633 414 4690; x_wconf 90' lang='lat' dir='ltr'><strong>buntur</strong></span> <span class='ocrx_word' id='word_1_475' title='bbox 433 4635 488 4690; x_wconf 77' lang='lat' dir='ltr'><strong>bes</strong></span> <span class='ocrx_word' id='word_1_476' title='bbox 508 4641 605 4705; x_wconf 81' lang='lat' dir='ltr'><strong>partes</strong></span> <span class='ocrx_word' id='word_1_477' title='bbox 620 4638 664 4692; x_wconf 70' lang='grc' dir='ltr'><strong>ΟΡ</strong></span> <span class='ocrx_word' id='word_1_478' title='bbox 684 4653 703 4692; x_wconf 90' lang='lat' dir='ltr'><strong>a</strong></span> <span class='ocrx_word' id='word_1_479' title='bbox 722 4639 851 4694; x_wconf 79' lang='lat' dir='ltr'><strong>refrsctis</strong></span> <span class='ocrx_word' id='word_1_480' title='bbox 871 4639 994 4712; x_wconf 83' lang='lat' dir='ltr'><strong>regionis</strong></span> <span class='ocrx_word' id='word_1_481' title='bbox 1010 4639 1040 4694; x_wconf 90' lang='lat' dir='ltr'><strong>in</strong></span> <span class='ocrx_word' id='word_1_482' title='bbox 1053 4640 1142 4696; x_wconf 80' lang='lat' dir='ltr'><strong>&#39;l&#39;erra</strong></span> <span class='ocrx_word' id='word_1_483' title='bbox 1163 4641 1328 4706; x_wconf 73' lang='lat' dir='ltr'><strong>contremere,</strong></span> <span class='ocrx_word' id='word_1_484' title='bbox 1350 4643 1529 4702; x_wconf 75' lang='lat' dir='ltr'><strong>emidentalir</strong></span> <span class='ocrx_word' id='word_1_485' title='bbox 1552 4647 1672 4705; x_wconf 80' lang='lat' dir='ltr'><strong>seilicet.</strong></span> 
     </span>
     <span class='ocr_line' id='line_1_50' title="bbox 308 4711 1672 4797; baseline 0.015 -32"><span class='ocrx_word' id='word_1_486' title='bbox 308 4711 348 4766; x_wconf 82' lang='lat' dir='ltr'><strong>Et</strong></span> <span class='ocrx_word' id='word_1_487' title='bbox 366 4715 433 4783; x_wconf 70' lang='lat' dir='ltr'><strong>iuria</strong></span> <span class='ocrx_word' id='word_1_488' title='bbox 453 4715 497 4769; x_wconf 77' lang='lat' dir='ltr'><strong>CF</strong></span> <span class='ocrx_word' id='word_1_489' title='bbox 516 4723 562 4770; x_wconf 82' lang='lat' dir='ltr'><strong>ert</strong></span> <span class='ocrx_word' id='word_1_490' title='bbox 580 4716 643 4772; x_wconf 85' lang='lat' dir='ltr'><strong>leto</strong></span> <span class='ocrx_word' id='word_1_491' title='bbox 662 4717 754 4787; x_wconf 85' lang='lat' dir='ltr'><strong>portio</strong></span> <span class='ocrx_word' id='word_1_492' title='bbox 767 4721 875 4784; x_wconf 82' lang='lat' dir='ltr'><strong>Lunae,</strong></span> <span class='ocrx_word' id='word_1_493' title='bbox 897 4719 959 4774; x_wconf 86' lang='lat' dir='ltr'><strong>ideo</strong></span> <span class='ocrx_word' id='word_1_494' title='bbox 980 4719 1076 4790; x_wconf 78' lang='lat' dir='ltr'><strong>arguit</strong></span> <span class='ocrx_word' id='word_1_495' title='bbox 1095 4735 1212 4791; x_wconf 80' lang='lat' dir='ltr'><strong>parrum</strong></span> <span class='ocrx_word' id='word_1_496' title='bbox 1232 4721 1443 4786; x_wconf 70' lang='lat' dir='ltr'><strong>refractionem</strong></span> <span class='ocrx_word' id='word_1_497' title='bbox 1464 4741 1523 4797; x_wconf 78' lang='lat' dir='ltr'><strong>que</strong></span> <span class='ocrx_word' id='word_1_498' title='bbox 1542 4727 1672 4794; x_wconf 72' lang='lat' dir='ltr'><strong>efficitur,</strong></span> 
     </span>
     <span class='ocr_line' id='line_1_51' title="bbox 308 4792 1534 4878; baseline 0.013 -34"><span class='ocrx_word' id='word_1_499' title='bbox 308 4797 341 4844; x_wconf 86' lang='lat' dir='ltr'><strong>ut</strong></span> <span class='ocrx_word' id='word_1_500' title='bbox 359 4792 440 4863; x_wconf 84' lang='lat' dir='ltr'><strong>regio</strong></span> <span class='ocrx_word' id='word_1_501' title='bbox 464 4811 516 4865; x_wconf 63' lang='lat' dir='ltr'><strong>rgo</strong></span> <span class='ocrx_word' id='word_1_502' title='bbox 535 4797 666 4850; x_wconf 90' lang='lat' dir='ltr'><strong>remotior</strong></span> <span class='ocrx_word' id='word_1_503' title='bbox 686 4797 725 4852; x_wconf 86' lang='lat' dir='ltr'><strong>ait</strong></span> <span class='ocrx_word' id='word_1_504' title='bbox 745 4813 765 4852; x_wconf 80' lang='lat' dir='ltr'><strong>a</strong></span> <span class='ocrx_word' id='word_1_505' title='bbox 784 4799 879 4864; x_wconf 81' lang='lat' dir='ltr'><strong>Terra,</strong></span> <span class='ocrx_word' id='word_1_506' title='bbox 901 4797 1063 4870; x_wconf 75' lang='lat' dir='ltr'><strong>Lunamque</strong></span> <span class='ocrx_word' id='word_1_507' title='bbox 1082 4799 1132 4856; x_wconf 86' lang='lat' dir='ltr'><strong>rix</strong></span> <span class='ocrx_word' id='word_1_508' title='bbox 1152 4800 1230 4856; x_wconf 89' lang='lat' dir='ltr'><strong>tenui</strong></span> <span class='ocrx_word' id='word_1_509' title='bbox 1250 4817 1381 4856; x_wconf 78' lang='lat' dir='ltr'><strong>mucrore</strong></span> <span class='ocrx_word' id='word_1_510' title='bbox 1400 4803 1534 4878; x_wconf 73' lang='lat' dir='ltr'><strong>stringet.</strong></span> 
     </span>
    </p>
   </div>
   <div class='ocr_carea' id='block_1_4' title="bbox 0 0 1864 5528">
    <p class='ocr_par' dir='ltr' id='par_1_7' title="bbox 0 0 1864 5528">
     <span class='ocr_line' id='line_1_52' title="bbox 0 0 1864 5528; baseline 0 2"><span class='ocrx_word' id='word_1_511' title='bbox 0 0 1864 5528; x_wconf 95' lang='lat' dir='ltr'><strong> </strong></span> 
     </span>
    </p>
   </div>
  </div>
 </body>
</html>
