3464 5524
636 346 756 396 derebus
776 345 877 410 Opticls.
1369 343 1411 412 49

111 521 201 585 niliad
221 521 381 583 medicinae
408 521 502 582 limen
528 521 607 582 fores
631 521 725 599 aperi.
771 521 939 598 Expectavi
972 528 1053 582 tuom
1077 521 1222 600 judicium
1252 523 1288 584 dc
1313 525 1411 586 cordis

109 607 211 671 iuce'udic.
253 607 361 680 Quoad
384 610 472 680 calor
496 628 561 670 cum
584 608 649 670 luce
673 617 736 682 est,
762 608 979 671 immateriatus
1003 617 1035 670 et
1057 609 1121 688 ipse
1145 619 1210 686 est,
1240 610 1303 671 ‘sed
1337 631 1409 686 non,

107 709 225 778 utaequa
259 699 357 760 dicam
395 698 542 772 barbare,
591 698 775 777 inspeciatus
808 699 856 759 vel
888 697 1081 770 ἀιιπιςατος.
1141 699 1208 760 Lux
1238 698 1317 761 enim
1350 719 1408 762 nou

103 875 147 936 lor?
182 875 219 936 Tu
240 894 309 937 uero
334 895 435 956 negas
459 874 589 937 directos
604 873 685 937 Solis
700 875 802 938 radios
825 876 1012 938 calefacere?
1057 877 1106 937 Au
1131 876 1221 953 igitur
1244 864 1411 957 serpentes,¹

100 963 225 1024 crocodilos
247 972 277 1026 et
301 966 457 1044 reptilium
482 971 605 1026 naturae
629 972 774 1044 cognatos
799 965 891 1027 Afros
915 965 994 1043 apud
1019 964 1184 1026 Arnobiurn
1218 966 1257 1026 ad
1288 966 1411 1044 specula

99 1053 178 1112 saltem
198 1053 320 1131 apricari
345 1055 378 1115 in
404 1052 477 1115 Sole
506 1053 682 1115 existimas?
729 1051 884 1115 Omanus
914 1053 1075 1127 delicatas,
1109 1072 1184 1133 quae
1219 1053 1413 1116 meridianum

99 1139 158 1201 Solis
183 1140 263 1204 ictum
288 1163 306 1202 a
332 1139 447 1203 Cancri
473 1140 595 1220 fastigio
627 1161 777 1222 nunquam
810 1143 945 1204 sensere!
992 1140 1052 1204 Sed
1085 1143 1162 1203 forte
1191 1143 1228 1202 ad
1250 1152 1412 1223 perpetuas

97 1227 156 1289 cives
175 1231 289 1310 respicis
313 1231 345 1292 in
371 1231 499 1310 Alpium
526 1229 657 1309 fastigiis
690 1249 781 1308 supra
804 1239 936 1292 nostrum
969 1237 1069 1292 adrem
1102 1231 1251 1292 elevatis?
1296 1234 1341 1293 At
1372 1231 1413 1292 ibi

63 1354 68 1366 ·
95 1335 176 1380 causae
195 1319 268 1382 aliae
293 1339 349 1381 cur
364 1319 422 1381 Sol
437 1338 494 1382 non
510 1319 715 1380 calefaciendo
739 1319 855 1394 vincat,
880 1339 937 1382 non
954 1319 1142 1382 retractionis
1165 1319 1195 1380 in
1220 1327 1290 1382 abre
1314 1321 1411 1381 airis-

94 1425 131 1484 que
149 1407 278 1470 defectus.

16 1571 17 1576 ,
153 1512 367 1580 Breuggerus:
398 1511 438 1562 De
464 1518 552 1576 quarta
570 1511 631 1562 lucis
649 1513 746 1575 specie,
774 1525 818 1560 seu
846 1512 900 1562 luca
926 1514 1161 1562 communicata
1178 1507 1245 1577 (cap.
1259 1513 1280 1562 Ι.
1301 1511 1345 1578 22)
1363 1528 1413 1564 uon

92 1585 163 1632 nemsi
178 1600 213 1634 me
231 1586 293 1635 alias
312 1584 423 1650 legisse,
442 1597 506 1649 quae
524 1589 609 1632 tamen
628 1583 724 1632 silentio
744 1599 793 1632 non
812 1590 867 1633 erat
884 1583 1074 1648 praetereunda.

153 1655 400 1720 infiguratione
420 1655 482 1704 lucis
501 1654 649 1718 explicanda
665 1654 811 1704 industriam
830 1661 898 1704 tuam
918 1655 1051 1705 exosculor.
1088 1653 1148 1717 Ejus
1167 1654 1239 1704 lectio
1257 1658 1376 1718 majorem
1388 1657 1414 1705 in

16 1725 18 1732 '
91 1723 159 1773 nodum
174 1741 209 1777 me
227 1726 374 1778 delectavit.
414 1725 508 1774 Locum
526 1726 641 1790 imaginis
660 1741 703 1789 per
720 1726 876 1775 reflexionem
890 1727 1031 1790 apparentia
1048 1727 1117 1790 ponis
1130 1727 1155 1774 in
1169 1740 1312 1776 concursum
1331 1727 1412 1776 radio·

89 1810 125 1844 nm
138 1799 252 1848 stantum
270 1796 344 1862 (cap.
363 1796 412 1846 111.
432 1796 462 1856 ²,
482 1812 549 1860 prop.
566 1792 625 1856 17);
653 1811 717 1860 quaa
744 1812 802 1847 mea
812 1798 858 1860 sit
884 1799 1010 1846 sententia
1035 1811 1064 1846 ex
1088 1797 1250 1860 superioribus
1269 1797 1412 1862 cognovisti.

89 1865 147 1929 liptiti
162 1870 231 1918 ibam
250 1869 418 1920 considerant
436 1875 556 1932 tauquam
574 1867 674 1916 unicum
691 1873 829 1930 punctum·
839 1875 913 1933 atque
930 1869 968 1917 ita
980 1882 1125 1919 concursum
1143 1868 1267 1918 radiorum
1284 1869 1414 1918 risnellum

16 1941 18 1960 ¹
88 1953 159 1988 omnem
174 1940 265 1990 tollunt.
305 1939 399 1996 Adde,
419 1938 484 2003 qnod
503 1938 579 1988 altero
600 1938 683 1988 clauso
703 1939 780 1988 altero
793 1939 864 1989 oculo
885 1938 936 1989 solo
950 1941 1025 1989 etiam
1045 1929 1176 1988 distantias
1195 1939 1412 2004 apprehendimus:

87 2023 120 2057 oet
134 2017 165 2058 est
179 2013 238 2075 qnod
256 2011 397 2075 confugias
416 2010 448 2059 ad
466 2009 572 2073 pupillae
590 2009 760 2070 latitudinem,
789 2013 842 2073 ejus
869 2011 934 2059 enim
961 2009 1030 2060 nulla
1055 2017 1093 2059 ast
1117 2013 1238 2094 proportio
1258 2012 1291 2060 ad
1308 2023 1414 2076 magnas

87 2078 196 2131 imma.
231 2081 305 2143 Quod
329 2079 422 2131 deinde
439 2094 506 2144 prop
531 2078 569 2128 18.
589 2081 686 2129 conaris
704 2045 822 2165 proflare,
852 2081 958 2131 locum
951 2082 1066 2146 imaginis
1089 2095 1143 2130 esso
1160 2083 1186 2131 iu
1205 2079 1247 2131 S'
1240 2097 1266 2132 tn
1284 2081 1365 2168 ligura
1381 2081 1414 2131 ibi

87 2155 156 2212 palte,
171 2155 257 2204 lrustn
274 2153 396 2206 laborata
414 2165 474 2202 uam
490 2165 530 2200 ιιι
549 2158 653 2214 apparet
671 2151 882 2216 geminapostS.
921 2152 994 2214 Quod
1012 2153 1087 2202 facile
1105 2137 1274 2215 dep'rehandes
1292 2155 1315 2202 ri
1331 2151 1415 2202 intuli

16 2249 17 2262 ι
87 2223 122 2269 ιιι
135 2224 195 2272 modo
211 2225 277 2274 bunc
295 2223 376 2274 modo
396 2221 501 2272 alterum
529 2221 625 2272 oculum
649 2223 792 2272 alternatim
811 2223 913 2275 claudas
932 2230 959 2273 et
975 2224 1081 2288 aperias.
1118 2223 1184 2274 Alibi
1212 2225 1278 2276 enim
1296 2224 1415 2275 videbitur

16 2319 18 2334 ι
86 2291 137 2342 oculo
152 2293 180 2351 C,
196 2295 254 2346 alibi
272 2295 352 2344 oculo
370 2293 405 2342 Η.
921 2317 925 2326 ·

149 2385 350 2464 Keplerus:
375 2382 522 2444 Redimus
545 2381 585 2442 ad
607 2381 705 2444 locum
729 2382 879 2463 imaginis.
918 2381 1119 2445 Collationem
1135 2402 1232 2445 meam
1247 2383 1414 2462 impugnas,

85 2472 144 2550 quod
163 2473 249 2553 cptici
271 2473 376 2534 visum
400 2471 490 2532 aliter
514 2470 666 2533 definiant.
713 2473 758 2533 At
781 2473 876 2545 nosti,
909 2492 963 2534 nos
991 2472 1039 2534 hic
1069 2473 1223 2552 disputare
1251 2481 1350 2534 utrum
1372 2472 1416 2535 illi

84 2567 145 2621 recte
165 2572 194 2624 et
214 2558 428 2624 sufficienter?
473 2560 567 2621 Putas
600 2578 694 2640 aeque
718 2580 773 2622 nos
801 2560 1025 2643 apprehendere
1049 2561 1216 2623 distantias·
1236 2579 1294 2623 uno
1318 2561 1412 2636 oculo,

16 2661 17 2664 ’
83 2647 119 2709 ubi
138 2669 185 2730 ego
207 2652 284 2714 duas
311 2669 426 2712 causas
449 2647 607 2710 substitui:
632 2655 744 2710 motum
768 2650 877 2729 capitis
901 2656 934 2710 et
948 2650 1137 2712 latitudinem
1152 2649 1295 2730 pupillae.
1328 2649 1415 2712 Hauc

83 2738 157 2800 solam
176 2740 355 2822 impugnas,
382 2739 462 2818 quod
484 2736 566 2799 nulla
589 2737 655 2817 ejus
678 2739 848 2818 proportio;
883 2738 1020 2819 equidem
1043 2738 1084 2800 ibi
1109 2747 1141 2799 et
1163 2739 1246 2799 nulla
1269 2738 1417 2800 distantia

82 2827 177 2889 nisiex
204 2827 438 2892 assuefactione
468 2844 574 2888 sensus
607 2828 780 2890 communis.
827 2827 896 2890 Scis
919 2828 1019 2908 pueris
1051 2845 1197 2907 apparere
1222 2827 1416 2888 domunculas

16 2937 17 2996 j
81 2915 240 2981 latialibus
254 2918 435 2980 valvarum:
454 2913 499 2976 illi
522 2912 613 2993 igitur
635 2934 693 2977 nno
717 2917 782 2978 solo
806 2918 891 2979 oculo
905 2915 934 2978 in
956 2916 1109 2996 speculum
1129 2916 1280 2976 intuentes
1294 2914 1415 2976 omnino

16 3029 18 3040 ν
81 3006 212 3083 amabunt,
245 3005 400 3069 aediculis
425 3003 602 3066 distantiam
634 3004 786 3066 fenestrae
810 3005 986 3068 tribuentes.
1032 3005 1095 3066 lmo
1129 3011 1161 3066 et
1192 3003 1342 3065 oculorum
1367 3003 1415 3065 di-

80 3094 174 3156 stantia
195 3095 374 3167 evanescit,
399 3099 432 3154 et
454 3100 525 3154 tuno
543 3111 653 3154 novum
677 3093 797 3175 aliquod
816 3102 946 3157 erratum
969 3094 1072 3156 oritur.
1121 3093 1154 3154 ln
1179 3093 1269 3172 plano
1292 3093 1416 3171 speculo

80 3199 168 3260 quaere
190 3185 359 3264 imaginem
382 3181 518 3262 patentis
543 3180 704 3260 fenestrae,
728 3185 782 3262 p'er
805 3201 894 3263 quam
908 3183 1025 3262 species
1042 3181 1156 3262 fastigii
1179 3180 1305 3262 alicujus
1324 3181 1415 3242 turris

79 3277 119 3331 aut
138 3273 207 3336 tecti
229 3274 260 3336 iu
286 3273 371 3335 idem
395 3270 548 3350 speculum
572 3270 744 3346 delabatur;
778 3282 862 3334 utere
891 3273 1036 3334 ambobus
1065 3272 1136 3333 licet
1160 3269 1269 3339 oculis,
1298 3269 1416 3350 jurabis

80 3359 210 3439 fastigium
232 3361 315 3424 tecti
337 3359 474 3441 proxime
499 3359 662 3421 fenestram
686 3369 777 3423 stare.
823 3361 892 3423 Non
917 3362 1013 3423 miuus
1041 3360 1119 3421 enim
1142 3366 1322 3422 concurrunt
1343 3377 1416 3439 per·
1502 3397 1503 3400 =

78 3455 168 3526 petuas
189 3470 291 3514 rernm
319 3449 416 3512 series
439 3468 458 3510 a
480 3447 546 3509 visu
570 3446 609 3507 ad
632 3447 765 3523 visibile,
799 3450 837 3511 ad
870 3449 1009 3529 imaginis
1042 3449 1153 3523 locum,
1187 3466 1276 3527 quam
1304 3447 1344 3508 ad
1368 3446 1416 3508 di-

79 3537 201 3600 stinotam
224 3547 259 3601 et
283 3539 435 3600 directam
458 3535 612 3610 visionem,
638 3538 716 3617 quod
741 3557 831 3618 supra
854 3539 946 3600 etiam
965 3537 1045 3599 circa
1063 3537 1248 3600 concboidea
1261 3536 1415 3616 usurpavi.

150 3623 265 3704 Video,
292 3627 364 3690 dum
388 3643 496 3687 novam
519 3643 642 3686 causam
666 3627 774 3702 affero,
798 3646 845 3689 me
868 3636 1002 3689 veterem
1025 3624 1258 3704 imperfectionis
1282 3642 1415 3704 arguere.

78 3713 220 3792 lonasse3
256 3735 331 3779 nam
355 3714 400 3776 sic
424 3722 486 3786 est,
521 3711 662 3775 discendo
686 3715 865 3794 proficimus.
913 3714 1034 3795 Cogita.
1081 3713 1144 3776 Sed
1166 3721 1201 3776 ut
1227 3712 1417 3775 latitudinem

78 3805 205 3883 pupillae,
230 3805 390 3868 oculorum
415 3801 605 3876 dualitatem,
629 3811 732 3865 nutum
756 3804 864 3883 capitis
887 3812 988 3878 tuear,
1019 3802 1203 3883 accipehoe
1226 3801 1417 3880 experimen-

78 3901 142 3954 tum:
164 3911 219 3974 per
243 3895 386 3956 foramen
412 3897 465 3951 aut
485 3890 609 3962 rimam,
634 3893 791 3972 augustius
807 3891 966 3955 latitudine
981 3891 1128 3972 pupillae,
1152 3888 1343 3968 introspicite
1362 3907 1417 3950 ca-

78 3996 174 4044 meram
195 4001 354 4063 uunquam
378 3979 476 4041 visam
498 3978 640 4054 lucidam,
666 3989 700 4042 ut
715 3981 813 4057 lubet,
838 3981 989 4062 quicquid
990 3978 1235 4052 occurretvisui‚
1261 3976 1418 4039 dummodo

77 4087 123 4130 uon
143 4091 190 4132 res
214 4079 313 4134 notae
336 4066 450 4150 speciei
482 4075 513 4128 et
544 4067 742 4148 quantitatis,
775 4069 807 4130 id
833 4069 964 4132 nescibis
996 4070 1194 4150 propinquum
1217 4065 1258 4127 ait
1281 4063 1419 4126 foramini

77 4173 107 4217 an
125 4169 285 4223 remotum.
333 4159 370 4220 ln
395 4173 522 4218 summa:
547 4156 643 4235 prima
667 4159 803 4238 quaestio
827 4167 884 4231 est,
908 4158 1054 4240 quomodo
1081 4157 1219 4218 videatur
1240 4151 1344 4233 puncti
1371 4150 1419 4212 vi-

76 4243 160 4309 sibilis
189 4246 346 4310 distantia
379 4245 509 4318 ditecte;
540 4244 589 4306 hic
622 4264 677 4324 ego
710 4247 825 4308 adduco
858 4244 1012 4311 dcausas
1037 4247 1135 4325 (prop.
1156 4239 1185 4318 6,
1213 4239 1241 4318 7,
1266 4239 1344 4305 8ιι
1369 4239 1418 4314 11,

76 4336 171 4413 capitis
185 4337 245 4400 111.
277 4334 325 4408 2).
376 4333 411 4396 Si
435 4332 473 4395 ad
495 4332 552 4393 hcc
574 4334 704 4412 probae,
738 4334 940 4397 certissimum
963 4343 1021 4406 est,
1046 4334 1156 4413 probas
1181 4349 1249 4392 esse
1273 4327 1421 4392 etiamad
1458 4339 1490 4386 ‘.

76 4419 280 4488 [mabonem‘
271 4421 418 4504 imaginis
441 4421 615 4500 specularis.
660 4423 748 4504 Prop.
769 4421 821 4487 18.
848 4424 907 4487 mei
930 4423 998 4486 libri
1021 4422 1113 4486 etiam
1131 4420 1187 4481 boc
1210 4417 1283 4480 milri
1305 4417 1420 4498 eripere

76 4513 160 4589 cupis,
185 4514 269 4594 quod
294 4513 359 4575 tuis
383 4515 613 4574 consentaneum
637 4512 864 4592 experimentis:
889 4512 1048 4592 imaginem
1072 4509 1135 4574 fare
1158 4506 1188 4568 in
1213 4505 1246 4569 S.
1293 4506 1422 4584 Allegas

76 4595 204 4678 iudicem,
241 4603 270 4665 si
303 4600 449 4664 claudam
481 4598 580 4659 oculos
610 4601 792 4665 alternatim.
839 4603 898 4674 At,
932 4601 1064 4670 obone,
1093 4594 1185 4675 jubeo
1218 4613 1274 4674 ego
1305 4595 1422 4674 aperire

76 4695 236 4772 utumque,
271 4697 303 4752 et
333 4689 396 4750 hoc
427 4706 494 4768 ago,
528 4686 584 4748 hcc
614 4707 703 4768 pono.
749 4689 818 4752 Nisi
840 4691 897 4751 hoc
924 4689 991 4765 fiat,
1026 4682 1197 4746 sciooc'ulo
1221 4703 1281 4746 uon
1303 4679 1423 4744 obtrudi

77 4779 271 4842 necessarium
294 4779 404 4842 locum
426 4775 525 4848 ullum,
551 4783 604 4840 aot
626 4775 653 4838 si
676 4777 794 4840 omnino
819 4777 964 4857 aliquem,
996 4773 1181 4836 differentem
1205 4779 1302 4848 certe,
1335 4778 1424 4852 prout

120 4881 204 4932 tamar
219 4883 299 4933 open.
321 4881 353 4923 n.
1195 4863 1212 4917 t
