3652 5532
769 325 851 391 0⁸lut
867 323 921 378 XX.
1316 343 1317 348 ’
1456 324 1521 396 θὸῗ

165 503 239 566 illud
262 503 457 566 vehementer
478 521 586 583 urgeo,
610 504 688 584 quod
712 503 851 566 videatur
873 503 956 566 Deus
980 522 1038 566 non
1062 504 1139 566 bene
1169 505 1355 568 cousuluisse
1377 505 1521 569 thesauro

164 593 208 656 illi
232 611 296 664 suo,
322 611 407 673 quern
431 593 527 654 latere
550 591 647 654 voluit
669 594 708 655 ad
723 611 815 674 usque
840 593 929 654 aliam
954 593 1157 669 occasionem,
1182 613 1248 657 cum
1262 595 1428 669 Fabricius,
1455 613 1521 656 cum

165 682 304 744 Brabene
335 681 440 742 eodem
473 681 635 743 etiamnum
666 681 822 761 potiantur
845 683 931 762 quasi
953 701 1012 744 non
1042 683 1202 745 exstincto.
1249 683 1329 744 Illud
1362 683 1522 763 diligenter

166 770 357 833 considerare
377 770 485 850 jubeo,
516 788 634 831 omnem
657 771 686 831 in
711 770 761 831 via
785 771 885 831 lactea
907 772 1046 833 lacunam
1071 771 1184 832 hiatum
1213 772 1322 846 videri,
1357 771 1414 833 etsi
1438 772 1522 834 nulla

166 877 295 940 uuquam
318 856 359 919 ibi
388 858 479 921 stella
503 857 630 922 fulserit.
668 859 748 921 Nam
771 858 828 920 hoc
851 878 889 920 ex
908 858 1086 922 Aristotelis
1100 859 1246 921 Meteorie
1271 861 1384 922 habent
1406 860 1522 942 physici

165 949 336 1027 cognitum,
368 946 394 1007 si
418 947 515 1008 locum
547 947 706 1009 obscurum
730 954 763 1008 et
785 949 850 1009 luce
875 956 1027 1010 carentem
1062 949 1169 1010 limbus
1202 948 1318 1010 lucidus
1350 955 1403 1009 aut
1435 949 1522 1011 albus

164 1036 296 1119 nudique
327 1034 507 1110 circumeat,
541 1036 636 1097 videri
665 1036 781 1097 foveam
805 1035 834 1096 in
859 1037 976 1111 medio,
1009 1037 1089 1119 quod
1114 1033 1225 1098 Graeci
1255 1037 1381 1098 chasma
1409 1037 1520 1098 dicunt.

164 1127 274 1206 Itaque
295 1123 412 1204 ingenti
436 1143 501 1186 cum
526 1125 673 1204 applausu
695 1133 840 1204 exceptus
861 1133 910 1186 est
923 1125 1071 1201 Braheus,
1097 1143 1163 1186 cnm
1183 1124 1260 1187 bunc
1281 1125 1396 1187 hiatum
1421 1125 1522 1206 appli-

165 1221 269 1275 casset
292 1213 331 1274 ad
345 1213 579 1274 confirmandam
603 1231 688 1274 suam
713 1213 904 1282 seutentiam,
929 1214 992 1292 ejus
1012 1213 1080 1276 anni
1104 1213 1224 1274 stellam
1249 1232 1287 1275 ex
1301 1214 1431 1275 materia
1453 1215 1520 1275 viae

165 1303 293 1377 lacteae,
319 1307 433 1380 quanta
455 1302 601 1380 perbono
626 1301 740 1362 hiatum
764 1309 831 1364 erat
848 1300 994 1384 dispersa,
1021 1302 1114 1364 fuisse
1128 1311 1284 1376 coactam3
1308 1310 1522 1383 consumtaque

166 1399 197 1452 et
211 1391 297 1472 quasi
321 1397 430 1451 exusta
453 1390 561 1451 stellae
584 1390 721 1460 materia,
745 1391 882 1452 relictum
908 1409 975 1451 esee
999 1391 1095 1452 locoru
1120 1390 1234 1452 alacte
1257 1411 1395 1454 vacuum.
1434 1389 1521 1462 Quae
1594 1387 1600 1396 '

165 1480 343 1541 Braheanae
375 1478 544 1540 sententiae
573 1477 806 1539 uerisimilitudo
830 1479 874 1540 sic
898 1486 998 1540 certat
1021 1498 1086 1541 cum
1109 1479 1306 1556 Fabriciana,
1339 1485 1374 1541 ut
1397 1479 1424 1542 ei
1448 1498 1521 1541 cou-

165 1568 323 1630 vellendae
347 1585 405 1628 nou
429 1566 497 1627 aliis
522 1565 706 1647 argumentis
730 1585 805 1645 opus
829 1567 879 1630 sit.

254 1654 403 1727 Quartam
426 1654 629 1734 conjecturam
652 1654 808 1716 Fabricius
832 1676 851 1716 a
875 1656 940 1716 loco
965 1654 1105 1717 deducit:
1134 1654 1214 1718 inter
1235 1657 1310 1718 lixas
1339 1653 1519 1730 consistere,

164 1745 257 1826 igitur
279 1753 313 1807 ut
335 1745 422 1817 fixae,
447 1743 491 1805 sic
514 1744 570 1806 has
595 1761 710 1824 quoque
735 1745 841 1806 stellas
869 1743 964 1805 videri
993 1761 1149 1822 perennes.
1199 1741 1260 1815 Gur
1283 1763 1341 1806 nou
1366 1743 1522 1806 etiamad

165 1833 285 1896 luminis
315 1833 535 1913 perennitatem
568 1833 697 1894 detorsit
733 1833 965 1912 argumentum?
1011 1832 1116 1911 Itaque
1152 1833 1197 1906 si,
1233 1833 1311 1914 quod
1342 1840 1391 1893 est
1423 1833 1521 1895 stellis

166 1921 293 1984 maxime
323 1921 491 2002 proprium,
526 1922 666 1994 lucere,
699 1921 755 1982 hoc
779 1922 956 2001 quibusdam
981 1921 1018 1982 de
1041 1939 1118 1982 novo
1142 1922 1310 2001 contingit,
1334 1929 1368 1983 ut
1391 1922 1521 1996 luceant,

167 2029 244 2090 quae
267 2011 350 2091 prius
373 2028 432 2071 non
462 2011 620 2072 luxerant:
653 2009 722 2090 qnid
756 2011 881 2086 mimm,
913 2009 939 2071 si
963 2009 1054 2070 etiam
1085 2009 1165 2070 iuter
1195 2010 1272 2072 fixas
1305 2010 1423 2089 aliquae
1454 2028 1521 2070 esse

167 2099 321 2180 incipiunt,
346 2117 422 2179 quae
445 2099 528 2178 prius
551 2117 609 2160 non
634 2108 738 2172 erant,
762 2106 882 2161 etcum
907 2098 1015 2160 lumine
1039 2097 1107 2178 ipsa
1130 2097 1221 2159 etiam
1249 2118 1375 2180 corpora
1398 2106 1523 2178 peracta

167 2186 289 2268 periodo
313 2187 505 2267 deperdant?
1292 2205 1294 2210 ’

255 2275 340 2338 Satis
364 2275 469 2355 opinor
492 2282 612 2356 patere,
638 2294 760 2337 causam
784 2275 895 2336 nullam
918 2274 1057 2336 idoneam
1081 2291 1163 2350 esse,
1193 2293 1245 2337 cur
1269 2275 1335 2355 quis
1359 2274 1523 2347 existimet,

165 2382 262 2428 novas
284 2365 362 2426 istas
386 2365 492 2428 stellas
515 2365 597 2445 prius
621 2364 777 2426 exstitisse
793 2383 883 2444 quam
905 2362 1096 2437 viderentur3
1120 2372 1152 2424 et
1166 2371 1328 2444 postquam
1353 2363 1522 2426 exstinctae

168 2462 249 2530 eunt
275 2454 423 2516 reservari
447 2454 627 2535 superstites
651 2454 689 2514 ad
713 2471 821 2514 noram
845 2452 1105 2515 illuminationem.

750 2711 935 2725 --———-0

716 2911 836 3012 Caput
862 2909 970 2986 XXI.

166 3091 221 3156 Aa
243 3099 329 3155 mota
357 3097 483 3173 recepto
505 3093 547 3154 sit
574 3092 653 3154 toea
681 3088 774 3152 atella
796 3092 833 3153 ire
849 3089 1052 3173 profieodum
1081 3088 1234 3163 uectem,
1266 3095 1296 3153 et
1318 3106 1363 3151 ara
1377 3088 1524 3170 ficorum

495 3219 500 3226 -
548 3179 687 3262 sphoera
708 3181 745 3242 ira
767 3180 928 3262 infinitum
947 3176 1142 3260 promerear

258 3335 320 3400 Sed
353 3346 401 3400 est
433 3338 495 3400 alia
525 3335 801 3418 philosophantium
832 3344 933 3412 secta,
973 3329 1072 3398 eorum
1106 3335 1155 3417 qui
1188 3335 1238 3408 (ut
1269 3333 1454 3396 Aristoteles
1487 3335 1524 3398 de

138 3436 143 3449 '
164 3427 424 3509 Pythagoreorum
449 3426 610 3501 sententia,
635 3425 836 3506 aCopemico
860 3425 1001 3505 repetita,
1025 3424 1174 3487 immerito
1192 3422 1311 3505 quidem
1329 3423 1524 3502 pronunciat)

166 3535 225 3578 non
256 3515 375 3576 initium
409 3515 648 3578 ratiocinationis
677 3533 715 3576 ex
742 3515 882 3577 sensibus
915 3514 1065 3576 deducunt
1096 3531 1192 3595 neque
1225 3531 1335 3575 causas
1364 3529 1462 3573 rerum
1486 3512 1524 3573 ad

167 3603 373 3684 experimenta
396 3604 643 3666 accommodant:
668 3604 722 3665 sed
738 3603 787 3684 qui
807 3621 844 3664 ex
858 3604 986 3682 abrupto
1011 3611 1043 3664 et
1057 3603 1142 3684 quasi
1166 3599 1295 3683 quodam
1319 3599 1523 3662 enthusiasmo

166 3692 339 3772 concipiunt
361 3700 393 3754 et
416 3692 580 3773 depingunt
610 3692 693 3754 intra
715 3692 762 3754 sui
790 3691 905 3754 cerebri
937 3691 1071 3772 parietes
1105 3690 1236 3770 aliquam
1260 3689 1297 3750 de
1322 3687 1424 3750 mundi
1447 3707 1523 3750 con·

166 3779 325 3844 stitutione
349 3780 534 3861 opinionem:
568 3800 693 3864 eamque
716 3780 767 3844 nbi
790 3780 939 3843 mordicus
964 3781 1074 3842 fuerint
1097 3777 1244 3860 amplexi,
1273 3777 1338 3858 jam
1362 3795 1451 3857 porro
1475 3796 1522 3852 ea,

168 3889 245 3951 quae
260 3869 316 3932 sub
331 3869 546 3950 experientiam
565 3871 677 3932 cadunt
691 3889 825 3952 quaeque
844 3869 978 3951 quotidie
1002 3867 1145 3930 eveniunt
1163 3875 1195 3928 et
1209 3870 1367 3947 apparent,
1393 3865 1524 3926 crinibus

165 3965 324 4039 pertracta
345 3959 386 4020 ad
409 3959 562 4020 axiomata
583 3975 641 4021 'sua
664 3959 903 4022 accommodant.
950 3957 994 4019 Iis
1016 3958 1132 4036 placet,
1163 3972 1272 4017 novum
1300 3954 1356 4015 hoc
1384 3952 1468 4014 sidus
1493 3960 1525 4014 et

166 4047 192 4110 si
217 4065 277 4128 qua
299 4046 362 4108 alia
380 4048 500 4110 fuerunt
521 4047 693 4127 hujusmodi
712 4067 750 4109 ex
764 4047 953 4128 penitissime
977 4053 1104 4108 naturae
1128 4044 1204 4111 sinu,
1228 4060 1316 4125 quern
1330 4041 1360 4102 in
1377 4041 1524 4104 infinitaru

165 4135 356 4200 altitudinem
380 4135 530 4218 exporrigi
554 4137 721 4211 affirmant,
750 4135 897 4217 paulatim
922 4134 1133 4207 descendisse,
1163 4133 1258 4195 donec
1281 4131 1399 4193 ratione
1423 4129 1525 4209 optica

163 4225 195 4287 iu
218 4232 309 4287 tanta
340 4226 509 4306 quantitate
540 4243 690 4306 apparens
728 4225 829 4288 oculos
860 4224 1012 4286 bominum
1039 4223 1068 4284 iu
1100 4241 1132 4284 se
1156 4225 1366 4292 converteret,
1397 4217 1524 4299 indeque

164 4313 305 4394 vestigiis
329 4320 410 4378 retro
434 4315 521 4377 lectis
545 4333 660 4377 rursum
683 4314 815 4377 inillam
837 4313 983 4374 infinitam
1007 4311 1198 4373 altitudinem
1222 4309 1411 4383 subductam,
1436 4313 1522 4369 tanto

166 4402 299 4483 quotidie
322 4403 476 4476 minorem,
499 4411 612 4486 quanto
635 4410 814 4484 pervaserat
837 4402 938 4464 altius.
975 4397 1036 4470 Qui
1050 4400 1107 4461 hoc
1127 4400 1290 4472 affirmant,
1313 4415 1385 4477 pars
1399 4404 1524 4458 naturae
1637 4473 1647 4494 .

166 4491 316 4554 coelorum
346 4493 560 4562 consulentes,
592 4493 659 4570 lege
683 4491 822 4554 circulari
845 4492 902 4553 hoc
934 4490 1048 4550 factum
1081 4507 1149 4549 esse
1178 4485 1394 4567 pronunciant:
1425 4495 1459 4547 ut
1481 4484 1526 4544 ita

166 4597 259 4641 causa
277 4581 328 4654 sit,
353 4601 407 4644 cur
421 4601 458 4642 ex
472 4581 620 4642 descensu
644 4599 739 4643 nexus
762 4589 794 4642 et
809 4578 1027 4660 quodammodo
1050 4571 1217 4659 prognatus
1241 4574 1332 4636 luerit
1355 4571 1525 4635 contrarius

166 4686 319 4730 ascensus.
357 4670 393 4731 Id
417 4671 496 4730 enirn
522 4668 669 4747 quomodo
693 4669 747 4730 fiat
770 4669 798 4730 in
822 4667 899 4730 rotis
922 4674 970 4727 est
991 4664 1118 4725 obvium.
1158 4665 1202 4726 At
1226 4682 1283 4726 uno
1306 4663 1398 4724 verbo
1422 4661 1524 4742 repel-

166 4755 283 4817 luntur:
317 4757 477 4838 indulgent
509 4773 616 4835 nempe
641 4775 694 4818 suo
718 4756 792 4818 vitio
826 4754 938 4819 clausis
971 4752 1083 4828 oculis,
1113 4761 1148 4814 ut
1169 4752 1264 4814 verba
1286 4751 1330 4813 sic
1358 4749 1526 4812 sententias

168 4860 283 4923 quoque
305 4845 346 4906 ab
368 4845 451 4906 intus
473 4845 672 4924 proferentes,
697 4865 846 4928 nunquam
868 4845 948 4906 intro
972 4848 1112 4922 receptae
1135 4840 1189 4902 sed
1207 4839 1250 4902 ibi
1272 4847 1372 4902 natas.
1404 4837 1526 4900 Etenim
