3648 5530
318 289 385 366 560
772 283 778 294 '
932 257 1058 358 nrum.

320 472 440 536 omnino
462 471 625 552 proximae,
652 477 684 532 et
706 470 749 531 sic
774 491 793 531 a
814 488 910 549 parva
932 470 1069 550 portione
1095 485 1245 531 convexae
1268 465 1358 527 lentis
1387 462 1545 539 allapsae:
1585 467 1679 531 quare

320 565 388 640 (per
403 559 533 633 CXIX.)
558 558 666 624 debilis
690 567 738 620 est
760 559 839 620 viclo
862 578 915 639 per
939 561 1050 620 lentem
1072 576 1165 638 parvo
1188 555 1329 617 cavitatis
1352 549 1474 614 circulo.
1523 543 1611 645 Idem
1635 537 1681 608 fil,

318 649 345 711 si
370 649 407 711 de
430 648 564 710 cavitate
588 647 689 727 magni
714 648 805 709 etiam
830 645 932 710 clrculi
952 649 994 709 sit
1015 648 1114 726 portio
1139 651 1324 724 angustast
1347 641 1441 702 miuor
1463 632 1593 714 pupilla.
1616 715 1622 727 ¹

408 735 524 798 CXXI.
570 736 804 817 Propositio.
858 736 1009 798 Portionis
1042 737 1079 797 de
1112 732 1330 813 hemisphaerio
1363 745 1417 808 per
1454 725 1555 785 lentes
1583 733 1682 819 'vrsae

318 844 389 905 pars
413 823 514 886 media
537 832 568 886 et
591 825 830 906 perpendiculari
846 825 984 905 proxima
998 825 1108 886 clarius
1128 830 1160 885 et
1183 820 1289 883 fortius
1313 818 1431 878 videtur
1454 829 1545 892 quam
1568 803 1683 867 luobus

318 931 520 976 circumcirca.

407 999 510 1062 Causa
556 1001 595 1062 ad
642 1002 759 1062 oculum
805 1008 892 1080 patet
933 1001 962 1062 in
1008 1001 1162 1062 schcmate
1209 994 1258 1058 12.
1306 994 1335 1054 in
1373 1008 1430 1072 qno
1469 987 1512 1050 sit
1548 980 1684 1044 latibud⁰

317 1089 447 1168 pupillae
474 1087 545 1159 QG.
593 1085 707 1151 Oculus
741 1089 818 1151 eninr
850 1090 880 1150 in
904 1087 966 1160 QG
999 1109 1051 1151 seu
1081 1087 1177 1149 nudus
1208 1104 1261 1147 sen
1294 1085 1455 1161 praetenta
1485 1076 1581 1176 lente·
1605 1086 1685 1171 aava

318 1177 503 1252 collocatus,
550 1179 653 1257 puncti
690 1177 716 1238 Ε
753 1179 938 1239 radiationes
975 1196 1078 1238 omnes
1122 1176 1200 1236 inter
1243 1169 1347 1244 ΕΑΘ,
1385 1163 1474 1228 EBG
1512 1163 1683 1258 intercipit,

317 1267 420 1345 puncti
453 1285 522 1327 vcro
547 1265 572 1327 C
596 1285 655 1328 non
680 1285 800 1340 omnes,
835 1268 888 1328 sed
925 1265 1056 1346 penicilli
1090 1259 1226 1326 CAFBC
1258 1266 1376 1340 partem
1409 1253 1520 1315 saltem
1555 1252 1684 1324 excrprt,

318 1353 436 1416 scilicet
459 1355 539 1434 qnod
563 1362 611 1416 est
623 1355 713 1416 iuter
737 1354 819 1429 CAI,
844 1353 949 1416 CHG:
975 1356 1051 1434 qnod
1076 1361 1146 1412 'vero
1166 1352 1230 1430 jam
1254 1355 1302 1409 est
1324 1346 1405 1407 inter
1428 1337 1519 1405 CHG
1538 1343 1572 1398 et
1591 1333 1686 1403 CBF,

317 1443 349 1504 id
379 1442 545 1504 aberrata
575 1443 692 1523 pupilla
715 1441 787 1514 QG.
835 1441 936 1513 Quare
969 1461 1035 1504 cum
1063 1442 1091 1501 E
1118 1440 1257 1500 videatur
1288 1453 1342 1515 per
1369 1433 1446 1506 AB,
1472 1426 1498 1491 C
1522 1443 1597 1485 vero
1628 1437 1687 1501 per

317 1529 387 1604 AH,
410 1550 465 1609 per
490 1528 606 1592 CXIX.
633 1530 739 1592 fortius
763 1539 795 1592 et
818 1531 928 1592 clarius
953 1531 1103 1592 videbitur
1124 1529 1150 1589 Ε
1174 1545 1263 1607 quam
1287 1523 1323 1587 C.
1467 1605 1474 1618 ·
1661 1596 1669 1610 ¹

348 1688 351 1696 ,
408 1618 540 1682 CXXII.
600 1619 827 1699 Propositio.
888 1621 1030 1699 Angusta
1066 1617 1156 1678 lentis
1200 1630 1352 1676 convexae
1394 1613 1535 1687 portione
1574 1605 1688 1661 veiens

316 1706 440 1786 paribus
467 1707 660 1768 distinctiora
683 1714 949 1787 repraesentantur
971 1705 1112 1779 visibilia,
1137 1705 1202 1766 lata
1225 1699 1405 1764 confusions.
1532 1778 1539 1791 .
1612 1753 1640 1786 ,ι

406 1795 486 1857 Nam
512 1814 589 1875 qnae
613 1814 666 1874 ρετ
690 1815 830 1876 magnam
854 1797 1020 1874 portionem
1044 1793 1245 1856 convexitatis
1270 1790 1299 1850 in
1323 1785 1443 1848 oculum
1472 1774 1688 1876 radiantem

320 1902 376 1963 per
409 1883 528 1946 CXIX.
563 1885 670 1945 lortius
704 1885 842 1960 radiant,
862 1904 935 1964 ‚qua
966 1882 1140 1945 fortitudine
1169 1881 1296 1960 primum
1326 1873 1412 1936 iridis
1445 1868 1583 1970 colores,
1617 1862 1687 1923 mde

319 1970 448 2033 nebulae
474 1971 654 2034 excitantur.
699 1971 787 2034 Oculi
809 1973 888 2034 enim
912 1991 988 2033 cava
1011 1979 1042 2032 et
1064 1969 1226 2032 retilormis
1250 1965 1353 2027 tunica
1376 1968 1426 2021 est
1451 1962 1563 2036 sprrrtu
1585 1953 1688 2054 plen&

321 2067 353 2120 et
376 2059 452 2120 licet
471 2080 489 2120 a
507 2069 618 2138 puncto
634 2059 730 2122 solum
755 2068 907 2140 tangatur,
932 2069 1032 2121 tamen
1048 2059 1074 2120 si
1089 2059 1119 2118 id
1142 2062 1282 2137 puuctum
1302 2072 1340 2113 ex
1363 2065 1517 2111 concursu
1535 2042 1689 2145 radromm

319 2147 481 2208 multorum
512 2147 554 2208 sit
586 2147 782 2210 immoderate
812 2148 958 2224 lucidum,
990 2147 1111 2228 spiritus
1134 2146 1164 2206 in
1192 2143 1294 2222 aliqua
1324 2135 1492 2201 latitudine
1523 2130 1691 2233 retrformrs

318 2235 402 2296 circa
425 2233 482 2296 hoc
506 2243 648 2314 punctum
676 2236 848 2298 imbuuntur
875 2237 1054 2316 contagione
1082 2230 1233 2314 passionis
1262 2224 1476 2309 penetrantis;
1506 2220 1579 2281 vide
1603 2215 1690 2276 LXI.

319 2323 430 2402 Itaque
454 2340 509 2400 pro
541 2324 753 2386 commoditate
783 2324 874 2399 ocull,
907 2323 1097 2386 instrumenti
1120 2329 1152 2382 et
1178 2319 1254 2381 lucis
1287 2316 1414 2379 diurnae
1443 2311 1496 2371 vel
1526 2314 1695 2408 nocturnae

319 2409 485 2489 ampliatur
509 2417 541 2470 et
564 2411 710 2491 retegitur
734 2431 869 2474 convexa
895 2414 969 2488 lens,
995 2420 1049 2473 aut
1076 2415 1255 2488 angustatur
1278 2413 1309 2465 et
1332 2401 1470 2481 tegitur:
1503 2416 1561 2458 seu
1584 2409 1692 2455 imme-

318 2498 402 2560 diate
426 2517 480 2560 seu
506 2498 572 2560 loco
597 2500 776 2562 intermedio
805 2500 884 2562 inter
911 2500 1018 2574 lentes,
1044 2497 1178 2560 adhibito
1203 2495 1439 2574 diaphragmate
1464 2493 1616 2584 pertuso,
1640 2487 1694 2540 aut

318 2586 397 2648 collo
421 2586 614 2648 instrumenti
646 2588 807 2651 introrsum
836 2591 970 2651 flexo-et
993 2593 1171 2667 angustato,
1203 2591 1255 2644 aut
1284 2577 1491 2659 productione
1522 2572 1592 2634 tubi
1614 2570 1696 2672 ultra

318 2676 429 2736 lentem
456 2693 631 2748 convexam,
655 2686 690 2737 ut
714 2677 776 2757 ejus
801 2675 982 2758 cylindracei
1006 2674 1146 2737 orificium
1169 2669 1314 2733 remotius
1337 2685 1394 2746 per
1418 2662 1563 2726 LXVII.
1588 2675 1695 2720 mmcn

318 2763 429 2841 angulo
463 2771 605 2824 cernatur
639 2767 800 2844 valeatque
833 2771 967 2840 tantum,
1005 2755 1146 2842 qnantum
1185 2754 1344 2837 angustius
1383 2751 1517 2832 aliquid.
1565 2748 1697 2852 'Natura

317 2850 467 2930 praelusit
491 2851 686 2933 ampliatione
711 2853 866 2914 foraminis
888 2871 982 2914 uveae
1007 2852 1045 2912 ad
1069 2851 1164 2910 lucem
1191 2853 1385 2916 nocturnam,
1413 2845 1635 2902 contractione
1659 2833 1697 2894 ad

317 2938 466 3000 diurnam.

407 3026 511 3086 Habet
534 3026 736 3108 diaphragma
750 3035 782 3089 et
795 3029 873 3090 hunc
896 3045 992 3101 nsum,
1016 3032 1050 3088 ut
1064 3026 1144 3087 intus
1167 3017 1390 3083 obscuritatem
1417 3013 1531 3085 iaciat,
1557 3027 1701 3092 quorsum

319 3120 351 3172 et
375 3112 459 3174 color
482 3113 569 3192 niger
601 3114 680 3177 intus
713 3115 859 3177 obductus
888 3115 996 3187 servit,
1030 3122 1061 3175 et
1084 3111 1150 3172 litui
1172 3111 1283 3188 ligura,
1313 3121 1490 3185 progressu
1525 3107 1702 3161 extrorsum

319 3199 400 3260 flexa
423 3199 539 3261 habens
563 3202 675 3278 latera,
701 3203 730 3264 in
755 3203 851 3264 medio
876 3203 1053 3275 introrsum,
1078 3219 1115 3260 ne
1140 3198 1215 3258 radii
1238 3213 1332 3274 prope
1364 3209 1546 3255 convexam
1571 3186 1703 3267 ingressi
1811 3269 1812 3272 Ἴ

318 3305 435 3348 rursum
460 3305 656 3370 prorsumque
679 3291 867 3353 revibrantur
890 3297 922 3352 et
944 3290 1113 3351 claritatem
1138 3285 1260 3346 faciant.

408 3375 523 3435 Eodem
548 3377 643 3438 servit
666 3387 697 3438 et
720 3379 875 3458 productio
900 3377 964 3440 tubi
988 3378 1076 3456 longe
1098 3375 1180 3436 ultra
1203 3373 1316 3433 lentem
1341 3385 1535 3441 convexam,
1562 3384 1603 3426 ne
1629 3381 1702 3426 con-

318 3480 428 3524 vexum
452 3462 615 3525 icradietur
639 3487 657 3525 a
680 3465 856 3526 lateralibus
880 3463 1092 3544 hemisphaerii
1114 3461 1260 3541 partibus.

409 3551 558 3614 CXXIII.
605 3552 815 3614 Problema.
862 3552 993 3614 Visibile
1017 3553 1044 3615 in
1070 3550 1198 3624 sublimI,
1221 3547 1250 3607 in
1275 3543 1446 3624 profundo,
1476 3561 1498 3602 a
1516 3541 1636 3603 dextra
1658 3535 1707 3598 vel

317 3638 444 3701 sinistra
469 3647 501 3700 et
526 3637 575 3700 ubi
599 3640 675 3700 velis
699 3639 811 3702 videre.

407 3728 468 3800 Fit,
493 3729 519 3789 si
544 3745 638 3789 cavae
662 3727 753 3789 lentis
777 3729 924 3790 diameter
948 3729 989 3790 sit
1011 3724 1101 3806 latior
1123 3722 1237 3803 pupilla
1259 3719 1338 3781 oculi
1366 3725 1401 3780 et
1427 3715 1514 3781 satis
1542 3717 1653 3793 larga,
1677 3721 1709 3773 nt

318 3815 422 3876 oculus
447 3837 466 3877 a
489 3821 592 3878 centro
618 3815 682 3895 ejus
706 3818 790 3896 justo
821 3817 919 3896 spatio
944 3817 983 3877 ad
1006 3817 1103 3876 latera
1129 3810 1226 3890 possit
1248 3807 1343 3868 exire.
1393 3806 1485 3868 Nam
1510 3802 1657 3883 penicilli
1681 3801 1708 3861 in
1811 3833 1812 3846 .

318 3903 463 3964 lateribus
487 3923 581 3964 cavae
606 3905 808 3983 refrInguntur
831 3903 889 3964 toti
913 3911 944 3964 et
967 3902 1104 3981 oblique:
1135 3896 1344 3958 sinistrorsum
1370 3895 1404 3954 in
1431 3892 1597 3965 sinistris,
1631 3891 1706 3952 dex·

319 4001 449 4052 trorsum
472 3990 504 4051 in
529 3991 655 4053 dextris.
703 3991 754 4052 Sit
780 3991 910 4052 enimin
939 3990 1091 4050 schcmate
1120 3981 1173 4046 25.
1201 3981 1321 4044 ABON
1354 3981 1444 4042 linea
1478 3981 1591 4042 media
1625 3979 1709 4042 unius

316 4078 451 4157 penicilli
467 4078 590 4140 veniens
606 4079 635 4139 in
651 4086 786 4140 centrum
799 4078 941 4157 pupillae,
962 4077 1015 4137 illa
1029 4093 1082 4155 per
1096 4073 1131 4146 B,
1148 4071 1174 4134 Ο
1189 4079 1301 4151 puncta
1315 4069 1511 4149 refringitur
1532 4076 1710 4129 extrorsum

317 4165 356 4225 ad
381 4164 552 4240 sinistram,
586 4167 654 4246 qnia
683 4173 714 4226 et
737 4165 792 4227 ΒΟ
823 4173 871 4224 est
898 4182 968 4242 pars
997 4162 1085 4222 lentis
1114 4160 1247 4220 sinistra.
1296 4155 1400 4217 Oculo
1434 4157 1539 4236 igitur
1565 4177 1586 4218 a
1613 4153 1710 4216 medio

317 4253 384 4312 cavi
409 4253 559 4336 translato
589 4254 627 4314 ad
651 4254 731 4315 latus
765 4251 918 4312 sinistrum
943 4249 984 4323 Ο,
1019 4257 1161 4328 punctum
1183 4247 1213 4308 A
1240 4263 1295 4322 per
1326 4253 1453 4306 rectam
1479 4243 1588 4306 NCM
1614 4244 1711 4306 visum

317 4339 474 4416 putabitur
498 4359 564 4400 esse
590 4341 618 4400 in
642 4341 676 4400 M
699 4339 760 4399 situ
783 4338 953 4411 dexteriorI,
980 4355 1032 4413 per
1051 4337 1139 4397 XIX.

408 4425 557 4488 CXXIV.
614 4426 819 4488 Problema.
878 4423 1115 4501 Magnitudinem
1154 4419 1317 4498 ampliatae
1361 4421 1491 4516 speciei
1542 4421 1712 4483 artificiose
1813 4469 1814 4484 .

318 4512 493 4573 aestimare.

407 4599 565 4676 DirIgatur
602 4597 726 4660 sinister
762 4599 864 4659 oculus
898 4596 925 4655 io
965 4615 1025 4656 rem
1062 4597 1209 4658 visibilem
1244 4593 1308 4652 siue
1348 4595 1577 4659 instrumento
1620 4597 1714 4668 liber3

320 4681 427 4742 dexter
455 4703 526 4746 vero
559 4693 644 4745 trans
682 4687 780 4745 lentes
816 4685 939 4744 eandem
976 4683 1134 4765 adspiciat.
1191 4681 1265 4743 Cum
1299 4681 1399 4758 Igitur
1437 4685 1577 4746 sinister
1610 4686 1655 4747 sit
1687 4683 1714 4743 in

320 4765 439 4827 visibile
463 4771 606 4842 directus,
631 4770 737 4832 dexter
757 4779 857 4832 autem
872 4769 995 4840 sinistro
1016 4778 1122 4849 sponte
1143 4789 1198 4830 sua
1221 4786 1342 4846 semper
1366 4781 1510 4836 maneat
1530 4772 1714 4854 parallelus,
