3694 5528
695 317 752 354 eam
768 299 866 354 Nande
885 299 994 375 Sidona.
1060 355 1067 370 .
1458 301 1522 370 501

172 485 271 540 acam
295 475 525 551 asseverabant,
559 476 632 538 nihil
656 495 723 538 asse
748 477 804 539 nisi
828 477 996 555 congeriem
1025 477 1181 539 stellarum
1203 477 1333 540 contusis
1363 481 1523 544 luminibus

173 564 211 626 oh
234 565 387 626 nemorum
413 563 635 627 hebetudinem.
681 565 787 646 ltaque
818 567 957 627 desinent
983 584 1072 644 porro
1100 572 1234 628 cometas
1259 575 1290 628 et
1317 587 1395 630 nova
1423 569 1524 630 sidera

173 652 374 714 oumBraheo
399 653 555 714 efformare
579 673 616 714 ex
639 653 689 714 via
712 653 812 715 lactea
836 660 933 726 (comp.
953 661 1009 710 vol.
1027 662 1048 712 1.
1070 678 1095 726 p.
1116 659 1188 726 652),
1212 673 1249 714 ne
1268 657 1468 733 perfectorum
1492 666 1524 717 et

172 741 347 822 perennium
371 742 473 803 mundi
496 761 651 821 corporum
675 743 828 804 interitum
856 743 985 804 absurde
1013 743 1212 804 introducant.
1237 773 1280 784 —

261 830 398 892 Tandem
409 829 446 891 ad
457 849 570 892 novos
585 830 759 909 planetas
771 839 868 892 tecum
876 839 1005 906 transeo,
1022 849 1083 892 rem
1089 832 1269 910 praecipuae
1276 831 1483 894 admirationis
1495 833 1524 894 ia

174 917 346 991 libellatuo,
362 919 990 998 pauculatecurnsupereonegotiopraeter
1001 937 1121 1005 eaquae
1133 919 1524 984 initiodictacollccuturus.

261 1006 393 1068 Primum
421 1009 533 1082 exulto,
565 1026 611 1069 me
639 1006 699 1069 tuis
732 1007 885 1069 laboribus
919 1007 1053 1070 nonnihil
1076 1008 1216 1069 recreari.
1263 1007 1297 1070 Si
1325 1008 1405 1070 circa
1436 1028 1526 1072 unam

174 1095 298 1156 fixarum
333 1087 566 1156 ¹discursitantes
602 1096 770 1156 invenisses
807 1096 965 1175 planetas,
1000 1096 1065 1174 jam
1098 1105 1184 1158 erant
1217 1097 1288 1158 mihi
1321 1099 1400 1176 apud
1432 1097 1526 1158 Bruni

174 1181 464 1245 innumerabilitates
483 1193 592 1263 parata
615 1184 734 1246 vincula
748 1192 780 1246 et
798 1203 909 1259 carcer,
934 1185 994 1246 imo
1013 1185 1113 1264 potius
1137 1184 1256 1247 exilium
1276 1184 1304 1245 ia
1325 1185 1376 1246 ilio
1400 1186 1524 1248 infinito.

174 1271 279 1350 ltaque
312 1272 474 1351 magnoin
498 1292 641 1351 praesens
668 1292 716 1334 rue
744 1274 882 1335 liberasti
911 1281 1010 1346 meta,
1045 1289 1131 1353 quem
1160 1274 1199 1334 ad
1228 1273 1354 1354 primam
1384 1275 1453 1337 libri
1483 1273 1527 1334 tui

175 1359 286 1422 lamam
301 1377 339 1420 ex
361 1361 539 1439 opponentis
558 1362 616 1422 mei
635 1362 784 1442 triumpho
809 1373 1015 1441 conceperam,
1041 1362 1120 1440 quod
1138 1371 1266 1441 quatuor
1284 1363 1360 1424 istos
1384 1363 1526 1444 planetas

174 1465 234 1510 una
258 1447 337 1509 circa
360 1466 449 1509 unam
472 1449 607 1523 fixarum,
633 1449 686 1510 sed
710 1451 791 1510 circa
814 1449 898 1512 sidus
920 1449 1007 1511 Jovis
1031 1448 1075 1510 ais
1100 1449 1276 1513 discurrere.

264 1535 374 1614 Ingens
398 1555 472 1598 sane
495 1537 710 1599 Waclherium
737 1537 945 1618 philosophiae
969 1538 1049 1600 illius
1077 1538 1216 1600 horridae
1235 1540 1277 1600 de
1301 1557 1378 1602 novo
1401 1546 1527 1618 ceperat

175 1623 350 1700 admiratio,
384 1643 476 1705 quac,
510 1627 589 1706 quad
619 1627 784 1705 nuperrime
818 1627 974 1688 Galilaeae
1008 1627 1102 1688 oculis
1132 1627 1195 1688 suis
1221 1628 1446 1708 perspexisset,
1480 1635 1528 1688 tot

179 1713 265 1774 anais
296 1721 387 1776 autea
408 1732 466 1774 nou
502 1722 618 1776 tantum
648 1714 870 1792 opinationibus
903 1714 1126 1788 introduxerat,
1160 1716 1215 1776 sed
1242 1717 1332 1794 plene
1363 1735 1526 1796 argumen-

176 1801 343 1864 tationibus
367 1802 566 1866 stabiliverat.
608 1803 673 1865 Nec
697 1803 854 1866 immerito·
870 1823 943 1865 sans
967 1803 1068 1882 magni
1090 1804 1174 1879 fiunt,
1199 1804 1301 1883 quiin
1325 1804 1528 1868 consimilibus

178 1890 385 1970 philosophiae
408 1891 546 1970 partibas
570 1910 689 1954 sensum
712 1892 829 1954 ratione
857 1899 1062 1970 praevertunt.
1110 1889 1186 1962 Quis
1211 1893 1288 1954 enim
1317 1913 1375 1954 non
1402 1893 1528 1972 majoris

178 1977 273 2040 faciat
294 1978 483 2041 nobilitatem
507 1979 662 2042 doctrinae
686 1981 915 2054 astronomicae,
941 2000 1016 2061 qaae
1041 1999 1107 2042 carn
1130 1981 1238 2060 pedem
1261 1990 1349 2044 extra
1364 1979 1528 2044 Graeciam

176 2085 325 2146 nunquam
350 2068 518 2142 extulisset,
545 2077 646 2131 tamen
674 2087 767 2130 zonae
798 2069 926 2148 frigidae
957 2067 1157 2148 proprietates
1187 2069 1336 2149 prodidit,
1368 2088 1457 2148 quam
1480 2069 1530 2130 vel

170 2151 321 2224 ,Caesaris
352 2156 688 2236 experimentatioacm,
723 2157 772 2236 qni
805 2157 972 2237 clepsydris
1005 2158 1044 2218 ad
1080 2157 1152 2218 litus
1184 2158 1393 2220 Britannicum
1422 2165 1528 2220 noctes

178 2243 375 2321 deprehendit
389 2245 534 2306 Romanis
558 2245 695 2306 noctibus
713 2246 803 2325 paulo
826 2246 980 2307 breviores
991 2264 1001 2319 ;
1025 2245 1073 2306 vel
1087 2245 1250 2324 Belgarum
1268 2245 1298 2308 in
1322 2246 1528 2325 septentrione

178 2330 390 2394 hiemetionem
414 2333 546 2413 stuporis
570 2333 688 2414 quidem
712 2334 840 2413 plenam,
865 2334 920 2394 sed
943 2353 1019 2414 quae
1043 2334 1120 2394 citra
1147 2335 1350 2414 cognitionem
1374 2336 1530 2397 doctrinae

176 2419 256 2482 illius
280 2421 388 2483 fuisset
410 2422 626 2501 impossibilis?
651 2419 727 2492 Quis
751 2443 808 2484 non
833 2422 966 2483 celebrat
986 2421 1124 2484 Platonis
1148 2423 1279 2486 fabulam
1303 2424 1339 2484 de
1359 2423 1529 2498 Atlantica,

175 2507 330 2572 Plutarchi
354 2509 390 2570 de
420 2510 527 2572 insulis
555 2510 770 2573 auricoloribus
798 2509 1074 2580 Thana-Thalanis,
1100 2501 1295 2572 Senecaede
1325 2512 1425 2573 futura
1448 2511 1529 2573 orbis

177 2597 247 2658 novi
271 2597 440 2660 detectione
464 2600 629 2661 versiculos
658 2599 817 2674 fatidicos3
845 2607 1006 2679 postquam
1029 2599 1090 2660 tale
1120 2599 1189 2678 quid
1213 2599 1251 2660 ab
1276 2599 1455 2677 Argonauta
1478 2599 1530 2660 illc

176 2685 351 2748 Florentino
375 2687 498 2748 tandem
522 2687 581 2749 init
602 2688 802 2768 praestitum?
835 2689 903 2767 Ipse
928 2685 1091 2749 Columbae
1119 2687 1239 2749 dubiam
1272 2694 1358 2749 tenet
1385 2687 1531 2749 lectorem

179 2791 281 2848 sunm,
312 2775 379 2854 plus
402 2777 429 2836 is
454 2775 604 2855 ingenium
635 2776 798 2839 admiretur
828 2794 937 2838 novum
966 2776 1070 2837 orbem
1097 2794 1134 2836 ex
1165 2783 1319 2838 ventorum
1349 2776 1424 2837 flatu
1454 2794 1529 2838 con-

173 2860 316 2941 jicientis,
342 2864 608 2952 anfortitudinem
633 2867 780 2928 tentantis
800 2865 921 2946 ignotos
940 2865 1048 2928 fluctus
1067 2862 1300 2946 immensumque
1324 2883 1477 2940 oceanum,
1500 2871 1533 2926 et

180 2949 358 3013 felicitatem
382 2953 495 3032 optatis
518 2954 617 3035 potiti.

267 3039 392 3104 Scilicet
414 3043 444 3104 in
467 3061 535 3104 mea
558 3044 649 3106 etiam
673 3039 800 3104 materia
815 3050 903 3106 eruat
919 3040 1061 3103 miraculo
1078 3041 1277 3123 Pythagoras,
1301 3041 1401 3115 Plato,
1424 3040 1530 3104 Eucli-

178 3128 242 3204 des,
268 3131 345 3209 quod
368 3131 495 3194 rationis
518 3131 708 3210 praestantia
731 3131 868 3193 subvecti
888 3130 1107 3205 concluserunt,
1132 3130 1220 3192 aliter
1243 3129 1448 3193 factnm'esse
1470 3148 1536 3196 uon

178 3236 286 3296 posse,
322 3238 409 3298 qaam
439 3228 474 3282 ut
495 3220 579 3282 Deus
611 3221 752 3284 mundum
776 3221 814 3281 ed
837 3220 991 3299 exemplar
1013 3214 1033 3280 5
1057 3218 1238 3298 regularium
1260 3237 1417 3298 corporum
1439 3235 1530 3282 excr-

178 3313 285 3381 naret,
319 3307 390 3370 licet
419 3307 450 3369 in
480 3309 569 3371 modo
602 3308 785 3372 erraverint:
823 3309 956 3388 vulgaris
986 3315 1093 3370 contra
1114 3309 1181 3368 laus
1205 3307 1263 3369 erit
1286 3305 1455 3388 (iopernici,
1478 3305 1531 3388 qui

178 3393 296 3474 iugenio
320 3395 439 3474 quidem
461 3415 533 3459 usus
556 3417 614 3460 aon
637 3397 764 3478 vulgari,
789 3397 1022 3478 descriptionem
1035 3403 1138 3459 tamon
1157 3395 1258 3458 mundi
1277 3396 1364 3477 quasi
1378 3396 1529 3458 ocularem

180 3483 263 3557 iecit,
285 3483 381 3548 solum
405 3507 439 3548 ro
464 3480 510 3548 dra
529 3485 561 3548 in
585 3487 680 3548 lacem
703 3487 845 3561 efferens3
876 3487 965 3549 cedet
988 3486 1077 3566 longe
1106 3485 1257 3548 veteribus
1281 3485 1446 3565 Keplerns,
1481 3482 1532 3564 qai

181 3589 220 3632 ex
254 3572 366 3634 oculari
398 3572 508 3636 intuitu
540 3575 716 3658 systematis
745 3573 962 3656 Ooperaicani,
996 3574 1082 3655 quasi
1111 3571 1143 3636 da
1171 3595 1226 3636 soc
1254 3569 1299 3636 ὅτι
1326 3573 1465 3636 ascendit
1492 3571 1532 3634 ad

182 3675 292 3722 causas
328 3662 450 3724 easdem
481 3663 579 3745 adque
606 3687 642 3727 co
670 3669 761 3739 ὄιοτι,
794 3664 872 3745 qaod
903 3665 993 3726 Plato
1031 3684 1051 3724 a
1085 3662 1178 3742 priori
1217 3664 1346 3742 desuper
1376 3671 1426 3724 tot
1460 3668 1531 3722 ante

181 3748 293 3810 seculis
315 3749 503 3828 prodideram
536 3753 727 3834 ostenditque
751 3753 780 3814 in
805 3761 971 3834 systemate
994 3752 1096 3814 mundi
1120 3749 1328 3830 Cuperaicano
1357 3767 1531 3831 expressam

182 3855 252 3905 esse
265 3837 413 3900 rationem
428 3839 554 3921 quiaque
570 3859 726 3922 corporum
740 3841 973 3904 Platonicorum.
1007 3841 1073 3902 Nec
1096 3840 1258 3902 absurdum
1280 3848 1335 3900 aut
1352 3837 1532 3900 invidiosam

180 3925 315 4000 honest,
339 3926 406 3988 illos
430 3928 477 3990 his
499 3931 660 4009 praeferri;
683 3929 819 4009 postulat
841 3929 871 3992 id
894 3929 962 4009 ipsa
983 3928 1028 3990 rei
1050 3935 1169 3990 natura.
1207 3927 1287 3988 Nam
1312 3926 1340 3989 si
1363 3925 1459 4006 major
1484 3931 1533 3986 est

180 4014 278 4096 gloria
301 4015 458 4079 architecti
483 4017 570 4098 hujus
593 4017 708 4093 mundi,
740 4019 828 4098 quam
859 4016 1106 4096 contemplatoris
1135 4015 1234 4076 mandi
1268 4014 1460 4094 quantamvis
1484 4013 1533 4076 ia·

180 4101 308 4182 geniani,
332 4103 402 4184 quia
423 4105 474 4168 ille
498 4107 632 4169 rationes
656 4105 788 4168 fabricae
813 4124 851 4167 ex
874 4125 907 4168 se
931 4105 997 4186 ipso
1027 4101 1207 4182 depromsit,
1236 4102 1285 4164 hic
1316 4121 1478 4183 expressas
1501 4101 1532 4162 in

180 4191 298 4256 fabrica
316 4194 450 4277 rationes
473 4194 524 4258 vix
546 4215 655 4276 magno
680 4196 785 4257 labore
807 4195 959 4274 agnoscit,
990 4200 1071 4254 certa
1102 4191 1152 4271 qai
1175 4210 1273 4254 rerum
1297 4211 1414 4266 causas,
1441 4197 1532 4252 ante-

181 4298 269 4360 quam
298 4299 347 4344 res
374 4291 482 4361 patent
504 4285 651 4358 sensibus,
681 4283 854 4364 concipiunt
880 4281 1013 4362 ingenio,
1042 4279 1064 4342 ii
1095 4279 1252 4342 architecti
1280 4279 1439 4342 similiores
1462 4284 1534 4340 sant

180 4369 307 4440 ceteris,
345 4371 395 4450 qai
427 4380 499 4450 past
530 4391 592 4434 rem
622 4373 721 4434 visam
752 4371 888 4451 cogitant
921 4371 957 4432 de
990 4369 1101 4431 causis.
1150 4369 1260 4448 Itaque
1293 4389 1353 4432 non
1384 4364 1532 4430 invidebis

107 4469 112 4478 '
182 4454 322 4520 Galilaea
355 4460 467 4522 nostris
497 4461 740 4524 antecessoribus
765 4479 850 4523 suam
873 4457 921 4521 hic
945 4458 1079 4527 laudem,
1105 4457 1151 4537 qui
1176 4457 1257 4537 quod
1279 4456 1448 4537 nuperrime
1472 4455 1533 4518 tuis

181 4544 276 4608 oculis
305 4546 540 4627 deprehendisse
570 4549 631 4624 ais,
666 4549 710 4610 sic
743 4567 809 4611 esse
840 4555 979 4627 oportere
1008 4545 1064 4608 tibi
1092 4551 1178 4606 tauto
1206 4554 1278 4607 ante
1308 4545 1532 4625 praedixerant.

182 4631 249 4694 Tua
261 4633 452 4698 nihilominus
468 4637 564 4716 gloria
580 4637 654 4698 haec
674 4636 739 4712 erit,
765 4637 844 4718 quod
858 4645 892 4699 ut
906 4632 1099 4713 Cuperaicas,
1125 4642 1158 4695 et
1179 4653 1218 4696 ex
1241 4653 1276 4696 ea
1301 4652 1367 4712 ego,
1381 4631 1534 4695 veteribus

184 4737 313 4786 errorem
328 4722 358 4785 in
373 4725 461 4786 modo
476 4724 757 4800 demonstravimus,
782 4744 840 4805 qao
858 4723 1007 4805 putabant
1021 4740 1165 4810 expressa
1189 4740 1257 4786 csse
1277 4722 1306 4782 iu
1322 4722 1430 4785 mundo
1445 4720 1533 4801 quin-

183 4823 241 4888 que
254 4827 390 4892 corporo,
414 4811 579 4877 substituto
602 4812 691 4876 mado
714 4813 842 4893 genuino
862 4820 894 4874 st
911 4809 1080 4887 verissima,
1104 4811 1148 4875 sic
1170 4819 1204 4875 tu
1227 4811 1304 4874 hanc
1318 4808 1417 4874 Brutii
1439 4807 1536 4874 noemi
