<?xml version="1.0" encoding="UTF-8"?>
<!DOCTYPE html PUBLIC "-//W3C//DTD XHTML 1.0 Transitional//EN"
    "http://www.w3.org/TR/xhtml1/DTD/xhtml1-transitional.dtd">
<html xmlns="http://www.w3.org/1999/xhtml" xml:lang="en" lang="en">
 <head>
  <title>
</title>
<meta http-equiv="Content-Type" content="text/html;charset=utf-8" />
  <meta name='ocr-system' content='tesseract 3.04.00' />
  <meta name='ocr-capabilities' content='ocr_page ocr_carea ocr_par ocr_line ocrx_word'/>
</head>
<body>
  <div class='ocr_page' id='page_1' title='image "./joanniskepleria02unkngoog/joanniskepleria02unkngoog_0092.png"; bbox 0 0 3464 5524; ppageno 0'>
   <div class='ocr_carea' id='block_1_1' title="bbox 610 267 1469 366">
    <p class='ocr_par' dir='ltr' id='par_1_1' title="bbox 610 267 1469 366">
     <span class='ocr_line' id='line_1_1' title="bbox 610 267 1469 366; baseline 0.003 -18"><span class='ocrx_word' id='word_1_1' title='bbox 610 298 852 362; x_wconf 62' lang='grc'><strong>66666666..</strong></span> <span class='ocrx_word' id='word_1_2' title='bbox 1367 299 1412 366; x_wconf 68' lang='lat' dir='ltr'>m</span> <span class='ocrx_word' id='word_1_3' title='bbox 1464 267 1469 276; x_wconf 63' lang='grc'><strong>“</strong></span> 
     </span>
    </p>
   </div>
   <div class='ocr_carea' id='block_1_2' title="bbox 92 468 1509 674">
    <p class='ocr_par' dir='ltr' id='par_1_2' title="bbox 92 468 1509 674">
     <span class='ocr_line' id='line_1_2' title="bbox 157 468 1509 540; baseline 0.005 -21"><span class='ocrx_word' id='word_1_4' title='bbox 157 469 188 527; x_wconf 76' lang='lat' dir='ltr'>sd</span> <span class='ocrx_word' id='word_1_5' title='bbox 201 469 261 526; x_wconf 75' lang='lat' dir='ltr'>base</span> <span class='ocrx_word' id='word_1_6' title='bbox 273 484 324 532; x_wconf 69' lang='lat' dir='ltr'>nep</span> <span class='ocrx_word' id='word_1_7' title='bbox 344 469 483 534; x_wconf 78' lang='lat' dir='ltr'>respoudit</span> <span class='ocrx_word' id='word_1_8' title='bbox 493 470 620 535; x_wconf 67' lang='lat' dir='ltr'>linierat.</span> <span class='ocrx_word' id='word_1_9' title='bbox 638 476 665 525; x_wconf 85' lang='lat' dir='ltr'>et</span> <span class='ocrx_word' id='word_1_10' title='bbox 675 468 735 528; x_wconf 83' lang='lat' dir='ltr'>bins</span> <span class='ocrx_word' id='word_1_11' title='bbox 746 470 804 528; x_wconf 84' lang='lat' dir='ltr'>iude</span> <span class='ocrx_word' id='word_1_12' title='bbox 824 472 932 529; x_wconf 77' lang='lat' dir='ltr'>semovit</span> <span class='ocrx_word' id='word_1_13' title='bbox 948 474 1123 530; x_wconf 71' lang='lat' dir='ltr'>commercium</span> <span class='ocrx_word' id='word_1_14' title='bbox 1141 473 1299 540; x_wconf 77' lang='lat' dir='ltr'>epistolarum</span> <span class='ocrx_word' id='word_1_15' title='bbox 1310 475 1415 540; x_wconf 79' lang='lat' dir='ltr'>lisplssi</span> <span class='ocrx_word' id='word_1_16' title='bbox 1504 469 1509 480; x_wconf 76' lang='grc'><em>“</em></span> 
     </span>
     <span class='ocr_line' id='line_1_3' title="bbox 92 539 1413 674; baseline 0.003 -82"><span class='ocrx_word' id='word_1_17' title='bbox 92 539 515 674; x_wconf 45' lang='grc' dir='ltr'>ἔοέᾙμὲἓξιηῗιήω</span> <span class='ocrx_word' id='word_1_18' title='bbox 535 543 600 606; x_wconf 69' lang='lat' dir='ltr'>iuter</span> <span class='ocrx_word' id='word_1_19' title='bbox 614 543 793 606; x_wconf 34' lang='lat' dir='ltr'>vmapmcripte</span> <span class='ocrx_word' id='word_1_20' title='bbox 811 540 913 606; x_wconf 85' lang='lat' dir='ltr'>Kepleri</span> <span class='ocrx_word' id='word_1_21' title='bbox 942 542 1147 607; x_wconf 72' lang='lat' dir='ltr'>deprehendimus</span> <span class='ocrx_word' id='word_1_22' title='bbox 1174 545 1304 606; x_wconf 80' lang='lat' dir='ltr'>epistolem</span> <span class='ocrx_word' id='word_1_23' title='bbox 1331 554 1413 612; x_wconf 87' lang='lat' dir='ltr'>poste·</span> 
     </span>
    </p>
   </div>
   <div class='ocr_carea' id='block_1_3' title="bbox 81 697 1415 1895">
    <p class='ocr_par' dir='ltr' id='par_1_3' title="bbox 81 697 1415 1895">
     <span class='ocr_line' id='line_1_4' title="bbox 157 697 1412 764; baseline 0.007 -19"><span class='ocrx_word' id='word_1_24' title='bbox 157 697 223 746; x_wconf 82' lang='grc'><strong>11666</strong></span> <span class='ocrx_word' id='word_1_25' title='bbox 241 699 323 764; x_wconf 83' lang='lat' dir='ltr'>exigui</span> <span class='ocrx_word' id='word_1_26' title='bbox 343 698 378 748; x_wconf 85' lang='lat' dir='ltr'>ad</span> <span class='ocrx_word' id='word_1_27' title='bbox 400 699 508 763; x_wconf 89' lang='lat' dir='ltr'>Opticae</span> <span class='ocrx_word' id='word_1_28' title='bbox 525 699 650 749; x_wconf 70' lang='lat' dir='ltr'><strong>historiam</strong></span> <span class='ocrx_word' id='word_1_29' title='bbox 668 699 786 749; x_wconf 88' lang='lat' dir='ltr'>momenti</span> <span class='ocrx_word' id='word_1_30' title='bbox 809 705 867 748; x_wconf 87' lang='lat' dir='ltr'>sunt</span> <span class='ocrx_word' id='word_1_31' title='bbox 885 699 971 750; x_wconf 87' lang='lat' dir='ltr'>literae</span> <span class='ocrx_word' id='word_1_32' title='bbox 990 697 1092 763; x_wconf 87' lang='lat' dir='ltr'>Kepieri</span> <span class='ocrx_word' id='word_1_33' title='bbox 1118 701 1151 750; x_wconf 89' lang='lat' dir='ltr'>ad</span> <span class='ocrx_word' id='word_1_34' title='bbox 1169 699 1317 752; x_wconf 88' lang='lat' dir='ltr'>&#39;i&#39;homam</span> <span class='ocrx_word' id='word_1_35' title='bbox 1336 704 1412 754; x_wconf 85' lang='lat' dir='ltr'>Har-</span> 
     </span>
     <span class='ocr_line' id='line_1_5' title="bbox 90 768 1413 846; baseline 0.005 -28"><span class='ocrx_word' id='word_1_36' title='bbox 90 772 177 818; x_wconf 75' lang='grc'><strong>616666</strong></span> <span class='ocrx_word' id='word_1_37' title='bbox 192 769 309 833; x_wconf 75' lang='lat' dir='ltr'>hujusque</span> <span class='ocrx_word' id='word_1_38' title='bbox 337 771 530 846; x_wconf 78' lang='lat' dir='ltr'>responsiones,</span> <span class='ocrx_word' id='word_1_39' title='bbox 557 783 618 835; x_wconf 84' lang='lat' dir='ltr'>quas</span> <span class='ocrx_word' id='word_1_40' title='bbox 636 770 735 820; x_wconf 78' lang='lat' dir='ltr'>exhibet</span> <span class='ocrx_word' id='word_1_41' title='bbox 752 768 940 819; x_wconf 84' lang='lat' dir='ltr'>Hanschius</span> <span class='ocrx_word' id='word_1_42' title='bbox 963 771 988 818; x_wconf 93' lang='lat' dir='ltr'>iu</span> <span class='ocrx_word' id='word_1_43' title='bbox 1015 771 1161 840; x_wconf 79' lang='lat' dir='ltr'>collectione</span> <span class='ocrx_word' id='word_1_44' title='bbox 1183 785 1230 822; x_wconf 89' lang='lat' dir='ltr'>sus</span> <span class='ocrx_word' id='word_1_45' title='bbox 1256 773 1413 837; x_wconf 87' lang='lat' dir='ltr'>epistolarum</span> 
     </span>
     <span class='ocr_line' id='line_1_6' title="bbox 90 839 1412 907; baseline 0.005 -17"><span class='ocrx_word' id='word_1_46' title='bbox 90 839 375 902; x_wconf 66' lang='lat' dir='ltr'>squammarum</span> <span class='ocrx_word' id='word_1_47' title='bbox 395 853 441 890; x_wconf 83' lang='lat' dir='ltr'>ess</span> <span class='ocrx_word' id='word_1_48' title='bbox 458 840 576 904; x_wconf 79' lang='lat' dir='ltr'>prioribus</span> <span class='ocrx_word' id='word_1_49' title='bbox 593 840 765 905; x_wconf 75' lang='lat' dir='ltr'>adjungendas</span> <span class='ocrx_word' id='word_1_50' title='bbox 785 855 913 892; x_wconf 88' lang='lat' dir='ltr'>censemus</span> <span class='ocrx_word' id='word_1_51' title='bbox 931 842 1050 905; x_wconf 84' lang='lat' dir='ltr'>integras,</span> <span class='ocrx_word' id='word_1_52' title='bbox 1069 843 1209 905; x_wconf 72' lang='lat' dir='ltr'>praemissis</span> <span class='ocrx_word' id='word_1_53' title='bbox 1222 843 1259 892; x_wconf 86' lang='lat' dir='ltr'>hia</span> <span class='ocrx_word' id='word_1_54' title='bbox 1277 847 1363 907; x_wconf 88' lang='lat' dir='ltr'>paucis</span> <span class='ocrx_word' id='word_1_55' title='bbox 1381 845 1412 896; x_wconf 91' lang='lat' dir='ltr'>de</span> 
     </span>
     <span class='ocr_line' id='line_1_7' title="bbox 88 909 1413 979; baseline 0.006 -17"><span class='ocrx_word' id='word_1_56' title='bbox 88 909 183 962; x_wconf 73' lang='lat' dir='ltr'>timeto</span> <span class='ocrx_word' id='word_1_57' title='bbox 215 909 295 960; x_wconf 82' lang='lat' dir='ltr'>Natus</span> <span class='ocrx_word' id='word_1_58' title='bbox 315 917 357 970; x_wconf 80' lang='lat' dir='ltr'>est</span> <span class='ocrx_word' id='word_1_59' title='bbox 374 911 507 971; x_wconf 75' lang='lat' dir='ltr'>Hmriotns</span> <span class='ocrx_word' id='word_1_60' title='bbox 521 910 630 962; x_wconf 82' lang='lat' dir='ltr'>Osonise</span> <span class='ocrx_word' id='word_1_61' title='bbox 649 925 715 962; x_wconf 88' lang='lat' dir='ltr'>auno</span> <span class='ocrx_word' id='word_1_62' title='bbox 738 909 816 968; x_wconf 84' lang='grc'><strong>1560,</strong></span> <span class='ocrx_word' id='word_1_63' title='bbox 836 912 894 969; x_wconf 83' lang='grc'><strong>1666</strong></span> <span class='ocrx_word' id='word_1_64' title='bbox 913 925 930 960; x_wconf 89' lang='lat' dir='ltr'>a</span> <span class='ocrx_word' id='word_1_65' title='bbox 946 915 1026 975; x_wconf 79' lang='lat' dir='ltr'>prime</span> <span class='ocrx_word' id='word_1_66' title='bbox 1040 914 1170 974; x_wconf 84' lang='lat' dir='ltr'>juveutute</span> <span class='ocrx_word' id='word_1_67' title='bbox 1189 913 1292 968; x_wconf 81' lang='lat' dir='ltr'>multum</span> <span class='ocrx_word' id='word_1_68' title='bbox 1311 917 1413 979; x_wconf 81' lang='lat' dir='ltr'>proiecit</span> 
     </span>
     <span class='ocr_line' id='line_1_8' title="bbox 88 978 1413 1053; baseline 0.008 -21"><span class='ocrx_word' id='word_1_69' title='bbox 88 979 287 1040; x_wconf 70' lang='lat' dir='ltr'>mathematicis.</span> <span class='ocrx_word' id='word_1_70' title='bbox 315 982 394 1035; x_wconf 76' lang='lat' dir='ltr'>enne</span> <span class='ocrx_word' id='word_1_71' title='bbox 417 978 485 1036; x_wconf 81' lang='grc'><strong>1576</strong></span> <span class='ocrx_word' id='word_1_72' title='bbox 504 981 599 1032; x_wconf 89' lang='lat' dir='ltr'>celeber</span> <span class='ocrx_word' id='word_1_73' title='bbox 610 980 652 1032; x_wconf 92' lang='lat' dir='ltr'>ille</span> <span class='ocrx_word' id='word_1_74' title='bbox 671 997 745 1046; x_wconf 82' lang='lat' dir='ltr'>eques</span> <span class='ocrx_word' id='word_1_75' title='bbox 765 981 963 1044; x_wconf 82' lang='lat' dir='ltr'>Gualtherus</span> <span class='ocrx_word' id='word_1_76' title='bbox 982 981 1123 1047; x_wconf 84' lang='lat' dir='ltr'>Reisigh</span> <span class='ocrx_word' id='word_1_77' title='bbox 1141 985 1291 1053; x_wconf 70' lang='lat' dir='ltr'>perspiciens</span> <span class='ocrx_word' id='word_1_78' title='bbox 1309 985 1413 1042; x_wconf 82' lang='lat' dir='ltr'>hominis</span> 
     </span>
     <span class='ocr_line' id='line_1_9' title="bbox 86 1050 1413 1117; baseline 0.006 -19"><span class='ocrx_word' id='word_1_79' title='bbox 86 1053 182 1115; x_wconf 80' lang='lat' dir='ltr'>ngenium</span> <span class='ocrx_word' id='word_1_80' title='bbox 198 1050 340 1101; x_wconf 82' lang='lat' dir='ltr'>iiarriotum</span> <span class='ocrx_word' id='word_1_81' title='bbox 361 1053 388 1100; x_wconf 92' lang='lat' dir='ltr'>in</span> <span class='ocrx_word' id='word_1_82' title='bbox 406 1053 601 1102; x_wconf 77' lang='lat' dir='ltr'>familiaritatem</span> <span class='ocrx_word' id='word_1_83' title='bbox 619 1067 690 1101; x_wconf 90' lang='lat' dir='ltr'>suam</span> <span class='ocrx_word' id='word_1_84' title='bbox 711 1053 815 1116; x_wconf 86' lang='lat' dir='ltr'>excepit,</span> <span class='ocrx_word' id='word_1_85' title='bbox 835 1066 939 1117; x_wconf 87' lang='lat' dir='ltr'>eumque</span> <span class='ocrx_word' id='word_1_86' title='bbox 957 1051 1105 1101; x_wconf 78' lang='grc'><strong>66661681</strong></span> <span class='ocrx_word' id='word_1_87' title='bbox 1124 1055 1150 1102; x_wconf 93' lang='lat' dir='ltr'>iu</span> <span class='ocrx_word' id='word_1_88' title='bbox 1169 1057 1309 1106; x_wconf 84' lang='lat' dir='ltr'>Americam</span> <span class='ocrx_word' id='word_1_89' title='bbox 1328 1071 1413 1106; x_wconf 83' lang='lat' dir='ltr'>secum</span> 
     </span>
     <span class='ocr_line' id='line_1_10' title="bbox 86 1119 1412 1186; baseline 0.006 -17"><span class='ocrx_word' id='word_1_90' title='bbox 86 1121 141 1170; x_wconf 82' lang='lat' dir='ltr'>laxit</span> <span class='ocrx_word' id='word_1_91' title='bbox 173 1119 298 1170; x_wconf 85' lang='lat' dir='ltr'>iisrriotns</span> <span class='ocrx_word' id='word_1_92' title='bbox 317 1122 398 1172; x_wconf 82' lang='lat' dir='ltr'>redux</span> <span class='ocrx_word' id='word_1_93' title='bbox 417 1123 524 1172; x_wconf 89' lang='lat' dir='ltr'>Loudiui</span> <span class='ocrx_word' id='word_1_94' title='bbox 542 1123 618 1172; x_wconf 91' lang='lat' dir='ltr'>edidit</span> <span class='ocrx_word' id='word_1_95' title='bbox 636 1123 824 1186; x_wconf 72' lang='lat' dir='ltr'>descriptionem</span> <span class='ocrx_word' id='word_1_96' title='bbox 843 1122 915 1185; x_wconf 80' lang='lat' dir='ltr'>hujus</span> <span class='ocrx_word' id='word_1_97' title='bbox 940 1123 1034 1172; x_wconf 87' lang='lat' dir='ltr'>itineris</span> <span class='ocrx_word' id='word_1_98' title='bbox 1054 1137 1120 1173; x_wconf 89' lang='lat' dir='ltr'>anno</span> <span class='ocrx_word' id='word_1_99' title='bbox 1142 1121 1216 1182; x_wconf 85' lang='grc'><strong>1586,</strong></span> <span class='ocrx_word' id='word_1_100' title='bbox 1236 1132 1263 1175; x_wconf 86' lang='grc'>66</span> <span class='ocrx_word' id='word_1_101' title='bbox 1280 1133 1332 1176; x_wconf 89' lang='lat' dir='ltr'>tum</span> <span class='ocrx_word' id='word_1_102' title='bbox 1350 1135 1412 1177; x_wconf 91' lang='lat' dir='ltr'>tem-</span> 
     </span>
     <span class='ocr_line' id='line_1_11' title="bbox 85 1191 1413 1259; baseline 0.004 -18"><span class='ocrx_word' id='word_1_103' title='bbox 85 1195 133 1256; x_wconf 81' lang='lat' dir='ltr'>prr&#39;a</span> <span class='ocrx_word' id='word_1_104' title='bbox 147 1191 244 1242; x_wconf 73' lang='lat' dir='ltr'>iiuico</span> <span class='ocrx_word' id='word_1_105' title='bbox 262 1191 354 1242; x_wconf 80' lang='lat' dir='ltr'>Persio</span> <span class='ocrx_word' id='word_1_106' title='bbox 373 1192 565 1243; x_wconf 77' lang='lat' dir='ltr'>Nerthumbriee</span> <span class='ocrx_word' id='word_1_107' title='bbox 584 1195 666 1244; x_wconf 88' lang='lat' dir='ltr'>comiti</span> <span class='ocrx_word' id='word_1_108' title='bbox 684 1195 805 1250; x_wconf 81' lang='lat' dir='ltr'>innotuit.</span> <span class='ocrx_word' id='word_1_109' title='bbox 829 1195 870 1257; x_wconf 90' lang='lat' dir='ltr'>qui</span> <span class='ocrx_word' id='word_1_110' title='bbox 888 1192 1058 1244; x_wconf 87' lang='lat' dir='ltr'>muuilioentis</span> <span class='ocrx_word' id='word_1_111' title='bbox 1074 1196 1146 1259; x_wconf 87' lang='lat' dir='ltr'>regia</span> <span class='ocrx_word' id='word_1_112' title='bbox 1167 1195 1285 1248; x_wconf 77' lang='lat' dir='ltr'>summm</span> <span class='ocrx_word' id='word_1_113' title='bbox 1303 1211 1413 1248; x_wconf 78' lang='grc'><strong>6666666</strong></span> 
     </span>
     <span class='ocr_line' id='line_1_12' title="bbox 85 1259 1414 1328; baseline 0.005 -13"><span class='ocrx_word' id='word_1_114' title='bbox 85 1263 259 1326; x_wconf 76' lang='lat' dir='ltr'>s‘mppaditmis</span> <span class='ocrx_word' id='word_1_115' title='bbox 276 1259 333 1311; x_wconf 86' lang='grc'>300</span> <span class='ocrx_word' id='word_1_116' title='bbox 352 1264 435 1328; x_wconf 89' lang='lat' dir='ltr'>pondo</span> <span class='ocrx_word' id='word_1_117' title='bbox 453 1264 576 1324; x_wconf 82' lang='lat' dir='ltr'>librarum.</span> <span class='ocrx_word' id='word_1_118' title='bbox 602 1262 643 1314; x_wconf 84' lang='lat' dir='ltr'>Sis</span> <span class='ocrx_word' id='word_1_119' title='bbox 661 1278 712 1313; x_wconf 91' lang='lat' dir='ltr'>nou</span> <span class='ocrx_word' id='word_1_120' title='bbox 730 1266 840 1328; x_wconf 85' lang='lat' dir='ltr'>agitatus</span> <span class='ocrx_word' id='word_1_121' title='bbox 857 1265 924 1316; x_wconf 79' lang='lat' dir='ltr'>ritae</span> <span class='ocrx_word' id='word_1_122' title='bbox 942 1265 1006 1314; x_wconf 87' lang='lat' dir='ltr'>curis</span> <span class='ocrx_word' id='word_1_123' title='bbox 1024 1271 1103 1321; x_wconf 89' lang='lat' dir='ltr'>totum</span> <span class='ocrx_word' id='word_1_124' title='bbox 1121 1281 1149 1316; x_wconf 89' lang='lat' dir='ltr'>se</span> <span class='ocrx_word' id='word_1_125' title='bbox 1162 1266 1231 1320; x_wconf 80' lang='lat' dir='ltr'>dedit</span> <span class='ocrx_word' id='word_1_126' title='bbox 1248 1267 1333 1326; x_wconf 74' lang='lat' dir='ltr'>lucrm,</span> <span class='ocrx_word' id='word_1_127' title='bbox 1353 1268 1414 1328; x_wconf 77' lang='lat' dir='ltr'>sibit</span> 
     </span>
     <span class='ocr_line' id='line_1_13' title="bbox 85 1333 1412 1416; baseline 0.005 -34"><span class='ocrx_word' id='word_1_128' title='bbox 85 1343 148 1382; x_wconf 79' lang='lat' dir='ltr'>ausu</span> <span class='ocrx_word' id='word_1_129' title='bbox 163 1333 215 1384; x_wconf 81' lang='lat' dir='ltr'>dem</span> <span class='ocrx_word' id='word_1_130' title='bbox 232 1333 334 1383; x_wconf 81' lang='lat' dir='ltr'>virebat</span> <span class='ocrx_word' id='word_1_131' title='bbox 360 1334 453 1397; x_wconf 85' lang='lat' dir='ltr'>publici</span> <span class='ocrx_word' id='word_1_132' title='bbox 470 1337 529 1397; x_wconf 79' lang='lat' dir='ltr'>juris</span> <span class='ocrx_word' id='word_1_133' title='bbox 545 1335 606 1400; x_wconf 73' lang='lat' dir='ltr'>iecit</span> <span class='ocrx_word' id='word_1_134' title='bbox 632 1341 732 1398; x_wconf 89' lang='lat' dir='ltr'>praeter</span> <span class='ocrx_word' id='word_1_135' title='bbox 749 1336 849 1395; x_wconf 88' lang='lat' dir='ltr'>libmm‚</span> <span class='ocrx_word' id='word_1_136' title='bbox 878 1349 950 1398; x_wconf 88' lang='lat' dir='ltr'>quem</span> <span class='ocrx_word' id='word_1_137' title='bbox 969 1335 1083 1387; x_wconf 85' lang='lat' dir='ltr'>diximus.</span> <span class='ocrx_word' id='word_1_138' title='bbox 1120 1335 1225 1392; x_wconf 80' lang='lat' dir='ltr'>Moritur</span> <span class='ocrx_word' id='word_1_139' title='bbox 1249 1336 1412 1416; x_wconf 72' lang='grc'><strong>66661621,</strong></span> 
     </span>
     <span class='ocr_line' id='line_1_14' title="bbox 85 1403 1415 1472; baseline 0.007 -21"><span class='ocrx_word' id='word_1_140' title='bbox 85 1403 168 1472; x_wconf 81' lang='lat' dir='ltr'>plur&#39;nnis</span> <span class='ocrx_word' id='word_1_141' title='bbox 184 1404 271 1453; x_wconf 78' lang='grc'><strong>6666666</strong></span> <span class='ocrx_word' id='word_1_142' title='bbox 289 1406 472 1468; x_wconf 69' lang='lat' dir='ltr'>manuscriptis</span> <span class='ocrx_word' id='word_1_143' title='bbox 490 1405 680 1464; x_wconf 78' lang='lat' dir='ltr'>mathematicis,</span> <span class='ocrx_word' id='word_1_144' title='bbox 700 1419 801 1470; x_wconf 88' lang='lat' dir='ltr'>quorum</span> <span class='ocrx_word' id='word_1_145' title='bbox 819 1407 928 1454; x_wconf 86' lang='lat' dir='ltr'>maxima</span> <span class='ocrx_word' id='word_1_146' title='bbox 945 1419 1015 1471; x_wconf 86' lang='lat' dir='ltr'>pars,</span> <span class='ocrx_word' id='word_1_147' title='bbox 1034 1407 1157 1457; x_wconf 80' lang='lat' dir='ltr'>referente</span> <span class='ocrx_word' id='word_1_148' title='bbox 1175 1408 1206 1458; x_wconf 87' lang='lat' dir='ltr'>ds</span> <span class='ocrx_word' id='word_1_149' title='bbox 1226 1407 1328 1466; x_wconf 85' lang='lat' dir='ltr'>Zach,</span> <span class='ocrx_word' id='word_1_150' title='bbox 1348 1411 1415 1460; x_wconf 89' lang='lat' dir='ltr'>circs</span> 
     </span>
     <span class='ocr_line' id='line_1_15' title="bbox 84 1471 1412 1539; baseline 0.006 -17"><span class='ocrx_word' id='word_1_151' title='bbox 84 1471 139 1522; x_wconf 83' lang='grc'><strong>6666</strong></span> <span class='ocrx_word' id='word_1_152' title='bbox 154 1474 223 1523; x_wconf 85' lang='lat' dir='ltr'>seculi</span> <span class='ocrx_word' id='word_1_153' title='bbox 241 1475 321 1538; x_wconf 84' lang='lat' dir='ltr'>elapsi</span> <span class='ocrx_word' id='word_1_154' title='bbox 347 1475 447 1526; x_wconf 89' lang='lat' dir='ltr'>demum</span> <span class='ocrx_word' id='word_1_155' title='bbox 471 1485 570 1538; x_wconf 88' lang='lat' dir='ltr'>reperta</span> <span class='ocrx_word' id='word_1_156' title='bbox 588 1482 633 1524; x_wconf 85' lang='lat' dir='ltr'>est.</span> <span class='ocrx_word' id='word_1_157' title='bbox 671 1473 800 1525; x_wconf 87' lang='lat' dir='ltr'>Decennio</span> <span class='ocrx_word' id='word_1_158' title='bbox 817 1482 873 1539; x_wconf 90' lang='lat' dir='ltr'>poet</span> <span class='ocrx_word' id='word_1_159' title='bbox 900 1482 1004 1525; x_wconf 90' lang='lat' dir='ltr'>mortem</span> <span class='ocrx_word' id='word_1_160' title='bbox 1026 1475 1135 1526; x_wconf 84' lang='lat' dir='ltr'>Harriotr&#39;</span> <span class='ocrx_word' id='word_1_161' title='bbox 1163 1486 1266 1528; x_wconf 83' lang='lat' dir='ltr'>amante</span> <span class='ocrx_word' id='word_1_162' title='bbox 1283 1477 1412 1530; x_wconf 79' lang='lat' dir='ltr'>Waitherc</span> 
     </span>
     <span class='ocr_line' id='line_1_16' title="bbox 83 1543 1412 1611; baseline 0.005 -18"><span class='ocrx_word' id='word_1_163' title='bbox 83 1543 182 1599; x_wconf 75' lang='grc'><strong>1666666,</strong></span> <span class='ocrx_word' id='word_1_164' title='bbox 198 1545 265 1594; x_wconf 84' lang='lat' dir='ltr'>sacia</span> <span class='ocrx_word' id='word_1_165' title='bbox 283 1545 413 1610; x_wconf 73' lang='lat' dir='ltr'>quandam</span> <span class='ocrx_word' id='word_1_166' title='bbox 431 1546 565 1596; x_wconf 77' lang='lat' dir='ltr'>stadiorum</span> <span class='ocrx_word' id='word_1_167' title='bbox 583 1545 701 1604; x_wconf 79' lang='lat' dir='ltr'>idmrioti,</span> <span class='ocrx_word' id='word_1_168' title='bbox 720 1547 810 1610; x_wconf 86' lang='lat' dir='ltr'>prodiit</span> <span class='ocrx_word' id='word_1_169' title='bbox 827 1546 933 1596; x_wconf 87' lang='lat' dir='ltr'>Londiui</span> <span class='ocrx_word' id='word_1_170' title='bbox 951 1560 1020 1610; x_wconf 87' lang='lat' dir='ltr'>opus.</span> <span class='ocrx_word' id='word_1_171' title='bbox 1041 1561 1071 1606; x_wconf 82' lang='lat' dir='ltr'>„e</span> <span class='ocrx_word' id='word_1_172' title='bbox 1089 1548 1224 1611; x_wconf 83' lang='lat' dir='ltr'>posthumis</span> <span class='ocrx_word' id='word_1_173' title='bbox 1243 1549 1272 1600; x_wconf 83' lang='lat' dir='ltr'>T·</span> <span class='ocrx_word' id='word_1_174' title='bbox 1288 1549 1322 1599; x_wconf 84' lang='grc' dir='ltr'>Η.</span> <span class='ocrx_word' id='word_1_175' title='bbox 1342 1551 1412 1600; x_wconf 87' lang='lat' dir='ltr'>sehe-</span> 
     </span>
     <span class='ocr_line' id='line_1_17' title="bbox 83 1615 1412 1683; baseline 0.005 -17"><span class='ocrx_word' id='word_1_176' title='bbox 83 1615 183 1678; x_wconf 63' lang='lat' dir='ltr'>imnis</span> <span class='ocrx_word' id='word_1_177' title='bbox 203 1615 392 1680; x_wconf 77' lang='lat' dir='ltr'>descriptum⁴⁴t</span> <span class='ocrx_word' id='word_1_178' title='bbox 422 1617 527 1676; x_wconf 77' lang='lat' dir='ltr'>„Artis</span> <span class='ocrx_word' id='word_1_179' title='bbox 555 1616 746 1680; x_wconf 79' lang='lat' dir='ltr'>spplpticae</span> <span class='ocrx_word' id='word_1_180' title='bbox 773 1619 897 1680; x_wconf 80' lang='lat' dir='ltr'>praxis,</span> <span class='ocrx_word' id='word_1_181' title='bbox 917 1617 949 1670; x_wconf 83' lang='lat' dir='ltr'>ad</span> <span class='ocrx_word' id='word_1_182' title='bbox 976 1619 1138 1682; x_wconf 78' lang='lat' dir='ltr'>aequationes</span> <span class='ocrx_word' id='word_1_183' title='bbox 1162 1619 1316 1683; x_wconf 82' lang='lat' dir='ltr'>sigebraicss</span> <span class='ocrx_word' id='word_1_184' title='bbox 1339 1633 1412 1677; x_wconf 84' lang='lat' dir='ltr'>nova.</span> 
     </span>
     <span class='ocr_line' id='line_1_18' title="bbox 84 1685 1413 1763; baseline 0.007 -30"><span class='ocrx_word' id='word_1_185' title='bbox 84 1685 175 1750; x_wconf 53' lang='lat' dir='ltr'>apetie</span> <span class='ocrx_word' id='word_1_186' title='bbox 189 1691 215 1734; x_wconf 87' lang='lat' dir='ltr'>et</span> <span class='ocrx_word' id='word_1_187' title='bbox 230 1687 348 1752; x_wconf 77' lang='lat' dir='ltr'>generali</span> <span class='ocrx_word' id='word_1_188' title='bbox 367 1687 483 1737; x_wconf 81' lang='lat' dir='ltr'>methodo</span> <span class='ocrx_word' id='word_1_189' title='bbox 501 1686 683 1746; x_wconf 78' lang='lat' dir='ltr'>resolvendas‚“</span> <span class='ocrx_word' id='word_1_190' title='bbox 704 1703 750 1752; x_wconf 85' lang='lat' dir='ltr'>quo</span> <span class='ocrx_word' id='word_1_191' title='bbox 769 1687 933 1750; x_wconf 77' lang='lat' dir='ltr'>fundamenta</span> <span class='ocrx_word' id='word_1_192' title='bbox 946 1687 1075 1740; x_wconf 84' lang='lat' dir='ltr'>Harriotus</span> <span class='ocrx_word' id='word_1_193' title='bbox 1090 1690 1155 1744; x_wconf 89' lang='lat' dir='ltr'>iuter</span> <span class='ocrx_word' id='word_1_194' title='bbox 1172 1691 1262 1754; x_wconf 86' lang='lat' dir='ltr'>primos</span> <span class='ocrx_word' id='word_1_195' title='bbox 1278 1693 1413 1763; x_wconf 68' lang='lat' dir='ltr'>teutolus,</span> 
     </span>
     <span class='ocr_line' id='line_1_19' title="bbox 82 1753 1414 1836; baseline 0.005 -31"><span class='ocrx_word' id='word_1_196' title='bbox 82 1753 136 1820; x_wconf 68' lang='grc'><strong>6666</strong></span> <span class='ocrx_word' id='word_1_197' title='bbox 156 1771 217 1806; x_wconf 88' lang='lat' dir='ltr'>nunc</span> <span class='ocrx_word' id='word_1_198' title='bbox 239 1759 384 1824; x_wconf 82' lang='lat' dir='ltr'>sequimur,</span> <span class='ocrx_word' id='word_1_199' title='bbox 413 1759 438 1807; x_wconf 92' lang='lat' dir='ltr'>in</span> <span class='ocrx_word' id='word_1_200' title='bbox 465 1757 560 1808; x_wconf 86' lang='lat' dir='ltr'>calculo</span> <span class='ocrx_word' id='word_1_201' title='bbox 585 1759 709 1820; x_wconf 85' lang='lat' dir='ltr'>analytice</span> <span class='ocrx_word' id='word_1_202' title='bbox 728 1759 837 1808; x_wconf 88' lang='lat' dir='ltr'>rationis.</span> <span class='ocrx_word' id='word_1_203' title='bbox 875 1757 991 1808; x_wconf 85' lang='lat' dir='ltr'>Getarum</span> <span class='ocrx_word' id='word_1_204' title='bbox 1013 1761 1102 1809; x_wconf 83' lang='lat' dir='ltr'>merita</span> <span class='ocrx_word' id='word_1_205' title='bbox 1123 1759 1233 1810; x_wconf 84' lang='lat' dir='ltr'>Harrioti</span> <span class='ocrx_word' id='word_1_206' title='bbox 1257 1761 1373 1836; x_wconf 83' lang='lat' dir='ltr'>leguntur</span> <span class='ocrx_word' id='word_1_207' title='bbox 1389 1763 1414 1811; x_wconf 92' lang='lat' dir='ltr'>in</span> 
     </span>
     <span class='ocr_line' id='line_1_20' title="bbox 81 1825 1213 1895; baseline 0.004 -20"><span class='ocrx_word' id='word_1_208' title='bbox 81 1825 162 1875; x_wconf 70' lang='lat' dir='ltr'>tuom</span> <span class='ocrx_word' id='word_1_209' title='bbox 176 1827 338 1886; x_wconf 72' lang='lat' dir='ltr'>masstescosr</span> <span class='ocrx_word' id='word_1_210' title='bbox 357 1842 424 1893; x_wconf 80' lang='lat' dir='ltr'>quse</span> <span class='ocrx_word' id='word_1_211' title='bbox 442 1828 472 1878; x_wconf 88' lang='grc'>66</span> <span class='ocrx_word' id='word_1_212' title='bbox 492 1825 583 1892; x_wconf 88' lang='lat' dir='ltr'>Optiea</span> <span class='ocrx_word' id='word_1_213' title='bbox 600 1827 715 1878; x_wconf 79' lang='lat' dir='ltr'>hebuerit</span> <span class='ocrx_word' id='word_1_214' title='bbox 731 1841 814 1887; x_wconf 85' lang='lat' dir='ltr'>seusa,</span> <span class='ocrx_word' id='word_1_215' title='bbox 833 1835 965 1895; x_wconf 88' lang='lat' dir='ltr'>sequentes</span> <span class='ocrx_word' id='word_1_216' title='bbox 984 1829 1101 1880; x_wconf 83' lang='lat' dir='ltr'>exhibent</span> <span class='ocrx_word' id='word_1_217' title='bbox 1117 1830 1213 1881; x_wconf 88' lang='lat' dir='ltr'>literae.</span> 
     </span>
    </p>
   </div>
   <div class='ocr_carea' id='block_1_4' title="bbox 149 1911 1223 1986">
    <p class='ocr_par' dir='ltr' id='par_1_4' title="bbox 149 1911 1223 1986">
     <span class='ocr_line' id='line_1_21' title="bbox 149 1911 1223 1986; baseline 0.001 -21"><span class='ocrx_word' id='word_1_218' title='bbox 149 1911 264 1980; x_wconf 70' lang='lat' dir='ltr'>Epistola,</span> <span class='ocrx_word' id='word_1_219' title='bbox 285 1929 339 1982; x_wconf 85' lang='lat' dir='ltr'>qua</span> <span class='ocrx_word' id='word_1_220' title='bbox 358 1916 423 1966; x_wconf 86' lang='lat' dir='ltr'>adiit</span> <span class='ocrx_word' id='word_1_221' title='bbox 439 1915 563 1986; x_wconf 62' lang='lat' dir='ltr'>lieplerus</span> <span class='ocrx_word' id='word_1_222' title='bbox 580 1913 733 1972; x_wconf 83' lang='lat' dir='ltr'>Heniotum,</span> <span class='ocrx_word' id='word_1_223' title='bbox 753 1916 815 1967; x_wconf 86' lang='lat' dir='ltr'>data</span> <span class='ocrx_word' id='word_1_224' title='bbox 831 1915 856 1966; x_wconf 89' lang='lat' dir='ltr'>d.</span> <span class='ocrx_word' id='word_1_225' title='bbox 876 1914 900 1965; x_wconf 78' lang='grc'>2.</span> <span class='ocrx_word' id='word_1_226' title='bbox 921 1915 977 1967; x_wconf 91' lang='lat' dir='ltr'>Oct.</span> <span class='ocrx_word' id='word_1_227' title='bbox 1000 1913 1075 1978; x_wconf 93' lang='grc'><strong>1606,</strong></span> <span class='ocrx_word' id='word_1_228' title='bbox 1095 1918 1159 1968; x_wconf 89' lang='lat' dir='ltr'>haec</span> <span class='ocrx_word' id='word_1_229' title='bbox 1178 1923 1223 1968; x_wconf 89' lang='lat' dir='ltr'>est.</span> 
     </span>
    </p>
   </div>
   <div class='ocr_carea' id='block_1_5' title="bbox 80 1997 1462 2880">
    <p class='ocr_par' dir='ltr' id='par_1_5' title="bbox 80 1997 1417 2527">
     <span class='ocr_line' id='line_1_22' title="bbox 150 1997 1417 2085; baseline 0.005 -20"><span class='ocrx_word' id='word_1_230' title='bbox 150 2004 259 2084; x_wconf 81' lang='lat' dir='ltr'>Insigni</span> <span class='ocrx_word' id='word_1_231' title='bbox 282 2025 335 2068; x_wconf 87' lang='lat' dir='ltr'>rue</span> <span class='ocrx_word' id='word_1_232' title='bbox 365 2005 476 2085; x_wconf 86' lang='lat' dir='ltr'>gaudio</span> <span class='ocrx_word' id='word_1_233' title='bbox 500 2005 615 2080; x_wconf 81' lang='lat' dir='ltr'>affecit,</span> <span class='ocrx_word' id='word_1_234' title='bbox 640 2005 781 2066; x_wconf 86' lang='lat' dir='ltr'>Harriote</span> <span class='ocrx_word' id='word_1_235' title='bbox 807 1997 1086 2085; x_wconf 76' lang='lat' dir='ltr'>praestantissime,</span> <span class='ocrx_word' id='word_1_236' title='bbox 1109 2005 1264 2068; x_wconf 75' lang='lat' dir='ltr'>iohannes</span> <span class='ocrx_word' id='word_1_237' title='bbox 1287 2007 1417 2072; x_wconf 84' lang='lat' dir='ltr'>Erikssn</span> 
     </span>
     <span class='ocr_line' id='line_1_23' title="bbox 81 2093 1417 2176; baseline 0.006 -26"><span class='ocrx_word' id='word_1_238' title='bbox 81 2101 150 2165; x_wconf 69' lang='lat' dir='ltr'>(emp</span> <span class='ocrx_word' id='word_1_239' title='bbox 166 2101 219 2153; x_wconf 72' lang='lat' dir='ltr'>rot</span> <span class='ocrx_word' id='word_1_240' title='bbox 236 2102 258 2152; x_wconf 92' lang='lat'>1.</span> <span class='ocrx_word' id='word_1_241' title='bbox 277 2119 304 2167; x_wconf 84' lang='lat' dir='ltr'>p.</span> <span class='ocrx_word' id='word_1_242' title='bbox 325 2100 394 2164; x_wconf 80' lang='grc'><strong>655)</strong></span> <span class='ocrx_word' id='word_1_243' title='bbox 419 2094 499 2156; x_wconf 89' lang='lat' dir='ltr'>lator</span> <span class='ocrx_word' id='word_1_244' title='bbox 521 2093 634 2167; x_wconf 79' lang='lat' dir='ltr'>namu,</span> <span class='ocrx_word' id='word_1_245' title='bbox 660 2093 730 2154; x_wconf 91' lang='lat' dir='ltr'>dum</span> <span class='ocrx_word' id='word_1_246' title='bbox 757 2093 910 2157; x_wconf 88' lang='lat' dir='ltr'>recensuit</span> <span class='ocrx_word' id='word_1_247' title='bbox 934 2112 1000 2154; x_wconf 88' lang='lat' dir='ltr'>esse</span> <span class='ocrx_word' id='word_1_248' title='bbox 1019 2094 1048 2154; x_wconf 90' lang='lat' dir='ltr'>in</span> <span class='ocrx_word' id='word_1_249' title='bbox 1064 2093 1223 2172; x_wconf 83' lang='lat' dir='ltr'>Britannia</span> <span class='ocrx_word' id='word_1_250' title='bbox 1245 2093 1340 2166; x_wconf 87' lang='lat' dir='ltr'>virum</span> <span class='ocrx_word' id='word_1_251' title='bbox 1364 2115 1417 2176; x_wconf 90' lang='lat' dir='ltr'>per</span> 
     </span>
     <span class='ocr_line' id='line_1_24' title="bbox 83 2181 1417 2264; baseline 0.005 -25"><span class='ocrx_word' id='word_1_252' title='bbox 83 2183 161 2242; x_wconf 89' lang='lat' dir='ltr'>omniu</span> <span class='ocrx_word' id='word_1_253' title='bbox 185 2190 315 2244; x_wconf 84' lang='lat' dir='ltr'>naturae</span> <span class='ocrx_word' id='word_1_254' title='bbox 349 2201 462 2244; x_wconf 91' lang='lat' dir='ltr'>arcana</span> <span class='ocrx_word' id='word_1_255' title='bbox 493 2181 747 2256; x_wconf 76' lang='lat' dir='ltr'>versatissimum,</span> <span class='ocrx_word' id='word_1_256' title='bbox 777 2181 826 2264; x_wconf 91' lang='lat' dir='ltr'>qui</span> <span class='ocrx_word' id='word_1_257' title='bbox 856 2200 971 2243; x_wconf 89' lang='lat' dir='ltr'>mecum</span> <span class='ocrx_word' id='word_1_258' title='bbox 992 2199 1046 2262; x_wconf 91' lang='lat' dir='ltr'>per</span> <span class='ocrx_word' id='word_1_259' title='bbox 1079 2181 1184 2244; x_wconf 82' lang='lat' dir='ltr'>literas</span> <span class='ocrx_word' id='word_1_260' title='bbox 1208 2183 1336 2264; x_wconf 92' lang='lat' dir='ltr'>colloqui</span> <span class='ocrx_word' id='word_1_261' title='bbox 1359 2185 1417 2254; x_wconf 87' lang='lat' dir='ltr'>nisi</span> 
     </span>
     <span class='ocr_line' id='line_1_25' title="bbox 80 2265 1416 2352; baseline 0.004 -24"><span class='ocrx_word' id='word_1_262' title='bbox 80 2267 251 2350; x_wconf 90' lang='lat' dir='ltr'>inpediretur</span> <span class='ocrx_word' id='word_1_263' title='bbox 273 2269 491 2352; x_wconf 87' lang='lat' dir='ltr'>percupiisset,</span> <span class='ocrx_word' id='word_1_264' title='bbox 517 2270 625 2350; x_wconf 89' lang='lat' dir='ltr'>quique</span> <span class='ocrx_word' id='word_1_265' title='bbox 649 2269 760 2331; x_wconf 87' lang='lat' dir='ltr'>habeat</span> <span class='ocrx_word' id='word_1_266' title='bbox 781 2265 812 2332; x_wconf 89' lang='lat' dir='ltr'>in</span> <span class='ocrx_word' id='word_1_267' title='bbox 835 2269 937 2348; x_wconf 89' lang='lat' dir='ltr'>optica</span> <span class='ocrx_word' id='word_1_268' title='bbox 963 2270 1124 2349; x_wconf 87' lang='lat' dir='ltr'>praecipue</span> <span class='ocrx_word' id='word_1_269' title='bbox 1148 2271 1309 2351; x_wconf 89' lang='lat' dir='ltr'>disciplina</span> <span class='ocrx_word' id='word_1_270' title='bbox 1331 2272 1416 2352; x_wconf 85' lang='lat' dir='ltr'>prin-</span> 
     </span>
     <span class='ocr_line' id='line_1_26' title="bbox 81 2355 1416 2445; baseline 0.003 -27"><span class='ocrx_word' id='word_1_271' title='bbox 81 2357 143 2445; x_wconf 85' lang='lat' dir='ltr'>cipia</span> <span class='ocrx_word' id='word_1_272' title='bbox 162 2377 237 2420; x_wconf 82' lang='lat' dir='ltr'>nora</span> <span class='ocrx_word' id='word_1_273' title='bbox 262 2367 296 2420; x_wconf 91' lang='lat' dir='ltr'>et</span> <span class='ocrx_word' id='word_1_274' title='bbox 319 2360 415 2440; x_wconf 88' lang='lat' dir='ltr'>vulgo</span> <span class='ocrx_word' id='word_1_275' title='bbox 437 2359 559 2438; x_wconf 88' lang='lat' dir='ltr'>ignota,</span> <span class='ocrx_word' id='word_1_276' title='bbox 583 2375 621 2418; x_wconf 86' lang='lat' dir='ltr'>ex</span> <span class='ocrx_word' id='word_1_277' title='bbox 650 2357 757 2438; x_wconf 90' lang='lat' dir='ltr'>quibus</span> <span class='ocrx_word' id='word_1_278' title='bbox 781 2365 813 2420; x_wconf 90' lang='lat' dir='ltr'>et</span> <span class='ocrx_word' id='word_1_279' title='bbox 835 2377 920 2420; x_wconf 88' lang='lat' dir='ltr'>meus</span> <span class='ocrx_word' id='word_1_280' title='bbox 944 2355 1070 2437; x_wconf 85' lang='lat' dir='ltr'>Optices</span> <span class='ocrx_word' id='word_1_281' title='bbox 1098 2357 1174 2422; x_wconf 87' lang='lat' dir='ltr'>iiber</span> <span class='ocrx_word' id='word_1_282' title='bbox 1197 2360 1416 2442; x_wconf 86' lang='lat' dir='ltr'>etquicunque</span> 
     </span>
     <span class='ocr_line' id='line_1_27' title="bbox 80 2435 1416 2527; baseline 0.004 -22"><span class='ocrx_word' id='word_1_283' title='bbox 80 2454 152 2507; x_wconf 85' lang='lat' dir='ltr'>antea</span> <span class='ocrx_word' id='word_1_284' title='bbox 170 2446 350 2526; x_wconf 88' lang='lat' dir='ltr'>prodierunt</span> <span class='ocrx_word' id='word_1_285' title='bbox 374 2465 432 2508; x_wconf 91' lang='lat' dir='ltr'>non</span> <span class='ocrx_word' id='word_1_286' title='bbox 455 2455 574 2510; x_wconf 86' lang='lat' dir='ltr'>tantum</span> <span class='ocrx_word' id='word_1_287' title='bbox 602 2435 701 2507; x_wconf 84' lang='grc'><strong>616661</strong></span> <span class='ocrx_word' id='word_1_288' title='bbox 722 2446 777 2508; x_wconf 85' lang='grc'>666</span> <span class='ocrx_word' id='word_1_289' title='bbox 797 2445 889 2520; x_wconf 81' lang='lat' dir='ltr'>etiam</span> <span class='ocrx_word' id='word_1_290' title='bbox 913 2447 1089 2509; x_wconf 86' lang='lat' dir='ltr'>aberrantes</span> <span class='ocrx_word' id='word_1_291' title='bbox 1112 2447 1416 2527; x_wconf 86' lang='lat' dir='ltr'>deprehenderentur.</span> 
     </span>
    </p>

    <p class='ocr_par' dir='ltr' id='par_1_6' title="bbox 80 2533 1462 2880">
     <span class='ocr_line' id='line_1_28' title="bbox 149 2533 1417 2615; baseline 0 -17"><span class='ocrx_word' id='word_1_292' title='bbox 149 2534 352 2598; x_wconf 83' lang='lat' dir='ltr'>Extimulavit</span> <span class='ocrx_word' id='word_1_293' title='bbox 375 2553 423 2596; x_wconf 90' lang='lat' dir='ltr'>me</span> <span class='ocrx_word' id='word_1_294' title='bbox 444 2533 506 2596; x_wconf 83' lang='lat' dir='ltr'>ista</span> <span class='ocrx_word' id='word_1_295' title='bbox 528 2535 677 2610; x_wconf 84' lang='lat' dir='ltr'>narratio,</span> <span class='ocrx_word' id='word_1_296' title='bbox 707 2542 742 2597; x_wconf 92' lang='grc'>66</span> <span class='ocrx_word' id='word_1_297' title='bbox 766 2533 871 2597; x_wconf 84' lang='lat' dir='ltr'>literas</span> <span class='ocrx_word' id='word_1_298' title='bbox 901 2534 955 2596; x_wconf 88' lang='lat' dir='ltr'>has</span> <span class='ocrx_word' id='word_1_299' title='bbox 978 2535 1007 2596; x_wconf 92' lang='lat' dir='ltr'>in</span> <span class='ocrx_word' id='word_1_300' title='bbox 1036 2534 1125 2615; x_wconf 91' lang='lat' dir='ltr'>hujus</span> <span class='ocrx_word' id='word_1_301' title='bbox 1152 2544 1224 2598; x_wconf 86' lang='lat' dir='ltr'>tuae</span> <span class='ocrx_word' id='word_1_302' title='bbox 1257 2537 1417 2612; x_wconf 82' lang='lat' dir='ltr'>amicitiae,</span> 
     </span>
     <span class='ocr_line' id='line_1_29' title="bbox 81 2621 1418 2705; baseline 0.003 -23"><span class='ocrx_word' id='word_1_303' title='bbox 81 2621 136 2682; x_wconf 90' lang='lat' dir='ltr'>nihi</span> <span class='ocrx_word' id='word_1_304' title='bbox 155 2631 239 2686; x_wconf 88' lang='lat' dir='ltr'>tanta</span> <span class='ocrx_word' id='word_1_305' title='bbox 268 2641 341 2686; x_wconf 89' lang='lat' dir='ltr'>cnm</span> <span class='ocrx_word' id='word_1_306' title='bbox 370 2623 581 2686; x_wconf 88' lang='lat' dir='ltr'>benevolentia</span> <span class='ocrx_word' id='word_1_307' title='bbox 613 2623 798 2697; x_wconf 85' lang='lat' dir='ltr'>destinatae,</span> <span class='ocrx_word' id='word_1_308' title='bbox 836 2641 991 2686; x_wconf 89' lang='lat' dir='ltr'>occursum</span> <span class='ocrx_word' id='word_1_309' title='bbox 1023 2623 1190 2702; x_wconf 80' lang='lat' dir='ltr'>emitterem</span> <span class='ocrx_word' id='word_1_310' title='bbox 1222 2631 1311 2705; x_wconf 88' lang='lat' dir='ltr'>teque</span> <span class='ocrx_word' id='word_1_311' title='bbox 1339 2625 1418 2687; x_wconf 88' lang='grc'><strong>61666</strong></span> 
     </span>
     <span class='ocr_line' id='line_1_30' title="bbox 84 2709 1462 2794; baseline 0.004 -24"><span class='ocrx_word' id='word_1_312' title='bbox 84 2710 265 2787; x_wconf 83' lang='lat' dir='ltr'>obsecrarem,</span> <span class='ocrx_word' id='word_1_313' title='bbox 292 2712 397 2774; x_wconf 90' lang='lat' dir='ltr'>nullas</span> <span class='ocrx_word' id='word_1_314' title='bbox 421 2730 510 2792; x_wconf 90' lang='lat' dir='ltr'>porro</span> <span class='ocrx_word' id='word_1_315' title='bbox 533 2729 633 2794; x_wconf 89' lang='lat' dir='ltr'>moras</span> <span class='ocrx_word' id='word_1_316' title='bbox 661 2709 811 2772; x_wconf 87' lang='lat' dir='ltr'>scribendi</span> <span class='ocrx_word' id='word_1_317' title='bbox 836 2711 944 2773; x_wconf 89' lang='lat' dir='ltr'>adme</span> <span class='ocrx_word' id='word_1_318' title='bbox 968 2711 1176 2790; x_wconf 88' lang='lat' dir='ltr'>interponeres</span> <span class='ocrx_word' id='word_1_319' title='bbox 1202 2731 1297 2793; x_wconf 86' lang='lat' dir='ltr'>neque</span> <span class='ocrx_word' id='word_1_320' title='bbox 1321 2728 1435 2776; x_wconf 83' lang='lat' dir='ltr'>meum·</span> <span class='ocrx_word' id='word_1_321' title='bbox 1461 2787 1462 2790; x_wconf 8' lang='grc' dir='ltr'><strong>Ἴ</strong></span> 
     </span>
     <span class='ocr_line' id='line_1_31' title="bbox 80 2797 1419 2880; baseline 0.003 -22"><span class='ocrx_word' id='word_1_322' title='bbox 80 2799 236 2864; x_wconf 86' lang='lat' dir='ltr'>desiderium</span> <span class='ocrx_word' id='word_1_323' title='bbox 266 2801 429 2874; x_wconf 83' lang='lat' dir='ltr'>differres;</span> <span class='ocrx_word' id='word_1_324' title='bbox 467 2809 497 2862; x_wconf 86' lang='lat' dir='ltr'>et</span> <span class='ocrx_word' id='word_1_325' title='bbox 525 2797 661 2880; x_wconf 89' lang='lat' dir='ltr'>quamvis</span> <span class='ocrx_word' id='word_1_326' title='bbox 690 2799 771 2860; x_wconf 88' lang='lat' dir='ltr'>absit</span> <span class='ocrx_word' id='word_1_327' title='bbox 800 2819 888 2862; x_wconf 90' lang='lat' dir='ltr'>omen</span> <span class='ocrx_word' id='word_1_328' title='bbox 920 2808 953 2861; x_wconf 93' lang='lat' dir='ltr'>ut</span> <span class='ocrx_word' id='word_1_329' title='bbox 981 2799 1145 2861; x_wconf 86' lang='lat' dir='ltr'>etiamnum</span> <span class='ocrx_word' id='word_1_330' title='bbox 1177 2801 1419 2880; x_wconf 88' lang='lat' dir='ltr'>circumscriptus</span> 
     </span>
    </p>
   </div>
   <div class='ocr_carea' id='block_1_6' title="bbox 80 2887 1419 3208">
    <p class='ocr_par' dir='ltr' id='par_1_7' title="bbox 80 2887 1419 3208">
     <span class='ocr_line' id='line_1_32' title="bbox 80 2887 1418 2962; baseline -0.001 -14"><span class='ocrx_word' id='word_1_331' title='bbox 80 2887 112 2948; x_wconf 79' lang='lat' dir='ltr'>sis</span> <span class='ocrx_word' id='word_1_332' title='bbox 135 2893 266 2957; x_wconf 80' lang='grc'><strong>(11666666</strong></span> <span class='ocrx_word' id='word_1_333' title='bbox 290 2897 397 2947; x_wconf 83' lang='lat' dir='ltr'>Parcius</span> <span class='ocrx_word' id='word_1_334' title='bbox 422 2897 504 2947; x_wconf 88' lang='lat' dir='ltr'>isutor</span> <span class='ocrx_word' id='word_1_335' title='bbox 521 2896 629 2946; x_wconf 82' lang='lat' dir='ltr'>Harrioti</span> <span class='ocrx_word' id='word_1_336' title='bbox 655 2909 720 2946; x_wconf 85' lang='lat' dir='ltr'>anno</span> <span class='ocrx_word' id='word_1_337' title='bbox 745 2893 856 2946; x_wconf 84' lang='grc'><strong>160616</strong></span> <span class='ocrx_word' id='word_1_338' title='bbox 880 2897 980 2948; x_wconf 80' lang='lat' dir='ltr'>vincula</span> <span class='ocrx_word' id='word_1_339' title='bbox 1004 2898 1131 2958; x_wconf 78' lang='lat' dir='ltr'>conjectus</span> <span class='ocrx_word' id='word_1_340' title='bbox 1149 2903 1189 2947; x_wconf 92' lang='lat' dir='ltr'>est</span> <span class='ocrx_word' id='word_1_341' title='bbox 1205 2897 1236 2946; x_wconf 88' lang='lat' dir='ltr'>ob</span> <span class='ocrx_word' id='word_1_342' title='bbox 1254 2897 1418 2962; x_wconf 89' lang='lat' dir='ltr'>suspicionem</span> 
     </span>
     <span class='ocr_line' id='line_1_33' title="bbox 80 2973 1418 3042; baseline 0.001 -18"><span class='ocrx_word' id='word_1_343' title='bbox 80 2979 212 3042; x_wconf 78' lang='lat' dir='ltr'>emugionia</span> <span class='ocrx_word' id='word_1_344' title='bbox 239 2977 424 3040; x_wconf 74' lang='lat' dir='ltr'>conjurationis</span> <span class='ocrx_word' id='word_1_345' title='bbox 447 2977 527 3034; x_wconf 79' lang='lat' dir='ltr'>illius,</span> <span class='ocrx_word' id='word_1_346' title='bbox 551 2977 591 3026; x_wconf 89' lang='lat' dir='ltr'>eui</span> <span class='ocrx_word' id='word_1_347' title='bbox 616 2991 705 3042; x_wconf 87' lang='lat' dir='ltr'>nomen</span> <span class='ocrx_word' id='word_1_348' title='bbox 725 2981 764 3026; x_wconf 89' lang='lat' dir='ltr'>est</span> <span class='ocrx_word' id='word_1_349' title='bbox 787 2976 819 3026; x_wconf 92' lang='lat' dir='ltr'>de</span> <span class='ocrx_word' id='word_1_350' title='bbox 836 2977 935 3042; x_wconf 79' lang='lat' dir='ltr'>pulvere</span> <span class='ocrx_word' id='word_1_351' title='bbox 952 2977 1044 3027; x_wconf 91' lang='lat' dir='ltr'>nitrato</span> <span class='ocrx_word' id='word_1_352' title='bbox 1063 2976 1160 3042; x_wconf 82' lang='lat' dir='ltr'>(Comp.</span> <span class='ocrx_word' id='word_1_353' title='bbox 1183 2976 1240 3028; x_wconf 87' lang='lat' dir='ltr'>Vol.</span> <span class='ocrx_word' id='word_1_354' title='bbox 1259 2975 1280 3027; x_wconf 90' lang='lat'>1.</span> <span class='ocrx_word' id='word_1_355' title='bbox 1300 2991 1325 3039; x_wconf 91' lang='lat' dir='ltr'>p.</span> <span class='ocrx_word' id='word_1_356' title='bbox 1344 2973 1418 3038; x_wconf 82' lang='grc'><strong>666),</strong></span> 
     </span>
     <span class='ocr_line' id='line_1_34' title="bbox 80 3055 1419 3122; baseline 0.003 -19"><span class='ocrx_word' id='word_1_357' title='bbox 80 3061 159 3120; x_wconf 83' lang='lat' dir='ltr'>aspar</span> <span class='ocrx_word' id='word_1_358' title='bbox 183 3059 328 3122; x_wconf 75' lang='grc'><strong>6616666166</strong></span> <span class='ocrx_word' id='word_1_359' title='bbox 357 3069 438 3108; x_wconf 84' lang='lat' dir='ltr'>anuos</span> <span class='ocrx_word' id='word_1_360' title='bbox 464 3059 491 3107; x_wconf 90' lang='lat' dir='ltr'>iu</span> <span class='ocrx_word' id='word_1_361' title='bbox 517 3069 617 3111; x_wconf 73' lang='grc'><strong>6666666</strong></span> <span class='ocrx_word' id='word_1_362' title='bbox 644 3055 769 3107; x_wconf 74' lang='lat' dir='ltr'>detentus.</span> <span class='ocrx_word' id='word_1_363' title='bbox 816 3055 857 3108; x_wconf 84' lang='lat' dir='ltr'>De</span> <span class='ocrx_word' id='word_1_364' title='bbox 883 3055 994 3107; x_wconf 80' lang='lat' dir='ltr'>Harrioti</span> <span class='ocrx_word' id='word_1_365' title='bbox 1019 3071 1076 3107; x_wconf 80' lang='lat' dir='ltr'>sero</span> <span class='ocrx_word' id='word_1_366' title='bbox 1104 3055 1246 3107; x_wconf 85' lang='lat' dir='ltr'>detentione</span> <span class='ocrx_word' id='word_1_367' title='bbox 1269 3056 1331 3106; x_wconf 89' lang='lat' dir='ltr'>uihil</span> <span class='ocrx_word' id='word_1_368' title='bbox 1358 3057 1419 3107; x_wconf 88' lang='lat' dir='ltr'>cesti</span> 
     </span>
     <span class='ocr_line' id='line_1_35' title="bbox 80 3127 1419 3208; baseline 0.003 -23"><span class='ocrx_word' id='word_1_369' title='bbox 80 3133 179 3196; x_wconf 67' lang='lat' dir='ltr'>ml.</span> <span class='ocrx_word' id='word_1_370' title='bbox 210 3139 318 3191; x_wconf 85' lang='lat' dir='ltr'>tamen</span> <span class='ocrx_word' id='word_1_371' title='bbox 337 3127 364 3189; x_wconf 89' lang='lat' dir='ltr'>si</span> <span class='ocrx_word' id='word_1_372' title='bbox 379 3130 426 3191; x_wconf 85' lang='lat' dir='ltr'>ita</span> <span class='ocrx_word' id='word_1_373' title='bbox 443 3130 521 3191; x_wconf 83' lang='lat' dir='ltr'>forte</span> <span class='ocrx_word' id='word_1_374' title='bbox 544 3127 705 3208; x_wconf 88' lang='lat' dir='ltr'>contigerit</span> <span class='ocrx_word' id='word_1_375' title='bbox 723 3131 772 3200; x_wconf 91' lang='lat' dir='ltr'>(ut</span> <span class='ocrx_word' id='word_1_376' title='bbox 786 3136 857 3190; x_wconf 90' lang='lat' dir='ltr'>sunt</span> <span class='ocrx_word' id='word_1_377' title='bbox 871 3145 975 3208; x_wconf 87' lang='lat' dir='ltr'>regum</span> <span class='ocrx_word' id='word_1_378' title='bbox 998 3127 1119 3208; x_wconf 87' lang='lat' dir='ltr'>negotia</span> <span class='ocrx_word' id='word_1_379' title='bbox 1140 3127 1268 3208; x_wconf 83' lang='lat' dir='ltr'>priuatis</span> <span class='ocrx_word' id='word_1_380' title='bbox 1291 3141 1419 3190; x_wconf 87' lang='lat' dir='ltr'>onerosa</span> 
     </span>
    </p>
   </div>
   <div class='ocr_carea' id='block_1_7' title="bbox 5 3215 1427 4957">
    <p class='ocr_par' dir='ltr' id='par_1_8' title="bbox 79 3215 1418 3386">
     <span class='ocr_line' id='line_1_36' title="bbox 81 3215 1418 3298; baseline 0.003 -26"><span class='ocrx_word' id='word_1_381' title='bbox 81 3225 105 3273; x_wconf 85' lang='lat' dir='ltr'>et</span> <span class='ocrx_word' id='word_1_382' title='bbox 129 3215 241 3292; x_wconf 80' lang='lat' dir='ltr'>buta),</span> <span class='ocrx_word' id='word_1_383' title='bbox 280 3217 333 3278; x_wconf 84' lang='lat' dir='ltr'>vel</span> <span class='ocrx_word' id='word_1_384' title='bbox 371 3226 507 3298; x_wconf 83' lang='lat' dir='ltr'>apertam</span> <span class='ocrx_word' id='word_1_385' title='bbox 540 3218 579 3279; x_wconf 88' lang='lat' dir='ltr'>ad</span> <span class='ocrx_word' id='word_1_386' title='bbox 612 3235 658 3279; x_wconf 90' lang='lat' dir='ltr'>me</span> <span class='ocrx_word' id='word_1_387' title='bbox 692 3215 798 3280; x_wconf 89' lang='lat' dir='ltr'>mittas</span> <span class='ocrx_word' id='word_1_388' title='bbox 831 3217 990 3296; x_wconf 87' lang='lat' dir='ltr'>epistolam</span> <span class='ocrx_word' id='word_1_389' title='bbox 1022 3217 1048 3278; x_wconf 91' lang='lat' dir='ltr'>si</span> <span class='ocrx_word' id='word_1_390' title='bbox 1084 3216 1189 3278; x_wconf 83' lang='lat' dir='ltr'>clausa</span> <span class='ocrx_word' id='word_1_391' title='bbox 1220 3215 1418 3296; x_wconf 86' lang='lat' dir='ltr'>suspicionem</span> 
     </span>
     <span class='ocr_line' id='line_1_37' title="bbox 79 3305 301 3386; baseline 0.009 -22"><span class='ocrx_word' id='word_1_392' title='bbox 79 3319 165 3379; x_wconf 86' lang='lat' dir='ltr'>parere</span> <span class='ocrx_word' id='word_1_393' title='bbox 186 3305 301 3386; x_wconf 84' lang='lat' dir='ltr'>possit.</span> 
     </span>
    </p>

    <p class='ocr_par' dir='ltr' id='par_1_9' title="bbox 5 3391 1421 4004">
     <span class='ocr_line' id='line_1_38' title="bbox 5 3391 1420 3474; baseline -0.002 -18"><span class='ocrx_word' id='word_1_394' title='bbox 5 3413 6 3470; x_wconf 51' lang='lat'>4</span> <span class='ocrx_word' id='word_1_395' title='bbox 151 3392 247 3458; x_wconf 85' lang='lat' dir='ltr'>Lecto</span> <span class='ocrx_word' id='word_1_396' title='bbox 275 3411 345 3457; x_wconf 88' lang='lat' dir='ltr'>meo</span> <span class='ocrx_word' id='word_1_397' title='bbox 379 3393 456 3456; x_wconf 86' lang='lat' dir='ltr'>libro</span> <span class='ocrx_word' id='word_1_398' title='bbox 488 3393 629 3473; x_wconf 83' lang='lat' dir='ltr'>ignorare</span> <span class='ocrx_word' id='word_1_399' title='bbox 656 3411 714 3454; x_wconf 92' lang='lat' dir='ltr'>nou</span> <span class='ocrx_word' id='word_1_400' title='bbox 747 3399 852 3474; x_wconf 84' lang='lat' dir='ltr'>potes,</span> <span class='ocrx_word' id='word_1_401' title='bbox 888 3392 996 3472; x_wconf 80' lang='lat' dir='ltr'>quibus</span> <span class='ocrx_word' id='word_1_402' title='bbox 1024 3392 1054 3456; x_wconf 93' lang='lat' dir='ltr'>in</span> <span class='ocrx_word' id='word_1_403' title='bbox 1087 3391 1314 3472; x_wconf 84' lang='lat' dir='ltr'>quaestionibus</span> <span class='ocrx_word' id='word_1_404' title='bbox 1342 3411 1362 3454; x_wconf 87' lang='lat' dir='ltr'>s</span> <span class='ocrx_word' id='word_1_405' title='bbox 1389 3401 1420 3454; x_wconf 89' lang='lat' dir='ltr'>te</span> 
     </span>
     <span class='ocr_line' id='line_1_39' title="bbox 80 3479 1417 3564; baseline -0.001 -20"><span class='ocrx_word' id='word_1_406' title='bbox 80 3479 179 3558; x_wconf 78' lang='lat' dir='ltr'>upum</span> <span class='ocrx_word' id='word_1_407' title='bbox 202 3481 326 3557; x_wconf 89' lang='lat' dir='ltr'>erudiri,</span> <span class='ocrx_word' id='word_1_408' title='bbox 351 3483 429 3544; x_wconf 84' lang='lat' dir='ltr'>adeo</span> <span class='ocrx_word' id='word_1_409' title='bbox 442 3482 615 3564; x_wconf 83' lang='lat' dir='ltr'>frequenter</span> <span class='ocrx_word' id='word_1_410' title='bbox 627 3481 667 3543; x_wconf 80' lang='lat' dir='ltr'>ad</span> <span class='ocrx_word' id='word_1_411' title='bbox 687 3481 730 3543; x_wconf 90' lang='lat' dir='ltr'>tui</span> <span class='ocrx_word' id='word_1_412' title='bbox 749 3481 890 3542; x_wconf 89' lang='lat' dir='ltr'>similium</span> <span class='ocrx_word' id='word_1_413' title='bbox 903 3481 1064 3560; x_wconf 86' lang='lat' dir='ltr'>provocavi</span> <span class='ocrx_word' id='word_1_414' title='bbox 1084 3480 1249 3544; x_wconf 88' lang='lat' dir='ltr'>solertiam.</span> <span class='ocrx_word' id='word_1_415' title='bbox 1275 3479 1417 3562; x_wconf 84' lang='lat' dir='ltr'>Capitol.</span> 
     </span>
     <span class='ocr_line' id='line_1_40' title="bbox 81 3567 1419 3650; baseline -0.001 -18"><span class='ocrx_word' id='word_1_416' title='bbox 81 3567 217 3648; x_wconf 74' lang='lat' dir='ltr'>innuptis</span> <span class='ocrx_word' id='word_1_417' title='bbox 241 3589 317 3632; x_wconf 89' lang='lat' dir='ltr'>usus</span> <span class='ocrx_word' id='word_1_418' title='bbox 348 3589 416 3633; x_wconf 89' lang='lat' dir='ltr'>sum</span> <span class='ocrx_word' id='word_1_419' title='bbox 443 3569 622 3650; x_wconf 82' lang='lat' dir='ltr'>theologicis</span> <span class='ocrx_word' id='word_1_420' title='bbox 650 3569 747 3648; x_wconf 86' lang='lat' dir='ltr'>magis</span> <span class='ocrx_word' id='word_1_421' title='bbox 777 3587 866 3650; x_wconf 86' lang='lat' dir='ltr'>quam</span> <span class='ocrx_word' id='word_1_422' title='bbox 893 3569 1018 3648; x_wconf 89' lang='lat' dir='ltr'>opticis,</span> <span class='ocrx_word' id='word_1_423' title='bbox 1050 3587 1126 3649; x_wconf 88' lang='lat' dir='ltr'>quae</span> <span class='ocrx_word' id='word_1_424' title='bbox 1149 3587 1198 3630; x_wconf 91' lang='lat' dir='ltr'>res</span> <span class='ocrx_word' id='word_1_425' title='bbox 1221 3569 1340 3649; x_wconf 85' lang='lat' dir='ltr'>arguit,</span> <span class='ocrx_word' id='word_1_426' title='bbox 1372 3587 1419 3631; x_wconf 88' lang='lat' dir='ltr'>mc</span> 
     </span>
     <span class='ocr_line' id='line_1_41' title="bbox 81 3656 1419 3738; baseline 0.002 -23"><span class='ocrx_word' id='word_1_427' title='bbox 81 3664 246 3728; x_wconf 80' lang='lat' dir='ltr'>naturam</span> <span class='ocrx_word' id='word_1_428' title='bbox 270 3659 369 3720; x_wconf 86' lang='lat' dir='ltr'>lucis</span> <span class='ocrx_word' id='word_1_429' title='bbox 391 3659 512 3738; x_wconf 90' lang='lat' dir='ltr'>penitus</span> <span class='ocrx_word' id='word_1_430' title='bbox 525 3659 676 3738; x_wconf 81' lang='lat' dir='ltr'>ignorare.</span> <span class='ocrx_word' id='word_1_431' title='bbox 713 3656 1000 3720; x_wconf 62' lang='lat' dir='ltr'>&amp;saecolorum</span> <span class='ocrx_word' id='word_1_432' title='bbox 1023 3657 1199 3736; x_wconf 83' lang='lat' dir='ltr'>originem</span> <span class='ocrx_word' id='word_1_433' title='bbox 1222 3665 1254 3718; x_wconf 90' lang='lat' dir='ltr'>et</span> <span class='ocrx_word' id='word_1_434' title='bbox 1277 3657 1419 3719; x_wconf 84' lang='lat' dir='ltr'>diiieren-</span> 
     </span>
     <span class='ocr_line' id='line_1_42' title="bbox 80 3743 1421 3829; baseline 0.001 -23"><span class='ocrx_word' id='word_1_435' title='bbox 80 3743 131 3805; x_wconf 81' lang='lat' dir='ltr'>tias</span> <span class='ocrx_word' id='word_1_436' title='bbox 151 3747 335 3809; x_wconf 83' lang='lat' dir='ltr'>essentiales</span> <span class='ocrx_word' id='word_1_437' title='bbox 359 3747 476 3822; x_wconf 86' lang='lat' dir='ltr'>abste,</span> <span class='ocrx_word' id='word_1_438' title='bbox 501 3747 552 3827; x_wconf 86' lang='lat' dir='ltr'>qui</span> <span class='ocrx_word' id='word_1_439' title='bbox 571 3745 717 3829; x_wconf 85' lang='lat' dir='ltr'>chymicis</span> <span class='ocrx_word' id='word_1_440' title='bbox 736 3763 858 3826; x_wconf 85' lang='lat' dir='ltr'>operam</span> <span class='ocrx_word' id='word_1_441' title='bbox 879 3746 946 3820; x_wconf 87' lang='lat' dir='ltr'>das,</span> <span class='ocrx_word' id='word_1_442' title='bbox 972 3746 1086 3807; x_wconf 88' lang='lat' dir='ltr'>discere</span> <span class='ocrx_word' id='word_1_443' title='bbox 1112 3763 1198 3806; x_wconf 88' lang='lat' dir='ltr'>aveo.</span> <span class='ocrx_word' id='word_1_444' title='bbox 1235 3745 1301 3806; x_wconf 89' lang='lat' dir='ltr'>Hoc</span> <span class='ocrx_word' id='word_1_445' title='bbox 1322 3745 1421 3808; x_wconf 87' lang='lat' dir='ltr'>solum</span> 
     </span>
     <span class='ocr_line' id='line_1_43' title="bbox 81 3827 1421 3916; baseline -0.002 -21"><span class='ocrx_word' id='word_1_446' title='bbox 81 3827 161 3894; x_wconf 79' lang='lat' dir='ltr'>haheo</span> <span class='ocrx_word' id='word_1_447' title='bbox 184 3835 225 3896; x_wconf 85' lang='lat' dir='ltr'>ab</span> <span class='ocrx_word' id='word_1_448' title='bbox 249 3834 455 3916; x_wconf 73' lang='lat' dir='ltr'>experientia,</span> <span class='ocrx_word' id='word_1_449' title='bbox 483 3835 514 3897; x_wconf 90' lang='lat' dir='ltr'>in</span> <span class='ocrx_word' id='word_1_450' title='bbox 537 3834 731 3899; x_wconf 84' lang='lat' dir='ltr'>conterminio</span> <span class='ocrx_word' id='word_1_451' title='bbox 759 3835 957 3896; x_wconf 72' lang='lat' dir='ltr'>redactorum</span> <span class='ocrx_word' id='word_1_452' title='bbox 979 3842 1011 3894; x_wconf 91' lang='lat' dir='ltr'>et</span> <span class='ocrx_word' id='word_1_453' title='bbox 1038 3833 1087 3914; x_wconf 91' lang='lat' dir='ltr'>qui</span> <span class='ocrx_word' id='word_1_454' title='bbox 1111 3853 1130 3894; x_wconf 86' lang='lat' dir='ltr'>a</span> <span class='ocrx_word' id='word_1_455' title='bbox 1152 3831 1251 3896; x_wconf 93' lang='lat' dir='ltr'>lucido</span> <span class='ocrx_word' id='word_1_456' title='bbox 1275 3831 1421 3912; x_wconf 84' lang='lat' dir='ltr'>etquis</span> 
     </span>
     <span class='ocr_line' id='line_1_44' title="bbox 82 3919 1421 4004; baseline 0 -24"><span class='ocrx_word' id='word_1_457' title='bbox 82 3919 162 3984; x_wconf 84' lang='lat' dir='ltr'>uinus</span> <span class='ocrx_word' id='word_1_458' title='bbox 175 3922 277 3986; x_wconf 87' lang='lat' dir='ltr'>lucido</span> <span class='ocrx_word' id='word_1_459' title='bbox 296 3923 439 4004; x_wconf 87' lang='lat' dir='ltr'>primitus</span> <span class='ocrx_word' id='word_1_460' title='bbox 458 3922 585 4004; x_wconf 78' lang='lat' dir='ltr'>delapsi,</span> <span class='ocrx_word' id='word_1_461' title='bbox 604 3922 784 3985; x_wconf 81' lang='lat' dir='ltr'>refractione</span> <span class='ocrx_word' id='word_1_462' title='bbox 803 3923 833 3983; x_wconf 89' lang='lat' dir='ltr'>in</span> <span class='ocrx_word' id='word_1_463' title='bbox 846 3922 941 3983; x_wconf 89' lang='lat' dir='ltr'>denso</span> <span class='ocrx_word' id='word_1_464' title='bbox 957 3921 1048 3996; x_wconf 86' lang='lat' dir='ltr'>iacta,</span> <span class='ocrx_word' id='word_1_465' title='bbox 1068 3923 1143 3984; x_wconf 87' lang='lat' dir='ltr'>fiunt</span> <span class='ocrx_word' id='word_1_466' title='bbox 1156 3919 1241 4000; x_wconf 84' lang='lat' dir='ltr'>quasi</span> <span class='ocrx_word' id='word_1_467' title='bbox 1260 3926 1421 4000; x_wconf 80' lang='lat' dir='ltr'>tangentes</span> 
     </span>
    </p>

    <p class='ocr_par' dir='ltr' id='par_1_10' title="bbox 5 4005 1420 4092">
     <span class='ocr_line' id='line_1_45' title="bbox 5 4005 1420 4092; baseline 0.003 -26"><span class='ocrx_word' id='word_1_468' title='bbox 5 4023 7 4092; x_wconf 53' lang='lat'><strong>4</strong></span> <span class='ocrx_word' id='word_1_469' title='bbox 82 4005 149 4070; x_wconf 84' lang='lat' dir='ltr'>iilius</span> <span class='ocrx_word' id='word_1_470' title='bbox 168 4011 285 4074; x_wconf 84' lang='lat' dir='ltr'>densae</span> <span class='ocrx_word' id='word_1_471' title='bbox 310 4011 497 4092; x_wconf 87' lang='lat' dir='ltr'>superficiei:</span> <span class='ocrx_word' id='word_1_472' title='bbox 522 4011 605 4086; x_wconf 89' lang='lat' dir='ltr'>hinc,</span> <span class='ocrx_word' id='word_1_473' title='bbox 628 4012 768 4090; x_wconf 88' lang='lat' dir='ltr'>inquam,</span> <span class='ocrx_word' id='word_1_474' title='bbox 792 4010 864 4073; x_wconf 88' lang='lat' dir='ltr'>oriri</span> <span class='ocrx_word' id='word_1_475' title='bbox 887 4010 1003 4074; x_wconf 86' lang='lat' dir='ltr'>colores</span> <span class='ocrx_word' id='word_1_476' title='bbox 1027 4017 1058 4074; x_wconf 92' lang='lat' dir='ltr'>et</span> <span class='ocrx_word' id='word_1_477' title='bbox 1081 4010 1136 4071; x_wconf 89' lang='lat' dir='ltr'>hos</span> <span class='ocrx_word' id='word_1_478' title='bbox 1159 4007 1260 4070; x_wconf 88' lang='lat' dir='ltr'>radios</span> <span class='ocrx_word' id='word_1_479' title='bbox 1283 4007 1420 4071; x_wconf 85' lang='lat' dir='ltr'>colorari.</span> 
     </span>
    </p>

    <p class='ocr_par' dir='ltr' id='par_1_11' title="bbox 5 4093 1423 4180">
     <span class='ocr_line' id='line_1_46' title="bbox 84 4095 1423 4180; baseline 0.002 -22.833"><span class='ocrx_word' id='word_1_480' title='bbox 84 4097 121 4156; x_wconf 80' lang='lat' dir='ltr'>tt</span> <span class='ocrx_word' id='word_1_481' title='bbox 139 4117 215 4179; x_wconf 86' lang='lat' dir='ltr'>quae</span> <span class='ocrx_word' id='word_1_482' title='bbox 239 4099 282 4162; x_wconf 85' lang='lat' dir='ltr'>sit</span> <span class='ocrx_word' id='word_1_483' title='bbox 303 4101 439 4162; x_wconf 88' lang='lat' dir='ltr'>colorum</span> <span class='ocrx_word' id='word_1_484' title='bbox 458 4101 564 4174; x_wconf 80' lang='lat' dir='ltr'>forma,</span> <span class='ocrx_word' id='word_1_485' title='bbox 588 4117 664 4180; x_wconf 85' lang='lat' dir='ltr'>quae</span> <span class='ocrx_word' id='word_1_486' title='bbox 683 4099 854 4162; x_wconf 83' lang='lat' dir='ltr'>diiiereutia</span> <span class='ocrx_word' id='word_1_487' title='bbox 875 4098 1025 4178; x_wconf 83' lang='lat' dir='ltr'>specifica,</span> <span class='ocrx_word' id='word_1_488' title='bbox 1050 4098 1138 4178; x_wconf 87' lang='lat' dir='ltr'>plane</span> <span class='ocrx_word' id='word_1_489' title='bbox 1157 4097 1272 4176; x_wconf 89' lang='lat' dir='ltr'>ignoro.</span> <span class='ocrx_word' id='word_1_490' title='bbox 1303 4095 1423 4160; x_wconf 75' lang='lat' dir='ltr'>Dixerit</span> 
     </span>
    </p>

    <p class='ocr_par' dir='ltr' id='par_1_12' title="bbox 5 4181 1422 4268">
     <span class='ocr_line' id='line_1_47' title="bbox 83 4183 1422 4267; baseline -0.003 -17.22"><span class='ocrx_word' id='word_1_491' title='bbox 83 4183 190 4263; x_wconf 68' lang='lat' dir='ltr'>aliquis,</span> <span class='ocrx_word' id='word_1_492' title='bbox 212 4187 316 4252; x_wconf 85' lang='lat' dir='ltr'>inesse</span> <span class='ocrx_word' id='word_1_493' title='bbox 340 4189 471 4250; x_wconf 90' lang='lat' dir='ltr'>colorem</span> <span class='ocrx_word' id='word_1_494' title='bbox 494 4189 524 4250; x_wconf 94' lang='lat' dir='ltr'>in</span> <span class='ocrx_word' id='word_1_495' title='bbox 547 4189 677 4250; x_wconf 87' lang='lat' dir='ltr'>materia</span> <span class='ocrx_word' id='word_1_496' title='bbox 702 4186 861 4267; x_wconf 87' lang='lat' dir='ltr'>pellucidi‚</span> <span class='ocrx_word' id='word_1_497' title='bbox 889 4195 961 4248; x_wconf 88' lang='lat' dir='ltr'>tunc</span> <span class='ocrx_word' id='word_1_498' title='bbox 984 4187 1022 4248; x_wconf 89' lang='lat' dir='ltr'>ob</span> <span class='ocrx_word' id='word_1_499' title='bbox 1050 4187 1080 4248; x_wconf 93' lang='lat' dir='ltr'>id</span> <span class='ocrx_word' id='word_1_500' title='bbox 1103 4187 1202 4266; x_wconf 91' lang='lat' dir='ltr'>ipsum</span> <span class='ocrx_word' id='word_1_501' title='bbox 1225 4183 1296 4265; x_wconf 89' lang='lat' dir='ltr'>quie</span> <span class='ocrx_word' id='word_1_502' title='bbox 1322 4185 1422 4266; x_wconf 77' lang='lat' dir='ltr'>pallu-</span> 
     </span>
    </p>

    <p class='ocr_par' dir='ltr' id='par_1_13' title="bbox 5 4271 1423 4353">
     <span class='ocr_line' id='line_1_48' title="bbox 5 4271 1423 4353; baseline 0.001 -19"><span class='ocrx_word' id='word_1_503' title='bbox 5 4281 7 4326; x_wconf 73' lang='grc' dir='ltr'><em>ὲ</em></span> <span class='ocrx_word' id='word_1_504' title='bbox 83 4271 166 4336; x_wconf 84' lang='lat' dir='ltr'>cidem</span> <span class='ocrx_word' id='word_1_505' title='bbox 187 4295 247 4338; x_wconf 91' lang='lat' dir='ltr'>nou</span> <span class='ocrx_word' id='word_1_506' title='bbox 270 4276 496 4352; x_wconf 80' lang='lat' dir='ltr'>animadverti3</span> <span class='ocrx_word' id='word_1_507' title='bbox 520 4283 554 4338; x_wconf 88' lang='lat' dir='ltr'>at</span> <span class='ocrx_word' id='word_1_508' title='bbox 577 4277 642 4338; x_wconf 89' lang='lat' dir='ltr'>luce</span> <span class='ocrx_word' id='word_1_509' title='bbox 670 4283 846 4338; x_wconf 86' lang='lat' dir='ltr'>transeunte</span> <span class='ocrx_word' id='word_1_510' title='bbox 870 4275 981 4336; x_wconf 90' lang='lat' dir='ltr'>multos</span> <span class='ocrx_word' id='word_1_511' title='bbox 1009 4275 1109 4338; x_wconf 87' lang='lat' dir='ltr'>radios</span> <span class='ocrx_word' id='word_1_512' title='bbox 1132 4291 1187 4353; x_wconf 82' lang='lat' dir='ltr'>pes</span> <span class='ocrx_word' id='word_1_513' title='bbox 1214 4273 1337 4336; x_wconf 88' lang='lat' dir='ltr'>deusum</span> <span class='ocrx_word' id='word_1_514' title='bbox 1361 4274 1423 4342; x_wconf 84' lang='lat' dir='ltr'>late</span> 
     </span>
    </p>

    <p class='ocr_par' dir='ltr' id='par_1_14' title="bbox 5 4353 1424 4450">
     <span class='ocr_line' id='line_1_49' title="bbox 84 4360 1424 4445; baseline -0.001 -20.056"><span class='ocrx_word' id='word_1_515' title='bbox 84 4371 260 4428; x_wconf 78' lang='grc'><strong>6666666666</strong></span> <span class='ocrx_word' id='word_1_516' title='bbox 276 4365 429 4427; x_wconf 61' lang='lat' dir='ltr'>mactari</span> <span class='ocrx_word' id='word_1_517' title='bbox 445 4365 476 4426; x_wconf 91' lang='lat' dir='ltr'>in</span> <span class='ocrx_word' id='word_1_518' title='bbox 493 4383 584 4436; x_wconf 78' lang='lat' dir='ltr'>unum</span> <span class='ocrx_word' id='word_1_519' title='bbox 600 4373 743 4445; x_wconf 89' lang='lat' dir='ltr'>punctum</span> <span class='ocrx_word' id='word_1_520' title='bbox 763 4363 858 4444; x_wconf 85' lang='lat' dir='ltr'>qussi,</span> <span class='ocrx_word' id='word_1_521' title='bbox 879 4364 981 4442; x_wconf 90' lang='lat' dir='ltr'>itaque</span> <span class='ocrx_word' id='word_1_522' title='bbox 1000 4364 1058 4430; x_wconf 86' lang='lat' dir='ltr'>hac</span> <span class='ocrx_word' id='word_1_523' title='bbox 1080 4360 1244 4424; x_wconf 86' lang='lat' dir='ltr'>incidentia</span> <span class='ocrx_word' id='word_1_524' title='bbox 1265 4362 1424 4424; x_wconf 89' lang='lat' dir='ltr'>multomm</span> 
     </span>
    </p>

    <p class='ocr_par' dir='ltr' id='par_1_15' title="bbox 5 4448 1425 4534">
     <span class='ocr_line' id='line_1_50' title="bbox 5 4448 1425 4534; baseline 0.003 -25"><span class='ocrx_word' id='word_1_525' title='bbox 5 4459 6 4496; x_wconf 78' lang='lat'>1</span> <span class='ocrx_word' id='word_1_526' title='bbox 84 4449 222 4514; x_wconf 86' lang='lat' dir='ltr'>radiorum</span> <span class='ocrx_word' id='word_1_527' title='bbox 244 4453 275 4514; x_wconf 93' lang='lat' dir='ltr'>in</span> <span class='ocrx_word' id='word_1_528' title='bbox 301 4471 394 4517; x_wconf 80' lang='grc'><strong>66666</strong></span> <span class='ocrx_word' id='word_1_529' title='bbox 414 4463 557 4533; x_wconf 87' lang='lat' dir='ltr'>punctum</span> <span class='ocrx_word' id='word_1_530' title='bbox 579 4453 730 4534; x_wconf 80' lang='lat' dir='ltr'>praestari</span> <span class='ocrx_word' id='word_1_531' title='bbox 753 4451 935 4515; x_wconf 80' lang='lat' dir='ltr'>evidentiam</span> <span class='ocrx_word' id='word_1_532' title='bbox 958 4451 1069 4514; x_wconf 89' lang='lat' dir='ltr'>coloris</span> <span class='ocrx_word' id='word_1_533' title='bbox 1093 4448 1188 4523; x_wconf 86' lang='lat' dir='ltr'>densi,</span> <span class='ocrx_word' id='word_1_534' title='bbox 1212 4467 1301 4529; x_wconf 89' lang='lat' dir='ltr'>quem</span> <span class='ocrx_word' id='word_1_535' title='bbox 1323 4467 1425 4513; x_wconf 86' lang='lat' dir='ltr'>secum</span> 
     </span>
    </p>

    <p class='ocr_par' dir='ltr' id='par_1_16' title="bbox 5 4535 1426 4620">
     <span class='ocr_line' id='line_1_51' title="bbox 5 4535 1426 4620; baseline -0.003 -16"><span class='ocrx_word' id='word_1_536' title='bbox 5 4559 7 4604; x_wconf 62' lang='grc' dir='ltr'><strong>ἑ</strong></span> <span class='ocrx_word' id='word_1_537' title='bbox 85 4535 241 4604; x_wconf 65' lang='lat' dir='ltr'>ictum</span> <span class='ocrx_word' id='word_1_538' title='bbox 258 4539 352 4614; x_wconf 84' lang='lat' dir='ltr'>radii,</span> <span class='ocrx_word' id='word_1_539' title='bbox 383 4541 498 4620; x_wconf 87' lang='lat' dir='ltr'>qnando</span> <span class='ocrx_word' id='word_1_540' title='bbox 521 4543 645 4603; x_wconf 89' lang='lat' dir='ltr'>densum</span> <span class='ocrx_word' id='word_1_541' title='bbox 667 4541 918 4604; x_wconf 85' lang='lat' dir='ltr'>transmiserunt:</span> <span class='ocrx_word' id='word_1_542' title='bbox 946 4549 982 4601; x_wconf 91' lang='lat' dir='ltr'>ut</span> <span class='ocrx_word' id='word_1_543' title='bbox 1003 4540 1065 4615; x_wconf 87' lang='lat' dir='ltr'>ita,</span> <span class='ocrx_word' id='word_1_544' title='bbox 1084 4555 1219 4619; x_wconf 24' lang='lat' dir='ltr'>*quorum</span> <span class='ocrx_word' id='word_1_545' title='bbox 1242 4537 1426 4619; x_wconf 82' lang='lat' dir='ltr'>singulorum</span> 
     </span>
    </p>

    <p class='ocr_par' dir='ltr' id='par_1_17' title="bbox 5 4625 1427 4710">
     <span class='ocr_line' id='line_1_52' title="bbox 5 4625 1427 4710; baseline 0.005 -27"><span class='ocrx_word' id='word_1_546' title='bbox 5 4649 7 4694; x_wconf 51' lang='lat' dir='ltr'>p</span> <span class='ocrx_word' id='word_1_547' title='bbox 86 4625 233 4690; x_wconf 86' lang='grc'><strong>66166666</strong></span> <span class='ocrx_word' id='word_1_548' title='bbox 258 4637 444 4703; x_wconf 85' lang='lat' dir='ltr'>cerneretur,</span> <span class='ocrx_word' id='word_1_549' title='bbox 464 4630 636 4710; x_wconf 79' lang='lat' dir='ltr'>junctorum</span> <span class='ocrx_word' id='word_1_550' title='bbox 655 4637 806 4692; x_wconf 83' lang='grc'><strong>66666666.</strong></span> <span class='ocrx_word' id='word_1_551' title='bbox 843 4629 929 4690; x_wconf 81' lang='lat' dir='ltr'>Haec</span> <span class='ocrx_word' id='word_1_552' title='bbox 947 4628 991 4690; x_wconf 91' lang='lat' dir='ltr'>sic</span> <span class='ocrx_word' id='word_1_553' title='bbox 1014 4626 1220 4708; x_wconf 85' lang='lat' dir='ltr'>probabiliter,</span> <span class='ocrx_word' id='word_1_554' title='bbox 1241 4635 1273 4689; x_wconf 89' lang='grc'>66</span> <span class='ocrx_word' id='word_1_555' title='bbox 1285 4647 1427 4691; x_wconf 84' lang='lat' dir='ltr'>mensure</span> 
     </span>
    </p>

    <p class='ocr_par' dir='ltr' id='par_1_18' title="bbox 5 4712 1425 4797">
     <span class='ocr_line' id='line_1_53' title="bbox 5 4712 1425 4797; baseline 0.001 -19"><span class='ocrx_word' id='word_1_556' title='bbox 5 4715 7 4772; x_wconf 86' lang='lat' dir='ltr'>l</span> <span class='ocrx_word' id='word_1_557' title='bbox 87 4713 288 4779; x_wconf 70' lang='lat' dir='ltr'>amalonem</span> <span class='ocrx_word' id='word_1_558' title='bbox 313 4733 383 4777; x_wconf 83' lang='lat' dir='ltr'>sese</span> <span class='ocrx_word' id='word_1_559' title='bbox 406 4719 612 4792; x_wconf 72' lang='lat' dir='ltr'>accomodat</span> <span class='ocrx_word' id='word_1_560' title='bbox 632 4719 699 4781; x_wconf 87' lang='lat' dir='ltr'>huic</span> <span class='ocrx_word' id='word_1_561' title='bbox 723 4725 920 4797; x_wconf 83' lang='lat' dir='ltr'>argumento3</span> <span class='ocrx_word' id='word_1_562' title='bbox 944 4723 977 4777; x_wconf 92' lang='lat' dir='ltr'>at</span> <span class='ocrx_word' id='word_1_563' title='bbox 1000 4717 1043 4779; x_wconf 90' lang='lat' dir='ltr'>sic</span> <span class='ocrx_word' id='word_1_564' title='bbox 1066 4733 1125 4778; x_wconf 91' lang='lat' dir='ltr'>non</span> <span class='ocrx_word' id='word_1_565' title='bbox 1145 4712 1213 4794; x_wconf 92' lang='lat' dir='ltr'>plus</span> <span class='ocrx_word' id='word_1_566' title='bbox 1233 4734 1292 4777; x_wconf 89' lang='lat' dir='ltr'>uno</span> <span class='ocrx_word' id='word_1_567' title='bbox 1316 4717 1425 4790; x_wconf 90' lang='lat' dir='ltr'>colore,</span> 
     </span>
    </p>

    <p class='ocr_par' dir='ltr' id='par_1_19' title="bbox 5 4779 1427 4892">
     <span class='ocr_line' id='line_1_54' title="bbox 5 4779 1427 4892; baseline -0.002 -26"><span class='ocrx_word' id='word_1_568' title='bbox 5 4779 7 4892; x_wconf 69' lang='grc'><strong>1</strong></span> <span class='ocrx_word' id='word_1_569' title='bbox 86 4799 208 4866; x_wconf 68' lang='lat' dir='ltr'>duim</span> <span class='ocrx_word' id='word_1_570' title='bbox 235 4805 322 4867; x_wconf 83' lang='lat' dir='ltr'>iuste</span> <span class='ocrx_word' id='word_1_571' title='bbox 354 4805 504 4868; x_wconf 79' lang='lat' dir='ltr'>caeruleus</span> <span class='ocrx_word' id='word_1_572' title='bbox 531 4805 691 4871; x_wconf 85' lang='lat' dir='ltr'>obtinetur.</span> <span class='ocrx_word' id='word_1_573' title='bbox 739 4805 848 4868; x_wconf 83' lang='lat' dir='ltr'>Adbuc</span> <span class='ocrx_word' id='word_1_574' title='bbox 883 4803 975 4883; x_wconf 78' lang='lat' dir='ltr'>igitur</span> <span class='ocrx_word' id='word_1_575' title='bbox 1003 4804 1171 4885; x_wconf 85' lang='lat' dir='ltr'>quaeritur,</span> <span class='ocrx_word' id='word_1_576' title='bbox 1200 4803 1277 4866; x_wconf 91' lang='lat' dir='ltr'>uude</span> <span class='ocrx_word' id='word_1_577' title='bbox 1309 4803 1427 4869; x_wconf 86' lang='lat' dir='ltr'>ceteri?</span> 
     </span>
    </p>

    <p class='ocr_par' dir='ltr' id='par_1_20' title="bbox 5 4905 1216 4957">
     <span class='ocr_line' id='line_1_55' title="bbox 5 4905 1216 4957; baseline -0.002 -49"><span class='ocrx_word' id='word_1_578' title='bbox 5 4905 6 4908; x_wconf 74' lang='grc'><strong>,</strong></span> <span class='ocrx_word' id='word_1_579' title='bbox 1177 4905 1216 4957; x_wconf 81' lang='lat'>5*</span> 
     </span>
    </p>
   </div>
   <div class='ocr_carea' id='block_1_8' title="bbox 0 0 1738 5524">
    <p class='ocr_par' dir='ltr' id='par_1_21' title="bbox 0 0 1738 5524">
     <span class='ocr_line' id='line_1_56' title="bbox 0 0 1738 5524; baseline 0 0"><span class='ocrx_word' id='word_1_580' title='bbox 0 0 1738 5524; x_wconf 95' lang='lat' dir='ltr'> </span> 
     </span>
    </p>
   </div>
  </div>
 </body>
</html>
