<?xml version="1.0" encoding="UTF-8"?>
<!DOCTYPE html PUBLIC "-//W3C//DTD XHTML 1.0 Transitional//EN"
    "http://www.w3.org/TR/xhtml1/DTD/xhtml1-transitional.dtd">
<html xmlns="http://www.w3.org/1999/xhtml" xml:lang="en" lang="en">
 <head>
  <title>
</title>
<meta http-equiv="Content-Type" content="text/html;charset=utf-8" />
  <meta name='ocr-system' content='tesseract 3.04.00' />
  <meta name='ocr-capabilities' content='ocr_page ocr_carea ocr_par ocr_line ocrx_word'/>
</head>
<body>
  <div class='ocr_page' id='page_1' title='image "./joanniskepleria02unkngoog/joanniskepleria02unkngoog_0375.png"; bbox 0 0 3718 5528; ppageno 0'>
   <div class='ocr_carea' id='block_1_1' title="bbox 801 227 1172 302">
    <p class='ocr_par' dir='ltr' id='par_1_1' title="bbox 801 227 1172 302">
     <span class='ocr_line' id='line_1_1' title="bbox 801 227 1172 302; baseline 0.005 -18"><span class='ocrx_word' id='word_1_1' title='bbox 801 227 975 286; x_wconf 57' lang='lat' dir='ltr'>&amp;uouemus</span> <span class='ocrx_word' id='word_1_2' title='bbox 992 231 1055 286; x_wconf 81' lang='lat' dir='ltr'>Pars</span> <span class='ocrx_word' id='word_1_3' title='bbox 1073 233 1172 302; x_wconf 75' lang='lat' dir='ltr'>opaea.</span> 
     </span>
    </p>
   </div>
   <div class='ocr_carea' id='block_1_2' title="bbox 313 410 1680 4599">
    <p class='ocr_par' dir='ltr' id='par_1_2' title="bbox 736 410 1674 1368">
     <span class='ocr_line' id='line_1_2' title="bbox 737 410 1669 492; baseline 0.006 -16"><span class='ocrx_word' id='word_1_4' title='bbox 737 430 808 492; x_wconf 90' lang='lat' dir='ltr'>ergo</span> <span class='ocrx_word' id='word_1_5' title='bbox 822 411 881 474; x_wconf 89' lang='lat' dir='ltr'>KL</span> <span class='ocrx_word' id='word_1_6' title='bbox 904 410 1028 475; x_wconf 84' lang='lat' dir='ltr'>visionis</span> <span class='ocrx_word' id='word_1_7' title='bbox 1051 411 1192 478; x_wconf 75' lang='lat' dir='ltr'>ciculum</span> <span class='ocrx_word' id='word_1_8' title='bbox 1214 414 1344 482; x_wconf 71' lang='lat' dir='ltr'>cuculus</span> <span class='ocrx_word' id='word_1_9' title='bbox 1366 415 1596 482; x_wconf 67' lang='lat' dir='ltr'>illuminationis</span> <span class='ocrx_word' id='word_1_10' title='bbox 1610 414 1669 482; x_wconf 82' lang='lat' dir='ltr'>FG</span> 
     </span>
     <span class='ocr_line' id='line_1_3' title="bbox 736 501 1669 583; baseline 0.008 -18"><span class='ocrx_word' id='word_1_11' title='bbox 736 504 767 566; x_wconf 95' lang='lat' dir='ltr'>iu</span> <span class='ocrx_word' id='word_1_12' title='bbox 790 509 902 583; x_wconf 85' lang='lat' dir='ltr'>puncto</span> <span class='ocrx_word' id='word_1_13' title='bbox 934 501 1015 563; x_wconf 89' lang='lat' dir='ltr'>ultra</span> <span class='ocrx_word' id='word_1_14' title='bbox 1037 502 1072 565; x_wconf 91' lang='lat' dir='ltr'><strong>M</strong></span> <span class='ocrx_word' id='word_1_15' title='bbox 1094 521 1200 566; x_wconf 88' lang='lat' dir='ltr'>versus</span> <span class='ocrx_word' id='word_1_16' title='bbox 1223 504 1267 581; x_wconf 88' lang='lat' dir='ltr'>L,</span> <span class='ocrx_word' id='word_1_17' title='bbox 1299 505 1331 568; x_wconf 92' lang='lat' dir='ltr'>id</span> <span class='ocrx_word' id='word_1_18' title='bbox 1354 506 1397 570; x_wconf 88' lang='lat' dir='ltr'>sit</span> <span class='ocrx_word' id='word_1_19' title='bbox 1417 508 1444 570; x_wconf 91' lang='lat'>1.</span> <span class='ocrx_word' id='word_1_20' title='bbox 1489 506 1568 570; x_wconf 78' lang='lat' dir='ltr'>Asis</span> <span class='ocrx_word' id='word_1_21' title='bbox 1596 527 1669 572; x_wconf 88' lang='lat' dir='ltr'>varo</span> 
     </span>
     <span class='ocr_line' id='line_1_4' title="bbox 736 589 1670 670; baseline 0.012 -20"><span class='ocrx_word' id='word_1_22' title='bbox 736 591 862 654; x_wconf 76' lang='lat' dir='ltr'>visionis</span> <span class='ocrx_word' id='word_1_23' title='bbox 885 591 946 654; x_wconf 86' lang='lat' dir='ltr'>HA</span> <span class='ocrx_word' id='word_1_24' title='bbox 968 599 1053 654; x_wconf 87' lang='lat' dir='ltr'>secet</span> <span class='ocrx_word' id='word_1_25' title='bbox 1073 589 1130 654; x_wconf 84' lang='lat' dir='ltr'>FG</span> <span class='ocrx_word' id='word_1_26' title='bbox 1154 592 1185 654; x_wconf 94' lang='lat' dir='ltr'>in</span> <span class='ocrx_word' id='word_1_27' title='bbox 1207 594 1253 670; x_wconf 89' lang='lat' dir='ltr'>N,</span> <span class='ocrx_word' id='word_1_28' title='bbox 1286 603 1320 658; x_wconf 85' lang='lat' dir='ltr'>et</span> <span class='ocrx_word' id='word_1_29' title='bbox 1342 595 1408 658; x_wconf 87' lang='lat' dir='ltr'>axis</span> <span class='ocrx_word' id='word_1_30' title='bbox 1440 597 1670 661; x_wconf 74' lang='lat' dir='ltr'>illuminationis</span> 
     </span>
     <span class='ocr_line' id='line_1_5' title="bbox 736 680 1670 767; baseline 0.006 -25"><span class='ocrx_word' id='word_1_31' title='bbox 736 680 795 742; x_wconf 85' lang='lat' dir='ltr'>EA</span> <span class='ocrx_word' id='word_1_32' title='bbox 825 681 952 743; x_wconf 89' lang='lat' dir='ltr'>eandem</span> <span class='ocrx_word' id='word_1_33' title='bbox 988 686 1073 744; x_wconf 87' lang='lat' dir='ltr'>secet</span> <span class='ocrx_word' id='word_1_34' title='bbox 1103 681 1134 745; x_wconf 91' lang='lat' dir='ltr'>in</span> <span class='ocrx_word' id='word_1_35' title='bbox 1165 681 1205 746; x_wconf 88' lang='lat' dir='ltr'>R.</span> <span class='ocrx_word' id='word_1_36' title='bbox 1258 683 1355 764; x_wconf 80' lang='lat' dir='ltr'>Igitur</span> <span class='ocrx_word' id='word_1_37' title='bbox 1388 685 1415 748; x_wconf 89' lang='lat' dir='ltr'>si</span> <span class='ocrx_word' id='word_1_38' title='bbox 1450 704 1543 749; x_wconf 88' lang='lat' dir='ltr'>comu</span> <span class='ocrx_word' id='word_1_39' title='bbox 1579 687 1670 767; x_wconf 88' lang='lat' dir='ltr'>plane</span> 
     </span>
     <span class='ocr_line' id='line_1_6' title="bbox 737 767 1671 855; baseline 0.004 -23"><span class='ocrx_word' id='word_1_40' title='bbox 737 788 830 850; x_wconf 91' lang='lat' dir='ltr'>usque</span> <span class='ocrx_word' id='word_1_41' title='bbox 853 769 884 830; x_wconf 91' lang='lat' dir='ltr'>in</span> <span class='ocrx_word' id='word_1_42' title='bbox 907 769 937 832; x_wconf 89' lang='lat' dir='ltr'>N</span> <span class='ocrx_word' id='word_1_43' title='bbox 959 767 1145 849; x_wconf 79' lang='lat' dir='ltr'>pertigisset,</span> <span class='ocrx_word' id='word_1_44' title='bbox 1170 791 1246 852; x_wconf 88' lang='lat' dir='ltr'>quae</span> <span class='ocrx_word' id='word_1_45' title='bbox 1270 791 1324 853; x_wconf 88' lang='lat' dir='ltr'>per</span> <span class='ocrx_word' id='word_1_46' title='bbox 1345 774 1376 838; x_wconf 89' lang='lat' dir='ltr'>N</span> <span class='ocrx_word' id='word_1_47' title='bbox 1398 775 1510 838; x_wconf 76' lang='lat' dir='ltr'>transit</span> <span class='ocrx_word' id='word_1_48' title='bbox 1532 776 1592 855; x_wconf 90' lang='lat' dir='ltr'>ipsi</span> <span class='ocrx_word' id='word_1_49' title='bbox 1612 775 1671 837; x_wconf 84' lang='lat' dir='ltr'>Kh</span> 
     </span>
     <span class='ocr_line' id='line_1_7' title="bbox 739 857 1672 943; baseline 0.006 -21"><span class='ocrx_word' id='word_1_50' title='bbox 739 859 944 939; x_wconf 78' lang='lat' dir='ltr'>aequidistans</span> <span class='ocrx_word' id='word_1_51' title='bbox 963 865 996 920; x_wconf 89' lang='lat' dir='ltr'>et</span> <span class='ocrx_word' id='word_1_52' title='bbox 1017 857 1163 922; x_wconf 89' lang='lat' dir='ltr'>visionem</span> <span class='ocrx_word' id='word_1_53' title='bbox 1185 870 1428 943; x_wconf 88' lang='lat' dir='ltr'>repraesentans,</span> <span class='ocrx_word' id='word_1_54' title='bbox 1453 864 1550 928; x_wconf 89' lang='lat' dir='ltr'>minor</span> <span class='ocrx_word' id='word_1_55' title='bbox 1569 865 1672 928; x_wconf 81' lang='lat' dir='ltr'>futura</span> 
     </span>
     <span class='ocr_line' id='line_1_8' title="bbox 739 945 1671 1028; baseline 0.005 -17"><span class='ocrx_word' id='word_1_56' title='bbox 739 947 795 1012; x_wconf 89' lang='lat' dir='ltr'>luit</span> <span class='ocrx_word' id='word_1_57' title='bbox 818 967 906 1028; x_wconf 90' lang='lat' dir='ltr'>quam</span> <span class='ocrx_word' id='word_1_58' title='bbox 929 945 987 1010; x_wconf 81' lang='lat' dir='ltr'>NG</span> <span class='ocrx_word' id='word_1_59' title='bbox 1010 946 1196 1013; x_wconf 86' lang='lat' dir='ltr'>illuminatio.</span> <span class='ocrx_word' id='word_1_60' title='bbox 1236 950 1315 1014; x_wconf 91' lang='lat' dir='ltr'>Nam</span> <span class='ocrx_word' id='word_1_61' title='bbox 1334 951 1395 1016; x_wconf 88' lang='lat' dir='ltr'>AN</span> <span class='ocrx_word' id='word_1_62' title='bbox 1417 953 1563 1016; x_wconf 88' lang='lat' dir='ltr'>subtsnsa</span> <span class='ocrx_word' id='word_1_63' title='bbox 1585 962 1671 1017; x_wconf 86' lang='lat' dir='ltr'>recto</span> 
     </span>
     <span class='ocr_line' id='line_1_9' title="bbox 738 1035 1669 1123; baseline 0.004 -23"><span class='ocrx_word' id='word_1_64' title='bbox 738 1035 829 1100; x_wconf 86' lang='lat' dir='ltr'>ARN</span> <span class='ocrx_word' id='word_1_65' title='bbox 864 1035 982 1116; x_wconf 88' lang='lat' dir='ltr'>longior</span> <span class='ocrx_word' id='word_1_66' title='bbox 1009 1044 1059 1099; x_wconf 89' lang='lat' dir='ltr'>est</span> <span class='ocrx_word' id='word_1_67' title='bbox 1087 1057 1176 1119; x_wconf 88' lang='lat' dir='ltr'>quam</span> <span class='ocrx_word' id='word_1_68' title='bbox 1205 1038 1281 1115; x_wconf 87' lang='lat' dir='ltr'>AR,</span> <span class='ocrx_word' id='word_1_69' title='bbox 1311 1040 1439 1104; x_wconf 87' lang='lat' dir='ltr'>circulus</span> <span class='ocrx_word' id='word_1_70' title='bbox 1470 1061 1542 1122; x_wconf 85' lang='lat' dir='ltr'>ergo</span> <span class='ocrx_word' id='word_1_71' title='bbox 1563 1061 1617 1123; x_wconf 90' lang='lat' dir='ltr'>per</span> <span class='ocrx_word' id='word_1_72' title='bbox 1640 1043 1669 1104; x_wconf 96' lang='lat' dir='ltr'>N</span> 
     </span>
     <span class='ocr_line' id='line_1_10' title="bbox 739 1125 1671 1210; baseline 0.011 -22"><span class='ocrx_word' id='word_1_73' title='bbox 739 1125 807 1206; x_wconf 90' lang='lat' dir='ltr'>plus</span> <span class='ocrx_word' id='word_1_74' title='bbox 840 1125 878 1188; x_wconf 87' lang='lat' dir='ltr'>ab</span> <span class='ocrx_word' id='word_1_75' title='bbox 907 1125 939 1188; x_wconf 87' lang='lat' dir='ltr'>A</span> <span class='ocrx_word' id='word_1_76' title='bbox 968 1132 1072 1189; x_wconf 86' lang='lat' dir='ltr'>cantro</span> <span class='ocrx_word' id='word_1_77' title='bbox 1105 1127 1288 1204; x_wconf 85' lang='lat' dir='ltr'>distitisset,</span> <span class='ocrx_word' id='word_1_78' title='bbox 1319 1148 1407 1210; x_wconf 88' lang='lat' dir='ltr'>quam</span> <span class='ocrx_word' id='word_1_79' title='bbox 1437 1130 1565 1194; x_wconf 90' lang='lat' dir='ltr'>circulus</span> <span class='ocrx_word' id='word_1_80' title='bbox 1602 1130 1671 1199; x_wconf 76' lang='lat' dir='ltr'>EG,</span> 
     </span>
     <span class='ocr_line' id='line_1_11' title="bbox 740 1214 1674 1300; baseline 0.004 -22"><span class='ocrx_word' id='word_1_81' title='bbox 740 1234 832 1297; x_wconf 89' lang='lat' dir='ltr'>quare</span> <span class='ocrx_word' id='word_1_82' title='bbox 856 1214 951 1276; x_wconf 89' lang='lat' dir='ltr'>minor</span> <span class='ocrx_word' id='word_1_83' title='bbox 974 1215 1097 1291; x_wconf 82' lang='lat' dir='ltr'>fuisset,</span> <span class='ocrx_word' id='word_1_84' title='bbox 1122 1237 1190 1282; x_wconf 89' lang='lat' dir='ltr'>cum</span> <span class='ocrx_word' id='word_1_85' title='bbox 1212 1218 1262 1300; x_wconf 92' lang='lat' dir='ltr'>qui</span> <span class='ocrx_word' id='word_1_86' title='bbox 1285 1237 1339 1299; x_wconf 89' lang='lat' dir='ltr'>per</span> <span class='ocrx_word' id='word_1_87' title='bbox 1367 1227 1503 1284; x_wconf 86' lang='lat' dir='ltr'>centrum</span> <span class='ocrx_word' id='word_1_88' title='bbox 1525 1222 1608 1283; x_wconf 92' lang='lat' dir='ltr'>solus</span> <span class='ocrx_word' id='word_1_89' title='bbox 1631 1219 1674 1284; x_wconf 90' lang='lat' dir='ltr'>sit</span> 
     </span>
     <span class='ocr_line' id='line_1_12' title="bbox 740 1319 1052 1368; baseline 0.003 -1"><span class='ocrx_word' id='word_1_90' title='bbox 740 1323 870 1368; x_wconf 80' lang='lat' dir='ltr'>omnium</span> <span class='ocrx_word' id='word_1_91' title='bbox 893 1319 1052 1368; x_wconf 81' lang='lat' dir='ltr'>maxumus.</span> 
     </span>
    </p>

    <p class='ocr_par' dir='ltr' id='par_1_3' title="bbox 739 1392 1678 2187">
     <span class='ocr_line' id='line_1_13' title="bbox 828 1392 1672 1479; baseline 0.006 -23"><span class='ocrx_word' id='word_1_92' title='bbox 828 1392 898 1456; x_wconf 87' lang='lat' dir='ltr'>Jam</span> <span class='ocrx_word' id='word_1_93' title='bbox 921 1411 993 1456; x_wconf 85' lang='lat' dir='ltr'>vero</span> <span class='ocrx_word' id='word_1_94' title='bbox 1017 1392 1169 1456; x_wconf 88' lang='lat' dir='ltr'>dimidium</span> <span class='ocrx_word' id='word_1_95' title='bbox 1194 1412 1286 1458; x_wconf 89' lang='lat' dir='ltr'>eornu</span> <span class='ocrx_word' id='word_1_96' title='bbox 1304 1415 1364 1458; x_wconf 93' lang='lat' dir='ltr'>non</span> <span class='ocrx_word' id='word_1_97' title='bbox 1387 1414 1481 1477; x_wconf 88' lang='lat' dir='ltr'>usquo</span> <span class='ocrx_word' id='word_1_98' title='bbox 1500 1398 1575 1461; x_wconf 93' lang='lat' dir='ltr'>iuN</span> <span class='ocrx_word' id='word_1_99' title='bbox 1598 1417 1672 1479; x_wconf 90' lang='lat' dir='ltr'>per-</span> 
     </span>
     <span class='ocr_line' id='line_1_14' title="bbox 739 1482 1674 1564; baseline 0.004 -18"><span class='ocrx_word' id='word_1_100' title='bbox 739 1483 892 1563; x_wconf 76' lang='lat' dir='ltr'>tmgebat,</span> <span class='ocrx_word' id='word_1_101' title='bbox 925 1488 960 1544; x_wconf 92' lang='lat' dir='ltr'>ut</span> <span class='ocrx_word' id='word_1_102' title='bbox 987 1482 1163 1564; x_wconf 75' lang='lat' dir='ltr'>quadrantis</span> <span class='ocrx_word' id='word_1_103' title='bbox 1191 1483 1378 1564; x_wconf 88' lang='lat' dir='ltr'>longitudine</span> <span class='ocrx_word' id='word_1_104' title='bbox 1406 1495 1593 1562; x_wconf 87' lang='lat' dir='ltr'>cerneretur,</span> <span class='ocrx_word' id='word_1_105' title='bbox 1618 1487 1674 1550; x_wconf 88' lang='lat' dir='ltr'>sed</span> 
     </span>
     <span class='ocr_line' id='line_1_15' title="bbox 739 1569 1676 1652; baseline 0.001 -15"><span class='ocrx_word' id='word_1_106' title='bbox 739 1574 770 1637; x_wconf 92' lang='lat' dir='ltr'>in</span> <span class='ocrx_word' id='word_1_107' title='bbox 802 1573 819 1635; x_wconf 96' lang='lat' dir='ltr'>I</span> <span class='ocrx_word' id='word_1_108' title='bbox 851 1569 973 1634; x_wconf 80' lang='lat' dir='ltr'>deiecit.</span> <span class='ocrx_word' id='word_1_109' title='bbox 1026 1570 1128 1644; x_wconf 86' lang='lat' dir='ltr'>Quare</span> <span class='ocrx_word' id='word_1_110' title='bbox 1160 1571 1253 1636; x_wconf 85' lang='lat' dir='ltr'>KML</span> <span class='ocrx_word' id='word_1_111' title='bbox 1284 1572 1401 1652; x_wconf 85' lang='lat' dir='ltr'>longius</span> <span class='ocrx_word' id='word_1_112' title='bbox 1435 1574 1473 1638; x_wconf 90' lang='lat' dir='ltr'>ab</span> <span class='ocrx_word' id='word_1_113' title='bbox 1497 1575 1529 1638; x_wconf 91' lang='lat' dir='ltr'>A</span> <span class='ocrx_word' id='word_1_114' title='bbox 1561 1575 1676 1639; x_wconf 90' lang='lat' dir='ltr'>distitit</span> 
     </span>
     <span class='ocr_line' id='line_1_16' title="bbox 741 1659 1674 1746; baseline -0.001 -20"><span class='ocrx_word' id='word_1_115' title='bbox 741 1680 829 1743; x_wconf 87' lang='lat' dir='ltr'>quam</span> <span class='ocrx_word' id='word_1_116' title='bbox 853 1659 897 1735; x_wconf 90' lang='lat' dir='ltr'>N,</span> <span class='ocrx_word' id='word_1_117' title='bbox 926 1659 1020 1722; x_wconf 90' lang='lat' dir='ltr'>multo</span> <span class='ocrx_word' id='word_1_118' title='bbox 1048 1661 1140 1741; x_wconf 86' lang='lat' dir='ltr'>igitur</span> <span class='ocrx_word' id='word_1_119' title='bbox 1167 1660 1264 1724; x_wconf 90' lang='lat' dir='ltr'>minor</span> <span class='ocrx_word' id='word_1_120' title='bbox 1291 1661 1349 1724; x_wconf 82' lang='lat' dir='ltr'>fuit</span> <span class='ocrx_word' id='word_1_121' title='bbox 1371 1681 1460 1743; x_wconf 88' lang='lat' dir='ltr'>quam</span> <span class='ocrx_word' id='word_1_122' title='bbox 1483 1665 1533 1745; x_wconf 90' lang='lat' dir='ltr'>qni</span> <span class='ocrx_word' id='word_1_123' title='bbox 1555 1683 1610 1746; x_wconf 89' lang='lat' dir='ltr'>per</span> <span class='ocrx_word' id='word_1_124' title='bbox 1633 1666 1674 1728; x_wconf 93' lang='lat' dir='ltr'>N.</span> 
     </span>
     <span class='ocr_line' id='line_1_17' title="bbox 741 1749 1676 1830; baseline 0.003 -17"><span class='ocrx_word' id='word_1_125' title='bbox 741 1750 842 1814; x_wconf 90' lang='lat' dir='ltr'>Minor</span> <span class='ocrx_word' id='word_1_126' title='bbox 863 1767 937 1812; x_wconf 83' lang='lat' dir='ltr'>vero</span> <span class='ocrx_word' id='word_1_127' title='bbox 960 1755 992 1810; x_wconf 91' lang='lat' dir='ltr'>et</span> <span class='ocrx_word' id='word_1_128' title='bbox 1020 1750 1070 1830; x_wconf 92' lang='lat' dir='ltr'>qui</span> <span class='ocrx_word' id='word_1_129' title='bbox 1092 1769 1147 1830; x_wconf 89' lang='lat' dir='ltr'>per</span> <span class='ocrx_word' id='word_1_130' title='bbox 1168 1751 1198 1815; x_wconf 96' lang='lat' dir='ltr'>N</span> <span class='ocrx_word' id='word_1_131' title='bbox 1221 1750 1332 1814; x_wconf 77' lang='lat' dir='ltr'>cuculo</span> <span class='ocrx_word' id='word_1_132' title='bbox 1358 1749 1418 1816; x_wconf 81' lang='lat' dir='ltr'>FG</span> <span class='ocrx_word' id='word_1_133' title='bbox 1446 1752 1676 1827; x_wconf 85' lang='lat' dir='ltr'>illuminatorio,</span> 
     </span>
     <span class='ocr_line' id='line_1_18' title="bbox 743 1837 1677 1919; baseline 0.004 -16"><span class='ocrx_word' id='word_1_134' title='bbox 743 1839 835 1903; x_wconf 92' lang='lat' dir='ltr'>multo</span> <span class='ocrx_word' id='word_1_135' title='bbox 868 1837 960 1919; x_wconf 89' lang='lat' dir='ltr'>igitur</span> <span class='ocrx_word' id='word_1_136' title='bbox 992 1838 1089 1902; x_wconf 88' lang='lat' dir='ltr'>minor</span> <span class='ocrx_word' id='word_1_137' title='bbox 1110 1838 1169 1902; x_wconf 87' lang='lat' dir='ltr'>KL</span> <span class='ocrx_word' id='word_1_138' title='bbox 1191 1839 1320 1903; x_wconf 90' lang='lat' dir='ltr'>visorius</span> <span class='ocrx_word' id='word_1_139' title='bbox 1342 1839 1569 1907; x_wconf 82' lang='lat' dir='ltr'>illuminatoria.</span> <span class='ocrx_word' id='word_1_140' title='bbox 1616 1843 1677 1906; x_wconf 86' lang='lat' dir='ltr'>Per</span> 
     </span>
     <span class='ocr_line' id='line_1_19' title="bbox 742 1925 1677 2013; baseline 0.004 -21"><span class='ocrx_word' id='word_1_141' title='bbox 742 1925 795 1994; x_wconf 76' lang='lat'>24.</span> <span class='ocrx_word' id='word_1_142' title='bbox 830 1947 901 1990; x_wconf 92' lang='lat' dir='ltr'>vero</span> <span class='ocrx_word' id='word_1_143' title='bbox 932 1928 1088 1991; x_wconf 73' lang='lat' dir='ltr'>theorema</span> <span class='ocrx_word' id='word_1_144' title='bbox 1117 1926 1295 2008; x_wconf 87' lang='lat' dir='ltr'>Optioorum</span> <span class='ocrx_word' id='word_1_145' title='bbox 1316 1927 1463 2007; x_wconf 82' lang='lat' dir='ltr'>Euclidis,</span> <span class='ocrx_word' id='word_1_146' title='bbox 1498 1932 1677 2013; x_wconf 88' lang='lat' dir='ltr'>quominus</span> 
     </span>
     <span class='ocr_line' id='line_1_20' title="bbox 744 2017 1676 2101; baseline 0.003 -20"><span class='ocrx_word' id='word_1_147' title='bbox 744 2020 781 2081; x_wconf 87' lang='lat' dir='ltr'>de</span> <span class='ocrx_word' id='word_1_148' title='bbox 796 2017 886 2098; x_wconf 84' lang='lat' dir='ltr'>globo</span> <span class='ocrx_word' id='word_1_149' title='bbox 910 2025 1074 2098; x_wconf 84' lang='lat' dir='ltr'>spectatur,</span> <span class='ocrx_word' id='word_1_150' title='bbox 1099 2017 1155 2080; x_wconf 91' lang='lat' dir='ltr'>hoo</span> <span class='ocrx_word' id='word_1_151' title='bbox 1170 2018 1265 2099; x_wconf 84' lang='lat' dir='ltr'>major</span> <span class='ocrx_word' id='word_1_152' title='bbox 1284 2027 1413 2099; x_wconf 86' lang='lat' dir='ltr'>apparet</span> <span class='ocrx_word' id='word_1_153' title='bbox 1431 2020 1495 2101; x_wconf 87' lang='lat' dir='ltr'>ejus</span> <span class='ocrx_word' id='word_1_154' title='bbox 1515 2022 1676 2086; x_wconf 81' lang='lat' dir='ltr'>diameter.</span> 
     </span>
     <span class='ocr_line' id='line_1_21' title="bbox 742 2103 1678 2187; baseline 0.004 -16"><span class='ocrx_word' id='word_1_155' title='bbox 742 2109 785 2171; x_wconf 79' lang='lat' dir='ltr'>Et</span> <span class='ocrx_word' id='word_1_156' title='bbox 817 2124 909 2187; x_wconf 90' lang='lat' dir='ltr'>supra</span> <span class='ocrx_word' id='word_1_157' title='bbox 941 2106 1090 2187; x_wconf 90' lang='lat' dir='ltr'>cap.V1.</span> <span class='ocrx_word' id='word_1_158' title='bbox 1125 2105 1198 2169; x_wconf 90' lang='lat' dir='ltr'>Nro.</span> <span class='ocrx_word' id='word_1_159' title='bbox 1224 2103 1254 2170; x_wconf 85' lang='lat'>3.</span> <span class='ocrx_word' id='word_1_160' title='bbox 1280 2109 1538 2184; x_wconf 86' lang='lat' dir='ltr'>demonstratum,</span> <span class='ocrx_word' id='word_1_161' title='bbox 1569 2111 1596 2174; x_wconf 88' lang='lat' dir='ltr'>si</span> <span class='ocrx_word' id='word_1_162' title='bbox 1618 2111 1678 2174; x_wconf 86' lang='lat' dir='ltr'>KL</span> 
     </span>
    </p>

    <p class='ocr_par' dir='ltr' id='par_1_4' title="bbox 313 2193 1680 4599">
     <span class='ocr_line' id='line_1_22' title="bbox 693 2193 1679 2299; baseline 0.006 -41"><span class='ocrx_word' id='word_1_163' title='bbox 693 2258 711 2299; x_wconf 49' lang='grc' dir='ltr'><strong>ι</strong></span> <span class='ocrx_word' id='word_1_164' title='bbox 743 2195 871 2259; x_wconf 89' lang='lat' dir='ltr'>visorins</span> <span class='ocrx_word' id='word_1_165' title='bbox 904 2202 937 2258; x_wconf 92' lang='lat' dir='ltr'>et</span> <span class='ocrx_word' id='word_1_166' title='bbox 958 2193 1016 2258; x_wconf 83' lang='lat' dir='ltr'>FG</span> <span class='ocrx_word' id='word_1_167' title='bbox 1045 2195 1275 2260; x_wconf 84' lang='lat' dir='ltr'>illuminatorius</span> <span class='ocrx_word' id='word_1_168' title='bbox 1304 2197 1539 2277; x_wconf 87' lang='lat' dir='ltr'>coincidisseot,</span> <span class='ocrx_word' id='word_1_169' title='bbox 1570 2201 1679 2264; x_wconf 86' lang='lat' dir='ltr'>eodem</span> 
     </span>
     <span class='ocr_line' id='line_1_23' title="bbox 697 2284 1677 2370; baseline 0.004 -22"><span class='ocrx_word' id='word_1_170' title='bbox 697 2319 713 2369; x_wconf 59' lang='lat' dir='ltr'>q</span> <span class='ocrx_word' id='word_1_171' title='bbox 744 2285 853 2366; x_wconf 88' lang='lat' dir='ltr'>angulo</span> <span class='ocrx_word' id='word_1_172' title='bbox 877 2291 1049 2365; x_wconf 86' lang='lat' dir='ltr'>spectatum</span> <span class='ocrx_word' id='word_1_173' title='bbox 1072 2284 1204 2348; x_wconf 88' lang='lat' dir='ltr'>futurum</span> <span class='ocrx_word' id='word_1_174' title='bbox 1219 2285 1313 2350; x_wconf 79' lang='lat' dir='ltr'>fuisse</span> <span class='ocrx_word' id='word_1_175' title='bbox 1337 2295 1493 2370; x_wconf 86' lang='lat' dir='ltr'>utrumque</span> <span class='ocrx_word' id='word_1_176' title='bbox 1518 2290 1677 2354; x_wconf 89' lang='lat' dir='ltr'>luminare.</span> 
     </span>
     <span class='ocr_line' id='line_1_24' title="bbox 510 2374 1680 2461; baseline 0.013 -34"><span class='ocrx_word' id='word_1_177' title='bbox 510 2380 564 2439; x_wconf 56' lang='lat' dir='ltr'>ta·</span> <span class='ocrx_word' id='word_1_178' title='bbox 694 2383 713 2434; x_wconf 79' lang='lat' dir='ltr'>s</span> <span class='ocrx_word' id='word_1_179' title='bbox 744 2377 826 2456; x_wconf 83' lang='lat' dir='ltr'>Ergo</span> <span class='ocrx_word' id='word_1_180' title='bbox 851 2374 921 2456; x_wconf 87' lang='lat' dir='ltr'>quia</span> <span class='ocrx_word' id='word_1_181' title='bbox 948 2374 1013 2454; x_wconf 89' lang='lat' dir='ltr'>jam</span> <span class='ocrx_word' id='word_1_182' title='bbox 1037 2374 1121 2437; x_wconf 83' lang='lat' dir='ltr'>KTL</span> <span class='ocrx_word' id='word_1_183' title='bbox 1144 2374 1240 2439; x_wconf 92' lang='lat' dir='ltr'>minor</span> <span class='ocrx_word' id='word_1_184' title='bbox 1263 2383 1311 2439; x_wconf 88' lang='lat' dir='ltr'>est</span> <span class='ocrx_word' id='word_1_185' title='bbox 1342 2395 1432 2458; x_wconf 91' lang='lat' dir='ltr'>quam</span> <span class='ocrx_word' id='word_1_186' title='bbox 1456 2377 1549 2453; x_wconf 83' lang='lat' dir='ltr'>FTG,</span> <span class='ocrx_word' id='word_1_187' title='bbox 1580 2379 1680 2461; x_wconf 84' lang='lat' dir='ltr'>major</span> 
     </span>
     <span class='ocr_line' id='line_1_25' title="bbox 743 2464 1677 2551; baseline 0.005 -24"><span class='ocrx_word' id='word_1_188' title='bbox 743 2465 835 2546; x_wconf 86' lang='lat' dir='ltr'>igitur</span> <span class='ocrx_word' id='word_1_189' title='bbox 864 2464 1012 2526; x_wconf 79' lang='lat' dir='ltr'>diameter</span> <span class='ocrx_word' id='word_1_190' title='bbox 1041 2483 1189 2546; x_wconf 87' lang='lat' dir='ltr'>apparens</span> <span class='ocrx_word' id='word_1_191' title='bbox 1212 2465 1317 2528; x_wconf 87' lang='lat' dir='ltr'>Lunae</span> <span class='ocrx_word' id='word_1_192' title='bbox 1347 2485 1437 2547; x_wconf 89' lang='lat' dir='ltr'>qnam</span> <span class='ocrx_word' id='word_1_193' title='bbox 1459 2465 1559 2540; x_wconf 88' lang='lat' dir='ltr'>Solis,</span> <span class='ocrx_word' id='word_1_194' title='bbox 1586 2469 1677 2551; x_wconf 90' lang='lat' dir='ltr'>idque</span> 
     </span>
     <span class='ocr_line' id='line_1_26' title="bbox 744 2552 1527 2636; baseline 0 -18"><span class='ocrx_word' id='word_1_195' title='bbox 744 2552 928 2618; x_wconf 89' lang='lat' dir='ltr'>sensibiliter</span> <span class='ocrx_word' id='word_1_196' title='bbox 951 2553 1052 2627; x_wconf 86' lang='lat' dir='ltr'>valde,</span> <span class='ocrx_word' id='word_1_197' title='bbox 1074 2553 1209 2635; x_wconf 87' lang='lat' dir='ltr'>quamvis</span> <span class='ocrx_word' id='word_1_198' title='bbox 1232 2573 1326 2636; x_wconf 86' lang='lat' dir='ltr'>prope</span> <span class='ocrx_word' id='word_1_199' title='bbox 1350 2573 1527 2635; x_wconf 80' lang='lat' dir='ltr'>apogaeum.</span> 
     </span>
     <span class='ocr_line' id='line_1_27' title="bbox 831 2640 1677 2728; baseline 0.009 -24"><span class='ocrx_word' id='word_1_200' title='bbox 831 2640 902 2704; x_wconf 81' lang='lat' dir='ltr'>lam</span> <span class='ocrx_word' id='word_1_201' title='bbox 925 2649 963 2707; x_wconf 83' lang='lat' dir='ltr'>ut</span> <span class='ocrx_word' id='word_1_202' title='bbox 981 2643 1138 2706; x_wconf 87' lang='lat' dir='ltr'>theorema</span> <span class='ocrx_word' id='word_1_203' title='bbox 1159 2643 1325 2723; x_wconf 85' lang='lat' dir='ltr'>perlectum</span> <span class='ocrx_word' id='word_1_204' title='bbox 1350 2645 1405 2720; x_wconf 89' lang='lat' dir='ltr'>sit,</span> <span class='ocrx_word' id='word_1_205' title='bbox 1434 2654 1517 2722; x_wconf 91' lang='lat' dir='ltr'>esto,</span> <span class='ocrx_word' id='word_1_206' title='bbox 1546 2653 1581 2709; x_wconf 91' lang='lat' dir='ltr'>ut</span> <span class='ocrx_word' id='word_1_207' title='bbox 1602 2666 1677 2728; x_wconf 88' lang='lat' dir='ltr'>pro-</span> 
     </span>
     <span class='ocr_line' id='line_1_28' title="bbox 743 2731 1676 2815; baseline 0.004 -21"><span class='ocrx_word' id='word_1_208' title='bbox 743 2733 841 2815; x_wconf 89' lang='lat' dir='ltr'>portio</span> <span class='ocrx_word' id='word_1_209' title='bbox 865 2750 957 2794; x_wconf 88' lang='lat' dir='ltr'>comu</span> <span class='ocrx_word' id='word_1_210' title='bbox 974 2733 1013 2795; x_wconf 86' lang='lat' dir='ltr'>ad</span> <span class='ocrx_word' id='word_1_211' title='bbox 1035 2731 1185 2798; x_wconf 88' lang='lat' dir='ltr'>residuum</span> <span class='ocrx_word' id='word_1_212' title='bbox 1205 2734 1339 2814; x_wconf 90' lang='lat' dir='ltr'>corporis</span> <span class='ocrx_word' id='word_1_213' title='bbox 1356 2733 1501 2798; x_wconf 89' lang='lat' dir='ltr'>ambitum</span> <span class='ocrx_word' id='word_1_214' title='bbox 1520 2755 1559 2799; x_wconf 85' lang='lat' dir='ltr'>ex</span> <span class='ocrx_word' id='word_1_215' title='bbox 1577 2737 1676 2800; x_wconf 88' lang='lat' dir='ltr'>aesti-</span> 
     </span>
     <span class='ocr_line' id='line_1_29' title="bbox 744 2821 1677 2906; baseline 0.002 -20"><span class='ocrx_word' id='word_1_216' title='bbox 744 2821 875 2886; x_wconf 90' lang='lat' dir='ltr'>matione</span> <span class='ocrx_word' id='word_1_217' title='bbox 913 2821 1028 2885; x_wconf 89' lang='lat' dir='ltr'>oculari</span> <span class='ocrx_word' id='word_1_218' title='bbox 1073 2822 1245 2886; x_wconf 87' lang='lat' dir='ltr'>innotescat</span> <span class='ocrx_word' id='word_1_219' title='bbox 1283 2822 1362 2886; x_wconf 89' lang='lat' dir='ltr'>citra</span> <span class='ocrx_word' id='word_1_220' title='bbox 1404 2843 1549 2898; x_wconf 87' lang='lat' dir='ltr'>errorem,</span> <span class='ocrx_word' id='word_1_221' title='bbox 1597 2827 1677 2906; x_wconf 90' lang='lat' dir='ltr'>qnod</span> 
     </span>
     <span class='ocr_line' id='line_1_30' title="bbox 744 2909 1677 2995; baseline 0.003 -22"><span class='ocrx_word' id='word_1_222' title='bbox 744 2911 862 2993; x_wconf 89' lang='lat' dir='ltr'>quidem</span> <span class='ocrx_word' id='word_1_223' title='bbox 897 2909 1017 2973; x_wconf 87' lang='lat' dir='ltr'>difficile</span> <span class='ocrx_word' id='word_1_224' title='bbox 1053 2911 1213 2974; x_wconf 88' lang='lat' dir='ltr'>admodum</span> <span class='ocrx_word' id='word_1_225' title='bbox 1248 2919 1312 2988; x_wconf 89' lang='lat' dir='ltr'>est,</span> <span class='ocrx_word' id='word_1_226' title='bbox 1351 2918 1383 2975; x_wconf 90' lang='lat' dir='ltr'>et</span> <span class='ocrx_word' id='word_1_227' title='bbox 1415 2932 1471 2994; x_wconf 87' lang='lat' dir='ltr'>ego</span> <span class='ocrx_word' id='word_1_228' title='bbox 1501 2933 1560 2977; x_wconf 93' lang='lat' dir='ltr'>non</span> <span class='ocrx_word' id='word_1_229' title='bbox 1592 2915 1677 2995; x_wconf 82' lang='lat' dir='ltr'>potui</span> 
     </span>
     <span class='ocr_line' id='line_1_31' title="bbox 744 2999 1676 3083; baseline 0 -19"><span class='ocrx_word' id='word_1_230' title='bbox 744 3001 906 3064; x_wconf 84' lang='lat' dir='ltr'>aestimare</span> <span class='ocrx_word' id='word_1_231' title='bbox 950 2999 1089 3062; x_wconf 89' lang='lat' dir='ltr'>subtilius</span> <span class='ocrx_word' id='word_1_232' title='bbox 1129 2999 1297 3082; x_wconf 86' lang='lat' dir='ltr'>quippiam,</span> <span class='ocrx_word' id='word_1_233' title='bbox 1340 3020 1428 3083; x_wconf 91' lang='lat' dir='ltr'>quam</span> <span class='ocrx_word' id='word_1_234' title='bbox 1466 3022 1558 3067; x_wconf 87' lang='lat' dir='ltr'>cornu</span> <span class='ocrx_word' id='word_1_235' title='bbox 1595 3004 1676 3066; x_wconf 88' lang='lat' dir='ltr'>inter</span> 
     </span>
     <span class='ocr_line' id='line_1_32' title="bbox 740 3089 1674 3169; baseline 0 -14"><span class='ocrx_word' id='word_1_236' title='bbox 740 3094 883 3156; x_wconf 88' lang='lat' dir='ltr'>trientem</span> <span class='ocrx_word' id='word_1_237' title='bbox 914 3097 948 3152; x_wconf 89' lang='lat' dir='ltr'>et</span> <span class='ocrx_word' id='word_1_238' title='bbox 980 3089 1136 3152; x_wconf 87' lang='lat' dir='ltr'>semissem</span> <span class='ocrx_word' id='word_1_239' title='bbox 1165 3090 1268 3154; x_wconf 88' lang='lat' dir='ltr'>oireuli</span> <span class='ocrx_word' id='word_1_240' title='bbox 1297 3089 1402 3154; x_wconf 89' lang='lat' dir='ltr'>visorii</span> <span class='ocrx_word' id='word_1_241' title='bbox 1432 3111 1501 3156; x_wconf 86' lang='lat' dir='ltr'>esse</span> <span class='ocrx_word' id='word_1_242' title='bbox 1534 3091 1674 3169; x_wconf 90' lang='lat' dir='ltr'>medium,</span> 
     </span>
     <span class='ocr_line' id='line_1_33' title="bbox 313 3177 1675 3264; baseline -0.003 -15"><span class='ocrx_word' id='word_1_243' title='bbox 313 3187 371 3250; x_wconf 92' lang='lat' dir='ltr'>hoc</span> <span class='ocrx_word' id='word_1_244' title='bbox 394 3193 443 3249; x_wconf 90' lang='lat' dir='ltr'>est</span> <span class='ocrx_word' id='word_1_245' title='bbox 465 3187 544 3250; x_wconf 89' lang='lat' dir='ltr'>inter</span> <span class='ocrx_word' id='word_1_246' title='bbox 570 3180 786 3250; x_wconf 76' lang='lat' dir='ltr'>1200e180.</span> <span class='ocrx_word' id='word_1_247' title='bbox 832 3181 910 3244; x_wconf 82' lang='lat' dir='ltr'>Esto</span> <span class='ocrx_word' id='word_1_248' title='bbox 940 3177 1027 3242; x_wconf 89' lang='lat' dir='ltr'>uobis</span> <span class='ocrx_word' id='word_1_249' title='bbox 1057 3179 1244 3260; x_wconf 90' lang='lat' dir='ltr'>propositum</span> <span class='ocrx_word' id='word_1_250' title='bbox 1275 3180 1345 3244; x_wconf 91' lang='lat' dir='ltr'>hinc</span> <span class='ocrx_word' id='word_1_251' title='bbox 1380 3181 1496 3245; x_wconf 85' lang='lat' dir='ltr'>calculo</span> <span class='ocrx_word' id='word_1_252' title='bbox 1525 3183 1675 3264; x_wconf 89' lang='lat' dir='ltr'>inquirere</span> 
     </span>
     <span class='ocr_line' id='line_1_34' title="bbox 314 3268 1677 3356; baseline -0.004 -17"><span class='ocrx_word' id='word_1_253' title='bbox 314 3274 532 3356; x_wconf 85' lang='lat' dir='ltr'>aspectabilem</span> <span class='ocrx_word' id='word_1_254' title='bbox 547 3273 650 3338; x_wconf 87' lang='lat' dir='ltr'>Lunae</span> <span class='ocrx_word' id='word_1_255' title='bbox 666 3274 852 3338; x_wconf 82' lang='lat' dir='ltr'>diametrum.</span> <span class='ocrx_word' id='word_1_256' title='bbox 878 3270 960 3349; x_wconf 84' lang='lat' dir='ltr'>Ergo</span> <span class='ocrx_word' id='word_1_257' title='bbox 971 3268 1014 3330; x_wconf 91' lang='lat' dir='ltr'>LI</span> <span class='ocrx_word' id='word_1_258' title='bbox 1028 3287 1119 3333; x_wconf 87' lang='lat' dir='ltr'>cornu</span> <span class='ocrx_word' id='word_1_259' title='bbox 1129 3268 1187 3330; x_wconf 91' lang='lat' dir='ltr'>erit</span> <span class='ocrx_word' id='word_1_260' title='bbox 1201 3268 1354 3332; x_wconf 91' lang='lat' dir='ltr'>dimidium</span> <span class='ocrx_word' id='word_1_261' title='bbox 1370 3269 1602 3334; x_wconf 86' lang='lat' dir='ltr'>aestimationis.</span> <span class='ocrx_word' id='word_1_262' title='bbox 1626 3270 1677 3334; x_wconf 90' lang='lat' dir='ltr'>Sit</span> 
     </span>
     <span class='ocr_line' id='line_1_35' title="bbox 313 3355 1674 3445; baseline -0.003 -17"><span class='ocrx_word' id='word_1_263' title='bbox 313 3365 343 3428; x_wconf 92' lang='lat' dir='ltr'>D</span> <span class='ocrx_word' id='word_1_264' title='bbox 365 3363 453 3445; x_wconf 88' lang='lat' dir='ltr'>polus</span> <span class='ocrx_word' id='word_1_265' title='bbox 476 3363 600 3426; x_wconf 88' lang='lat' dir='ltr'>visionis</span> <span class='ocrx_word' id='word_1_266' title='bbox 624 3371 656 3427; x_wconf 90' lang='lat' dir='ltr'>et</span> <span class='ocrx_word' id='word_1_267' title='bbox 679 3361 847 3427; x_wconf 79' lang='lat' dir='ltr'>descendat</span> <span class='ocrx_word' id='word_1_268' title='bbox 869 3377 957 3421; x_wconf 88' lang='lat' dir='ltr'>arcus</span> <span class='ocrx_word' id='word_1_269' title='bbox 981 3357 1026 3420; x_wconf 91' lang='lat' dir='ltr'>DI</span> <span class='ocrx_word' id='word_1_270' title='bbox 1049 3365 1192 3438; x_wconf 80' lang='lat' dir='ltr'>secatque</span> <span class='ocrx_word' id='word_1_271' title='bbox 1215 3355 1270 3421; x_wconf 87' lang='lat' dir='ltr'>BC</span> <span class='ocrx_word' id='word_1_272' title='bbox 1293 3359 1324 3420; x_wconf 93' lang='lat' dir='ltr'>in</span> <span class='ocrx_word' id='word_1_273' title='bbox 1339 3357 1379 3430; x_wconf 82' lang='lat' dir='ltr'>Q.</span> <span class='ocrx_word' id='word_1_274' title='bbox 1417 3360 1514 3440; x_wconf 83' lang='lat' dir='ltr'>Igitur</span> <span class='ocrx_word' id='word_1_275' title='bbox 1536 3360 1567 3422; x_wconf 92' lang='lat' dir='ltr'>in</span> <span class='ocrx_word' id='word_1_276' title='bbox 1585 3359 1674 3433; x_wconf 83' lang='lat' dir='ltr'>DQG</span> 
     </span>
     <span class='ocr_line' id='line_1_36' title="bbox 315 3444 1674 3532; baseline -0.002 -16"><span class='ocrx_word' id='word_1_277' title='bbox 315 3454 406 3517; x_wconf 89' lang='lat' dir='ltr'>datur</span> <span class='ocrx_word' id='word_1_278' title='bbox 429 3449 532 3528; x_wconf 76' lang='lat' dir='ltr'>Qun,</span> <span class='ocrx_word' id='word_1_279' title='bbox 565 3452 721 3532; x_wconf 81' lang='lat' dir='ltr'>longitudo</span> <span class='ocrx_word' id='word_1_280' title='bbox 745 3449 859 3515; x_wconf 91' lang='lat' dir='ltr'>dimidii</span> <span class='ocrx_word' id='word_1_281' title='bbox 882 3466 989 3520; x_wconf 87' lang='lat' dir='ltr'>cornu,</span> <span class='ocrx_word' id='word_1_282' title='bbox 1021 3444 1110 3518; x_wconf 81' lang='lat' dir='ltr'>DCQ</span> <span class='ocrx_word' id='word_1_283' title='bbox 1132 3465 1204 3510; x_wconf 89' lang='lat' dir='ltr'>vero</span> <span class='ocrx_word' id='word_1_284' title='bbox 1227 3453 1328 3510; x_wconf 90' lang='lat' dir='ltr'>rectus</span> <span class='ocrx_word' id='word_1_285' title='bbox 1352 3456 1415 3525; x_wconf 88' lang='lat' dir='ltr'>est,</span> <span class='ocrx_word' id='word_1_286' title='bbox 1449 3456 1481 3511; x_wconf 89' lang='lat' dir='ltr'>et</span> <span class='ocrx_word' id='word_1_287' title='bbox 1512 3449 1594 3513; x_wconf 89' lang='lat' dir='ltr'>latus</span> <span class='ocrx_word' id='word_1_288' title='bbox 1615 3448 1674 3513; x_wconf 87' lang='lat' dir='ltr'>DG</span> 
     </span>
     <span class='ocr_line' id='line_1_37' title="bbox 315 3532 1675 3622; baseline -0.003 -16"><span class='ocrx_word' id='word_1_289' title='bbox 315 3543 415 3606; x_wconf 88' lang='lat' dir='ltr'>datur.</span> <span class='ocrx_word' id='word_1_290' title='bbox 463 3541 544 3606; x_wconf 88' lang='lat' dir='ltr'>Nam</span> <span class='ocrx_word' id='word_1_291' title='bbox 567 3540 638 3622; x_wconf 88' lang='lat' dir='ltr'>quia</span> <span class='ocrx_word' id='word_1_292' title='bbox 660 3541 714 3605; x_wconf 92' lang='lat' dir='ltr'>Sol</span> <span class='ocrx_word' id='word_1_293' title='bbox 744 3541 773 3604; x_wconf 91' lang='lat' dir='ltr'>iu</span> <span class='ocrx_word' id='word_1_294' title='bbox 796 3536 982 3618; x_wconf 87' lang='lat' dir='ltr'>longitudine</span> <span class='ocrx_word' id='word_1_295' title='bbox 1010 3533 1120 3612; x_wconf 88' lang='lat' dir='ltr'>media,</span> <span class='ocrx_word' id='word_1_296' title='bbox 1150 3543 1182 3598; x_wconf 90' lang='lat' dir='ltr'>et</span> <span class='ocrx_word' id='word_1_297' title='bbox 1204 3536 1292 3598; x_wconf 84' lang='lat' dir='ltr'>Luna</span> <span class='ocrx_word' id='word_1_298' title='bbox 1314 3532 1376 3601; x_wconf 83' lang='lat'>56⁰</span> <span class='ocrx_word' id='word_1_299' title='bbox 1397 3546 1468 3618; x_wconf 90' lang='lat' dir='ltr'>post</span> <span class='ocrx_word' id='word_1_300' title='bbox 1496 3557 1675 3619; x_wconf 82' lang='lat' dir='ltr'>apogaeum,</span> 
     </span>
     <span class='ocr_line' id='line_1_38' title="bbox 314 3625 1674 3714; baseline -0.004 -18"><span class='ocrx_word' id='word_1_301' title='bbox 314 3629 437 3696; x_wconf 88' lang='lat' dir='ltr'>dabitur</span> <span class='ocrx_word' id='word_1_302' title='bbox 460 3630 552 3711; x_wconf 88' lang='lat' dir='ltr'>igitur</span> <span class='ocrx_word' id='word_1_303' title='bbox 579 3648 618 3692; x_wconf 85' lang='lat' dir='ltr'>ex</span> <span class='ocrx_word' id='word_1_304' title='bbox 646 3627 863 3714; x_wconf 87' lang='lat' dir='ltr'>hypothesibus</span> <span class='ocrx_word' id='word_1_305' title='bbox 893 3633 1049 3689; x_wconf 89' lang='lat' dir='ltr'>auctorum</span> <span class='ocrx_word' id='word_1_306' title='bbox 1076 3625 1230 3706; x_wconf 88' lang='lat' dir='ltr'>proportio</span> <span class='ocrx_word' id='word_1_307' title='bbox 1254 3625 1311 3688; x_wconf 83' lang='grc' dir='ltr'>ΗΕ</span> <span class='ocrx_word' id='word_1_308' title='bbox 1334 3627 1374 3690; x_wconf 92' lang='lat' dir='ltr'>ad</span> <span class='ocrx_word' id='word_1_309' title='bbox 1396 3628 1474 3703; x_wconf 86' lang='grc' dir='ltr'>ΗΑ;</span> <span class='ocrx_word' id='word_1_310' title='bbox 1505 3627 1561 3690; x_wconf 90' lang='lat' dir='ltr'>ssd</span> <span class='ocrx_word' id='word_1_311' title='bbox 1584 3628 1674 3690; x_wconf 82' lang='lat' dir='ltr'>ABE</span> 
     </span>
     <span class='ocr_line' id='line_1_39' title="bbox 313 3713 1676 3800; baseline -0.004 -15"><span class='ocrx_word' id='word_1_312' title='bbox 313 3719 442 3800; x_wconf 87' lang='lat' dir='ltr'>angulus</span> <span class='ocrx_word' id='word_1_313' title='bbox 466 3718 632 3784; x_wconf 88' lang='lat' dir='ltr'>innotescit</span> <span class='ocrx_word' id='word_1_314' title='bbox 656 3737 693 3781; x_wconf 86' lang='lat' dir='ltr'>ex</span> <span class='ocrx_word' id='word_1_315' title='bbox 718 3720 783 3783; x_wconf 89' lang='lat' dir='ltr'>loeo</span> <span class='ocrx_word' id='word_1_316' title='bbox 806 3717 961 3798; x_wconf 89' lang='lat' dir='ltr'>utriusque</span> <span class='ocrx_word' id='word_1_317' title='bbox 985 3713 1104 3776; x_wconf 91' lang='lat' dir='ltr'>luminis</span> <span class='ocrx_word' id='word_1_318' title='bbox 1127 3713 1253 3790; x_wconf 92' lang='lat' dir='ltr'>visibili,</span> <span class='ocrx_word' id='word_1_319' title='bbox 1287 3733 1360 3796; x_wconf 89' lang='lat' dir='ltr'>ergo</span> <span class='ocrx_word' id='word_1_320' title='bbox 1392 3717 1541 3797; x_wconf 87' lang='lat' dir='ltr'>producta</span> <span class='ocrx_word' id='word_1_321' title='bbox 1561 3715 1620 3779; x_wconf 83' lang='grc' dir='ltr'>ΕΑ</span> <span class='ocrx_word' id='word_1_322' title='bbox 1643 3715 1676 3778; x_wconf 92' lang='lat' dir='ltr'>in</span> 
     </span>
     <span class='ocr_line' id='line_1_40' title="bbox 313 3802 1674 3890; baseline -0.003 -18"><span class='ocrx_word' id='word_1_323' title='bbox 313 3810 348 3885; x_wconf 87' lang='lat' dir='ltr'>T,</span> <span class='ocrx_word' id='word_1_324' title='bbox 374 3807 498 3872; x_wconf 89' lang='lat' dir='ltr'>dabitur</span> <span class='ocrx_word' id='word_1_325' title='bbox 521 3808 623 3884; x_wconf 86' lang='lat' dir='ltr'>TAH,</span> <span class='ocrx_word' id='word_1_326' title='bbox 649 3807 732 3890; x_wconf 82' lang='lat' dir='ltr'>eujus</span> <span class='ocrx_word' id='word_1_327' title='bbox 756 3826 898 3872; x_wconf 87' lang='lat' dir='ltr'>mensura</span> <span class='ocrx_word' id='word_1_328' title='bbox 920 3805 975 3866; x_wconf 86' lang='lat' dir='ltr'>TD</span> <span class='ocrx_word' id='word_1_329' title='bbox 999 3804 1123 3884; x_wconf 87' lang='lat' dir='ltr'>ejusque</span> <span class='ocrx_word' id='word_1_330' title='bbox 1148 3802 1299 3868; x_wconf 87' lang='lat' dir='ltr'>residuum</span> <span class='ocrx_word' id='word_1_331' title='bbox 1323 3805 1362 3868; x_wconf 93' lang='lat' dir='ltr'>ad</span> <span class='ocrx_word' id='word_1_332' title='bbox 1395 3805 1594 3886; x_wconf 88' lang='lat' dir='ltr'>quadrantem</span> <span class='ocrx_word' id='word_1_333' title='bbox 1616 3803 1674 3869; x_wconf 80' lang='lat' dir='ltr'>DC</span> 
     </span>
     <span class='ocr_line' id='line_1_41' title="bbox 313 3890 1675 3981; baseline -0.001 -21"><span class='ocrx_word' id='word_1_334' title='bbox 313 3897 464 3981; x_wconf 87' lang='lat' dir='ltr'>quaesita.</span> <span class='ocrx_word' id='word_1_335' title='bbox 512 3900 548 3960; x_wconf 92' lang='lat' dir='ltr'>In</span> <span class='ocrx_word' id='word_1_336' title='bbox 571 3896 658 3969; x_wconf 83' lang='lat' dir='ltr'>DQG</span> <span class='ocrx_word' id='word_1_337' title='bbox 683 3898 775 3978; x_wconf 90' lang='lat' dir='ltr'>igitur</span> <span class='ocrx_word' id='word_1_338' title='bbox 799 3901 960 3978; x_wconf 88' lang='lat' dir='ltr'>quaeratur</span> <span class='ocrx_word' id='word_1_339' title='bbox 984 3913 1022 3956; x_wconf 81' lang='lat' dir='ltr'>ex</span> <span class='ocrx_word' id='word_1_340' title='bbox 1046 3891 1127 3954; x_wconf 89' lang='lat' dir='ltr'>datis</span> <span class='ocrx_word' id='word_1_341' title='bbox 1149 3892 1245 3973; x_wconf 88' lang='lat' dir='ltr'>primo</span> <span class='ocrx_word' id='word_1_342' title='bbox 1269 3890 1339 3970; x_wconf 71' lang='lat' dir='ltr'>DQ,</span> <span class='ocrx_word' id='word_1_343' title='bbox 1365 3902 1429 3957; x_wconf 90' lang='lat' dir='ltr'>tum</span> <span class='ocrx_word' id='word_1_344' title='bbox 1452 3892 1549 3966; x_wconf 78' lang='lat' dir='ltr'>Duc.</span> <span class='ocrx_word' id='word_1_345' title='bbox 1594 3895 1675 3958; x_wconf 88' lang='lat' dir='ltr'>Dein</span> 
     </span>
     <span class='ocr_line' id='line_1_42' title="bbox 314 3979 1675 4068; baseline -0.002 -18"><span class='ocrx_word' id='word_1_346' title='bbox 314 4007 354 4050; x_wconf 85' lang='lat' dir='ltr'>ex</span> <span class='ocrx_word' id='word_1_347' title='bbox 375 3988 391 4050; x_wconf 89' lang='lat'>1</span> <span class='ocrx_word' id='word_1_348' title='bbox 412 3986 671 4068; x_wconf 85' lang='lat' dir='ltr'>perpendicularis</span> <span class='ocrx_word' id='word_1_349' title='bbox 695 4007 784 4052; x_wconf 87' lang='lat' dir='ltr'>arcus</span> <span class='ocrx_word' id='word_1_350' title='bbox 808 3987 839 4048; x_wconf 94' lang='lat' dir='ltr'>in</span> <span class='ocrx_word' id='word_1_351' title='bbox 861 3982 916 4048; x_wconf 86' lang='lat' dir='ltr'>BG</span> <span class='ocrx_word' id='word_1_352' title='bbox 939 3983 1071 4057; x_wconf 88' lang='lat' dir='ltr'>ineidat,</span> <span class='ocrx_word' id='word_1_353' title='bbox 1096 3981 1146 4062; x_wconf 93' lang='lat' dir='ltr'>qui</span> <span class='ocrx_word' id='word_1_354' title='bbox 1169 3981 1211 4044; x_wconf 91' lang='lat' dir='ltr'>sit</span> <span class='ocrx_word' id='word_1_355' title='bbox 1232 3979 1284 4045; x_wconf 90' lang='lat' dir='ltr'>IS.</span> <span class='ocrx_word' id='word_1_356' title='bbox 1330 3983 1366 4046; x_wconf 90' lang='lat' dir='ltr'>In</span> <span class='ocrx_word' id='word_1_357' title='bbox 1399 3982 1551 4062; x_wconf 87' lang='lat' dir='ltr'>triangulo</span> <span class='ocrx_word' id='word_1_358' title='bbox 1581 3981 1675 4063; x_wconf 90' lang='lat' dir='ltr'>igitur</span> 
     </span>
     <span class='ocr_line' id='line_1_43' title="bbox 314 4067 1675 4157; baseline -0.004 -17"><span class='ocrx_word' id='word_1_359' title='bbox 314 4073 385 4148; x_wconf 81' lang='lat' dir='ltr'>Ius</span> <span class='ocrx_word' id='word_1_360' title='bbox 409 4075 536 4157; x_wconf 87' lang='lat' dir='ltr'>angulus</span> <span class='ocrx_word' id='word_1_361' title='bbox 560 4075 583 4139; x_wconf 92' lang='lat' dir='ltr'>S</span> <span class='ocrx_word' id='word_1_362' title='bbox 607 4084 721 4153; x_wconf 88' lang='lat' dir='ltr'>rectus,</span> <span class='ocrx_word' id='word_1_363' title='bbox 746 4074 777 4147; x_wconf 81' lang='lat' dir='ltr'>Q</span> <span class='ocrx_word' id='word_1_364' title='bbox 799 4075 889 4136; x_wconf 90' lang='lat' dir='ltr'>datus</span> <span class='ocrx_word' id='word_1_365' title='bbox 914 4079 976 4147; x_wconf 88' lang='lat' dir='ltr'>est,</span> <span class='ocrx_word' id='word_1_366' title='bbox 1011 4077 1044 4133; x_wconf 90' lang='lat' dir='ltr'>et</span> <span class='ocrx_word' id='word_1_367' title='bbox 1066 4068 1106 4132; x_wconf 77' lang='lat' dir='ltr'>ts</span> <span class='ocrx_word' id='word_1_368' title='bbox 1129 4072 1209 4134; x_wconf 88' lang='lat' dir='ltr'>latus</span> <span class='ocrx_word' id='word_1_369' title='bbox 1234 4077 1282 4132; x_wconf 88' lang='lat' dir='ltr'>ost</span> <span class='ocrx_word' id='word_1_370' title='bbox 1308 4067 1374 4148; x_wconf 74' lang='lat'>15⁶,</span> <span class='ocrx_word' id='word_1_371' title='bbox 1408 4079 1523 4152; x_wconf 87' lang='lat' dir='ltr'>quanta</span> <span class='ocrx_word' id='word_1_372' title='bbox 1555 4072 1675 4136; x_wconf 88' lang='lat' dir='ltr'>scilieet</span> 
     </span>
     <span class='ocr_line' id='line_1_44' title="bbox 314 4158 1673 4240; baseline -0.004 -12"><span class='ocrx_word' id='word_1_373' title='bbox 314 4172 363 4228; x_wconf 90' lang='lat' dir='ltr'>est</span> <span class='ocrx_word' id='word_1_374' title='bbox 386 4164 533 4228; x_wconf 88' lang='lat' dir='ltr'>distantia</span> <span class='ocrx_word' id='word_1_375' title='bbox 556 4164 660 4228; x_wconf 86' lang='lat' dir='ltr'>circuli</span> <span class='ocrx_word' id='word_1_376' title='bbox 682 4163 911 4228; x_wconf 87' lang='lat' dir='ltr'>illuminationis</span> <span class='ocrx_word' id='word_1_377' title='bbox 935 4158 1109 4236; x_wconf 87' lang='lat' dir='ltr'>amaximo,</span> <span class='ocrx_word' id='word_1_378' title='bbox 1133 4177 1226 4239; x_wconf 87' lang='lat' dir='ltr'>snpra</span> <span class='ocrx_word' id='word_1_379' title='bbox 1250 4177 1316 4240; x_wconf 87' lang='lat' dir='ltr'>cap.</span> <span class='ocrx_word' id='word_1_380' title='bbox 1333 4161 1389 4232; x_wconf 89' lang='lat' dir='ltr'>Vl,</span> <span class='ocrx_word' id='word_1_381' title='bbox 1411 4160 1486 4224; x_wconf 89' lang='lat' dir='ltr'>Nro.</span> <span class='ocrx_word' id='word_1_382' title='bbox 1503 4158 1535 4224; x_wconf 84' lang='lat'>3.</span> <span class='ocrx_word' id='word_1_383' title='bbox 1573 4160 1673 4224; x_wconf 88' lang='lat' dir='ltr'>Dabi-</span> 
     </span>
     <span class='ocr_line' id='line_1_45' title="bbox 313 4248 1673 4334; baseline -0.003 -18"><span class='ocrx_word' id='word_1_384' title='bbox 313 4261 362 4316; x_wconf 89' lang='lat' dir='ltr'>tur</span> <span class='ocrx_word' id='word_1_385' title='bbox 385 4273 457 4334; x_wconf 87' lang='lat' dir='ltr'>ergo</span> <span class='ocrx_word' id='word_1_386' title='bbox 481 4252 536 4330; x_wconf 80' lang='lat' dir='ltr'>ul,</span> <span class='ocrx_word' id='word_1_387' title='bbox 561 4253 736 4318; x_wconf 89' lang='lat' dir='ltr'>minuendus</span> <span class='ocrx_word' id='word_1_388' title='bbox 761 4273 780 4314; x_wconf 85' lang='lat' dir='ltr'>a</span> <span class='ocrx_word' id='word_1_389' title='bbox 803 4249 877 4324; x_wconf 84' lang='lat' dir='ltr'>Qu,</span> <span class='ocrx_word' id='word_1_390' title='bbox 912 4256 946 4311; x_wconf 90' lang='lat' dir='ltr'>ut</span> <span class='ocrx_word' id='word_1_391' title='bbox 978 4248 1124 4310; x_wconf 89' lang='lat' dir='ltr'>habeatur</span> <span class='ocrx_word' id='word_1_392' title='bbox 1153 4267 1241 4311; x_wconf 88' lang='lat' dir='ltr'>arcus</span> <span class='ocrx_word' id='word_1_393' title='bbox 1264 4248 1343 4312; x_wconf 89' lang='lat' dir='ltr'>inter</span> <span class='ocrx_word' id='word_1_394' title='bbox 1365 4251 1465 4331; x_wconf 92' lang='lat' dir='ltr'>polum</span> <span class='ocrx_word' id='word_1_395' title='bbox 1490 4256 1523 4311; x_wconf 90' lang='lat' dir='ltr'>et</span> <span class='ocrx_word' id='word_1_396' title='bbox 1546 4249 1673 4312; x_wconf 89' lang='lat' dir='ltr'>visionis</span> 
     </span>
     <span class='ocr_line' id='line_1_46' title="bbox 314 4337 1674 4423; baseline -0.002 -18"><span class='ocrx_word' id='word_1_397' title='bbox 314 4343 469 4413; x_wconf 88' lang='lat' dir='ltr'>circulum,</span> <span class='ocrx_word' id='word_1_398' title='bbox 494 4341 579 4421; x_wconf 90' lang='lat' dir='ltr'>cujus</span> <span class='ocrx_word' id='word_1_399' title='bbox 603 4343 852 4423; x_wconf 87' lang='lat' dir='ltr'>complementum</span> <span class='ocrx_word' id='word_1_400' title='bbox 876 4340 916 4401; x_wconf 89' lang='lat' dir='ltr'>ad</span> <span class='ocrx_word' id='word_1_401' title='bbox 939 4338 1137 4419; x_wconf 84' lang='lat' dir='ltr'>quadrantem</span> <span class='ocrx_word' id='word_1_402' title='bbox 1161 4337 1262 4418; x_wconf 82' lang='lat' dir='ltr'>arguit</span> <span class='ocrx_word' id='word_1_403' title='bbox 1284 4339 1542 4402; x_wconf 87' lang='lat' dir='ltr'>semidiametrum</span> <span class='ocrx_word' id='word_1_404' title='bbox 1564 4338 1674 4402; x_wconf 89' lang='lat' dir='ltr'>visibi-</span> 
     </span>
     <span class='ocr_line' id='line_1_47' title="bbox 313 4424 1673 4512; baseline 0 -20"><span class='ocrx_word' id='word_1_405' title='bbox 313 4431 374 4493; x_wconf 88' lang='lat' dir='ltr'>lam</span> <span class='ocrx_word' id='word_1_406' title='bbox 395 4449 449 4512; x_wconf 90' lang='lat' dir='ltr'>per</span> <span class='ocrx_word' id='word_1_407' title='bbox 473 4431 682 4494; x_wconf 87' lang='lat' dir='ltr'>demonstrata</span> <span class='ocrx_word' id='word_1_408' title='bbox 705 4450 773 4511; x_wconf 90' lang='lat' dir='ltr'>oap.</span> <span class='ocrx_word' id='word_1_409' title='bbox 799 4429 854 4506; x_wconf 91' lang='lat' dir='ltr'>Vl,</span> <span class='ocrx_word' id='word_1_410' title='bbox 878 4428 951 4492; x_wconf 90' lang='lat' dir='ltr'>Nro.</span> <span class='ocrx_word' id='word_1_411' title='bbox 977 4424 1009 4490; x_wconf 89' lang='grc'>3.</span> <span class='ocrx_word' id='word_1_412' title='bbox 1055 4425 1123 4490; x_wconf 94' lang='lat' dir='ltr'>Nou</span> <span class='ocrx_word' id='word_1_413' title='bbox 1148 4426 1397 4492; x_wconf 89' lang='lat' dir='ltr'>dissimulandum</span> <span class='ocrx_word' id='word_1_414' title='bbox 1420 4435 1482 4499; x_wconf 87' lang='lat' dir='ltr'>est,</span> <span class='ocrx_word' id='word_1_415' title='bbox 1511 4429 1673 4494; x_wconf 91' lang='lat' dir='ltr'>immanem</span> 
     </span>
     <span class='ocr_line' id='line_1_48' title="bbox 313 4516 1671 4599; baseline 0 -19"><span class='ocrx_word' id='word_1_416' title='bbox 313 4519 383 4582; x_wconf 90' lang='lat' dir='ltr'>hino</span> <span class='ocrx_word' id='word_1_417' title='bbox 404 4519 469 4581; x_wconf 89' lang='lat' dir='ltr'>tieri</span> <span class='ocrx_word' id='word_1_418' title='bbox 493 4519 673 4583; x_wconf 82' lang='lat' dir='ltr'>diametrum</span> <span class='ocrx_word' id='word_1_419' title='bbox 695 4522 799 4584; x_wconf 84' lang='lat' dir='ltr'>Lunae</span> <span class='ocrx_word' id='word_1_420' title='bbox 823 4523 1035 4599; x_wconf 86' lang='lat' dir='ltr'>apparentem,</span> <span class='ocrx_word' id='word_1_421' title='bbox 1059 4516 1085 4580; x_wconf 92' lang='lat' dir='ltr'>si</span> <span class='ocrx_word' id='word_1_422' title='bbox 1108 4517 1157 4580; x_wconf 89' lang='lat' dir='ltr'>vel</span> <span class='ocrx_word' id='word_1_423' title='bbox 1182 4516 1336 4580; x_wconf 91' lang='lat' dir='ltr'>minimum</span> <span class='ocrx_word' id='word_1_424' title='bbox 1365 4517 1508 4580; x_wconf 86' lang='lat' dir='ltr'>sensibile</span> <span class='ocrx_word' id='word_1_425' title='bbox 1521 4518 1671 4590; x_wconf 85' lang='lat' dir='ltr'>¹semicir-</span> 
     </span>
    </p>
   </div>
   <div class='ocr_carea' id='block_1_3' title="bbox 213 4599 1673 4687">
    <p class='ocr_par' dir='ltr' id='par_1_5' title="bbox 213 4599 1673 4687">
     <span class='ocr_line' id='line_1_49' title="bbox 213 4599 1673 4687; baseline -0.001 -18"><span class='ocrx_word' id='word_1_426' title='bbox 213 4599 220 4612; x_wconf 88' lang='lat'>&#39;</span> <span class='ocrx_word' id='word_1_427' title='bbox 314 4605 381 4669; x_wconf 88' lang='lat' dir='ltr'>culo</span> <span class='ocrx_word' id='word_1_428' title='bbox 404 4609 560 4671; x_wconf 88' lang='lat' dir='ltr'>nascentis</span> <span class='ocrx_word' id='word_1_429' title='bbox 582 4628 674 4672; x_wconf 86' lang='lat' dir='ltr'>cornu</span> <span class='ocrx_word' id='word_1_430' title='bbox 698 4608 805 4672; x_wconf 85' lang='lat' dir='ltr'>deesse</span> <span class='ocrx_word' id='word_1_431' title='bbox 829 4607 951 4670; x_wconf 85' lang='lat' dir='ltr'>dixeris.</span> <span class='ocrx_word' id='word_1_432' title='bbox 998 4609 1106 4687; x_wconf 84' lang='lat' dir='ltr'>Itaque</span> <span class='ocrx_word' id='word_1_433' title='bbox 1140 4625 1263 4670; x_wconf 88' lang='lat' dir='ltr'>oausam</span> <span class='ocrx_word' id='word_1_434' title='bbox 1292 4605 1385 4670; x_wconf 88' lang='lat' dir='ltr'>aliam</span> <span class='ocrx_word' id='word_1_435' title='bbox 1416 4623 1592 4669; x_wconf 87' lang='lat' dir='ltr'>concurrere</span> <span class='ocrx_word' id='word_1_436' title='bbox 1616 4625 1673 4668; x_wconf 91' lang='lat' dir='ltr'>ne-</span> 
     </span>
    </p>
   </div>
   <div class='ocr_carea' id='block_1_4' title="bbox 314 4694 1675 4864">
    <p class='ocr_par' dir='ltr' id='par_1_6' title="bbox 314 4694 1675 4864">
     <span class='ocr_line' id='line_1_50' title="bbox 314 4694 1675 4776; baseline -0.001 -18"><span class='ocrx_word' id='word_1_437' title='bbox 314 4713 401 4758; x_wconf 88' lang='lat' dir='ltr'>cesse</span> <span class='ocrx_word' id='word_1_438' title='bbox 424 4704 494 4769; x_wconf 88' lang='lat' dir='ltr'>est;</span> <span class='ocrx_word' id='word_1_439' title='bbox 517 4697 584 4762; x_wconf 87' lang='lat' dir='ltr'>scil.</span> <span class='ocrx_word' id='word_1_440' title='bbox 608 4697 747 4762; x_wconf 89' lang='lat' dir='ltr'>acumina</span> <span class='ocrx_word' id='word_1_441' title='bbox 768 4715 911 4762; x_wconf 90' lang='lat' dir='ltr'>cornuum</span> <span class='ocrx_word' id='word_1_442' title='bbox 935 4697 973 4759; x_wconf 94' lang='lat' dir='ltr'>ob</span> <span class='ocrx_word' id='word_1_443' title='bbox 997 4695 1165 4761; x_wconf 81' lang='lat' dir='ltr'>exilitatem</span> <span class='ocrx_word' id='word_1_444' title='bbox 1182 4713 1255 4776; x_wconf 87' lang='lat' dir='ltr'>pras</span> <span class='ocrx_word' id='word_1_445' title='bbox 1271 4696 1411 4760; x_wconf 86' lang='lat' dir='ltr'>claritate</span> <span class='ocrx_word' id='word_1_446' title='bbox 1426 4694 1675 4759; x_wconf 82' lang='lat' dir='ltr'>intermediamm</span> 
     </span>
     <span class='ocr_line' id='line_1_51' title="bbox 314 4782 805 4864; baseline 0.012 -20"><span class='ocrx_word' id='word_1_447' title='bbox 314 4782 445 4864; x_wconf 87' lang='lat' dir='ltr'>partium</span> <span class='ocrx_word' id='word_1_448' title='bbox 469 4794 654 4850; x_wconf 83' lang='lat' dir='ltr'>evanescunt</span> <span class='ocrx_word' id='word_1_449' title='bbox 675 4787 706 4850; x_wconf 92' lang='lat' dir='ltr'>in</span> <span class='ocrx_word' id='word_1_450' title='bbox 727 4788 805 4852; x_wconf 89' lang='lat' dir='ltr'>visu.</span> 
     </span>
    </p>
   </div>
   <div class='ocr_carea' id='block_1_5' title="bbox 0 0 1870 5528">
    <p class='ocr_par' dir='ltr' id='par_1_7' title="bbox 0 0 1870 5528">
     <span class='ocr_line' id='line_1_52' title="bbox 0 0 1870 5528; baseline 0 0"><span class='ocrx_word' id='word_1_451' title='bbox 0 0 1870 5528; x_wconf 95' lang='lat' dir='ltr'> </span> 
     </span>
    </p>
   </div>
  </div>
 </body>
</html>
