3674 5538
308 277 370 346 146
773 273 963 341 Paralipomena
980 277 1004 330 iu
1024 274 1189 330 Vitelllonam.

306 477 372 522 cnm
395 463 566 519 removetur
588 472 696 534 corpus
729 452 858 516 lucidum
882 474 901 516 a
925 472 981 533 quo
1012 457 1182 534 speciosis
1214 457 1331 518 oculum
1365 456 1573 520 descenderat.
1619 457 1657 520 Id

306 548 382 608 adeo
410 555 444 607 ut
473 546 564 607 etiam
596 541 794 603 conlaudatur
827 552 981 621 superstes
1013 544 1067 605 illa
1098 545 1215 623 species
1244 563 1312 608 cum
1344 544 1493 608 coloribus
1528 547 1657 608 aliarum

305 655 413 709 rerum,
439 635 573 715 adquae
604 630 785 709 spectandos
808 629 892 692 visus
915 633 1011 694 adhuc
1044 633 1173 695 imbutus
1200 635 1389 696 transfertur.
1435 633 1470 696 ld
1494 634 1532 696 ab
1557 653 1656 713 expe-

306 725 416 786 rientia
439 723 607 784 traductum
632 719 688 779 huc
711 719 838 798 probare
859 740 877 780 a
896 721 994 800 priore
1018 740 1076 782 nou
1099 740 1267 802 possumus.
1304 720 1458 800 Principia
1481 723 1561 784 euim
1584 729 1657 784 sunt

305 811 502 874 adsciscenda
524 809 590 888 plus
615 827 703 886 quarn
728 808 838 887 optica.
885 810 920 871 ld
943 811 1038 872 solum
1062 819 1167 872 contra
1187 812 1349 890 'vulgatum
1377 810 1516 889 loquendi
1540 828 1655 872 morem

305 910 433 973 notetur,
458 897 574 977 species
597 896 667 957 illas
691 916 748 958 non
772 899 801 958 in
835 897 1004 960 humoribus
1028 899 1105 961 oculi
1137 899 1373 972 adhaerescere,
1407 917 1462 960 nec
1486 919 1553 962 esse
1578 899 1656 960 lucis

304 990 352 1051 vel
376 988 507 1048 colorum
531 985 656 1065 species.
702 987 780 1046 Nam
803 986 860 1048 hoc
884 996 1032 1066 repugnat
1055 987 1427 1067 naturaeperspicuoruur
1451 995 1483 1049 et
1505 988 1597 1062 lucis,
1624 995 1656 1048 et

303 1075 457 1156 principiis
481 1073 599 1153 opticis.
647 1072 774 1152 Semper
797 1075 874 1137 enim
900 1075 1017 1154 species
1040 1095 1107 1138 oum
1126 1096 1179 1138 suo
1203 1096 1326 1156 corpore
1349 1076 1471 1156 ponitur
1495 1076 1581 1155 cujus
1604 1084 1656 1135 est

303 1166 435 1244 species,
462 1172 492 1224 et
516 1163 682 1241 intersepto
706 1181 828 1242 corpore
852 1183 905 1243 per
928 1182 1054 1243 opacum
1077 1164 1207 1245 aliquid,
1232 1164 1348 1245 species
1371 1164 1477 1226 umbra
1499 1163 1655 1226 contraria

302 1253 465 1332 perimitur.
520 1251 572 1314 Sic
606 1251 743 1313 humores
776 1271 811 1312 eo
842 1253 907 1331 ipso
940 1254 1019 1332 quod
1055 1254 1204 1333 perspicui
1241 1263 1312 1316 sunt
1348 1254 1466 1332 species
1502 1271 1654 1332 nunquam

302 1341 477 1421 suscipiunt,
503 1342 556 1402 sed
580 1340 799 1404 transmittunt.
847 1345 889 1402 At
913 1361 967 1403 nec
990 1343 1021 1404 in
1043 1341 1153 1404 tunicis
1176 1344 1279 1422 opacis
1304 1343 1409 1404 haeret
1430 1342 1487 1404 boc
1511 1341 1654 1422 quicquid

302 1438 350 1492 est
372 1430 494 1510 speciei.
541 1429 672 1492 Rursum
696 1428 772 1490 enim
797 1430 878 1491 color
902 1431 1015 1498 nullus,
1049 1431 1221 1510 superficies
1251 1451 1346 1511 opaca
1367 1430 1450 1496 nulla
1481 1429 1655 1492 excitaret

301 1520 423 1580 radiosa
446 1517 638 1580 constituitur
661 1517 718 1578 nisi
743 1537 761 1578 a
783 1527 943 1596 praesente
963 1527 1067 1581 etnon
1091 1519 1233 1599 impedito
1253 1519 1350 1582 lucido
1373 1537 1507 1597 corpore.
1542 1517 1653 1580 Relin-

302 1609 400 1688 quitur
424 1626 513 1686 ergo,
547 1605 676 1668 utillud
707 1607 786 1685 quod
818 1608 954 1670 inhaeret
980 1608 1066 1670 oculo
1090 1609 1131 1671 sit
1154 1627 1211 1669 non
1245 1609 1319 1670 lucis
1342 1607 1396 1670 sed
1429 1607 1653 1680 illustrationis,

302 1696 429 1758 actionis
453 1704 484 1757 et
507 1695 659 1774 passionis
682 1695 819 1773 species:
850 1697 1096 1776 quemadmodum
1121 1697 1159 1760 ab
1183 1698 1245 1758 ictu
1275 1695 1518 1758 seusus.doloris
1542 1713 1652 1774 super-

302 1794 360 1856 est,
384 1805 459 1864 quae
484 1783 600 1863 species
624 1783 770 1862 quaedam
794 1783 873 1845 illius
903 1785 1054 1864 passionis
1078 1805 1146 1847 esse
1170 1785 1366 1864 intelligitur:
1401 1784 1653 1863 quemadmodum

302 1882 333 1936 et
357 1875 384 1935 iu
416 1881 497 1934 mutu
529 1871 661 1932 violento
696 1871 813 1954 species
846 1873 993 1952 quaedam
1025 1875 1089 1952 ejus
1114 1873 1321 1952 inprojecrile
1354 1872 1535 1950 commigrat
1562 1872 1653 1951 idque

300 1961 495 2042 eliquansque
519 1960 668 2040 provebit,
694 1961 784 2024 etiam
807 1969 967 2042 postquam
990 1962 1040 2042 qui
1063 1971 1177 2024 motum
1201 1962 1326 2026 dederat
1356 1979 1474 2024 manum
1498 1960 1655 2024 subduxit.

301 2047 436 2130 Cumque
460 2050 556 2111 omnis
590 2068 696 2110 sensus
719 2066 773 2127 per
796 2069 904 2112 nervos
929 2059 960 2112 et-
983 2051 1034 2130 qui
1056 2051 1102 2112 his
1134 2051 1282 2113 vehuntur
1314 2051 1437 2131 spiritus
1471 2049 1652 2127 perficiatur,

300 2158 371 2218 ergo
394 2139 424 2199 in
448 2136 603 2216 spiritibus
625 2138 770 2199 residebit
793 2139 868 2200 haec
891 2138 1016 2202 visionis
1046 2140 1161 2219 species
1185 2159 1242 2201 non
1266 2139 1297 2202 in
1321 2137 1505 2202 humoribus.
1553 2137 1654 2213 Huius

301 2227 469 2290 affectionis
493 2227 572 2286 inira
595 2227 646 2290 flet
670 2227 842 2290 necessaria
865 2228 987 2290 mentio.

299 2429 460 2508 Appendix
489 2429 529 2490 ad
561 2433 652 2507 capnt
688 2429 835 2506 primum:
873 2434 906 2491 et
937 2430 1100 2492 ventilatio
1131 2431 1379 2506 argumentorum
1407 2426 1583 2490 Aristotelis
1617 2429 1655 2490 de

668 2517 793 2580 visione
815 2519 869 2581 lib.
893 2519 943 2594 11,
967 2519 1004 2580 de
1028 2518 1139 2580 Anima
1162 2534 1225 2595 cap.
1249 2516 1275 2578 7.

387 2661 428 2714 Εο
449 2660 581 2714 vanitatis
612 2669 800 2729 pervenerunt
826 2661 923 2732 inepta
953 2661 1089 2716 hominnm
1116 2659 1219 2722 studia,
1252 2665 1282 2712 ut
1303 2657 1405 2711 nullius
1427 2673 1514 2728 opera
1534 2659 1653 2714 celebris

298 2742 348 2794 flat
368 2739 420 2794 nisi
442 2741 487 2810 qui
509 2748 558 2794 aut
580 2739 707 2794 aedificet
728 2749 778 2795 aut
806 2741 935 2796 incendat
955 2742 1064 2795 Dianae
1091 2739 1239 2809 templum:
1269 2737 1314 2808 qui
1339 2738 1450 2808 inquam
1472 2743 1524 2792 aut
1544 2738 1652 2794 muniat

299 2839 328 2874 se
351 2820 519 2874 auctoritate
541 2819 701 2874 Aristotelis
724 2828 774 2875 aut
800 2829 897 2876 contra
922 2839 984 2874 euru
1010 2819 1149 2912 quaesita
1164 2817 1352 2872 ostentatione
1373 2817 1401 2870 in
1423 2817 1482 2872 acie
1505 2817 1651 2872 consistat.

300 2901 377 2964 Quae
400 2902 469 2954 adeo
492 2907 654 2963 causaest,
683 2917 730 2952 cur
758 2901 910 2972 opticorum
931 2901 1074 2956 verissima
1104 2899 1246 2952 axiomata
1229 2893 1332 2966 a(boc
1353 2897 1445 2966 capite
1468 2893 1654 2968 amplificata)

298 2981 433 3034 hactenns
455 2981 605 3050 neglectim
620 2980 722 3034 luerint
736 2981 816 3036 habit
805 2989 835 3036 ta
849 2987 878 3034 et
891 2999 942 3051 per
955 2983 1028 3034 hanc
1043 2979 1196 3050 opticorum
1209 2977 1380 3064 paucitatem
1397 2983 1512 3046 praeter
1527 2978 1654 3030 meritum

206 3071 213 3080 ·
298 3060 476 3112 Aristotelels
499 3059 620 3112 tenebris
651 3061 827 3130 posthabita,
859 3065 920 3114 dum
945 3061 1047 3130 ubique
1076 3064 1179 3130 regnat
1199 3035 1378 3118 Aristoteles,
1411 3057 1650 3112 dissimulantibus

299 3139 397 3208 opticis
420 3145 449 3191 et
470 3155 521 3191 aua
542 3139 671 3208 privatim
693 3141 824 3194 libertate
840 3141 985 3194 contentis.
1016 3141 1052 3194 Ut
1073 3139 1160 3210 igitur
1180 3136 1321 3191 contraria
1341 3135 1486 3190 contrariis
1501 3137 1652 3191 collatione

299 3219 376 3272 lacta
405 3219 580 3272 illustrentur
601 3228 631 3272 et
650 3220 823 3274 Aristotelici
853 3221 993 3275 tandem'
985 3238 1014 3275 m
1043 3219 1194 3288 opticorum
1224 3218 1348 3270 scholam
1375 3233 1425 3269 seu
1457 3216 1576 3270 discendi
1603 3233 1653 3269 εειι

299 3297 502 3350 contradicendi
531 3298 620 3351 studio
651 3300 863 3368 pertrahantur,
897 3301 979 3355 libuit
998 3300 1043 3354 hic
1063 3298 1222 3354 Aristotelis
1243 3299 1277 3350 de
1304 3297 1409 3350 risione
1441 3303 1596 3350 commenta
1617 3313 1655 3350 ex

298 3377 424 3446 professu
456 3376 602 3430 discutere.
644 3379 763 3448 Propria
793 3381 900 3450 quidem
931 3380 1030 3450 capitis
1062 3379 1150 3450 quinti
1179 3377 1314 3440 materia,
1346 3377 1369 3429 si
1397 3372 1478 3429 rdces
1501 3384 1531 3430 et
1555 3377 1652 3430 titulos

299 3463 418 3526 spectes,
442 3473 501 3508 cum
522 3457 603 3525 primi
625 3459 725 3528 capitis
747 3460 865 3515 materia
879 3461 917 3515 sit
938 3462 1031 3514 laxet
1052 3460 1166 3522 colores,
1190 3464 1292 3510 natura
1312 3447 1418 3524 priores
1439 3456 1545 3510 visust
1564 3455 1654 3518 oculo,

299 3552 369 3606 quae
390 3535 418 3588 in
439 3535 562 3605 quintum
585 3546 670 3608 caput
691 3545 735 3592 ret
724 3539 793 3601 tuli,
825 3543 872 3593 sed
893 3540 935 3594 ita
956 3545 1118 3610 comparata
1137 3543 1202 3591 sunt
1221 3535 1381 3589 Aristotelis
1408 3543 1589 3606 arguments,
1620 3543 1653 3588 ut

297 3631 396 3685 parum
418 3616 561 3669 admodum
582 3635 618 3671 ex
640 3618 732 3687 capite
754 3619 848 3687 quinto
875 3621 1065 3682 mutuandum,
1097 3624 1192 3671 cetera
1220 3615 1370 3670 rectissime
1400 3616 1453 3669 hoe
1479 3615 1538 3667 loco
1566 3630 1652 3684 expe·

298 3695 398 3748 dienda
418 3695 573 3749 rideantur.

386 3773 504 3827 Primum
527 3777 680 3830 sententias
702 3777 829 3848 singulas
850 3777 997 3847 pensitabo
1014 3785 1043 3830 ει
1064 3792 1135 3847 quae
1154 3775 1215 3828 inde
1237 3781 1397 3844 sequautur.
1426 3774 1533 3828 Deinde
1555 3773 1653 3827 seriem

299 3855 438 3924 integram
460 3863 685 3925 argumentorum
706 3863 800 3911 texam
822 3859 912 3927 adque
933 3874 967 3910 ea
986 3857 1167 3927 respondebo.
1210 3855 1281 3909 Sunt
1300 3853 1388 3924 igitur
1408 3855 1463 3908 bae
1484 3851 1654 3925 praecipuae

297 3934 462 3988 sententiae.
1686 3955 1690 3958 ·

320 4009 350 4082 l)
375 4014 457 4068 Color
477 4014 590 4083 proprie
611 4021 691 4068 etse
715 4015 774 4084 ipso
795 4017 827 4068 lit
847 4015 921 4068 risus
943 4014 1098 4082 subjeetum
1119 4020 1149 4068 ει
1169 4014 1257 4068 habet
1283 4012 1312 4066 in
1333 4029 1364 4066 se
1384 4013 1444 4083 ipso
1474 4027 1585 4068 causam
1605 4027 1654 4066 cur

376 4093 493 4147 risibilis
515 4095 630 4149 existat.

318 4169 347 4236 2)
376 4174 440 4228 Lux
462 4179 506 4226 εει
527 4179 606 4226 actus
627 4172 766 4242 perspicui
787 4179 923 4243 quatenus
944 4172 1127 4242 perspicuum.

318 4250 347 4316 3)
375 4255 428 4306 Est
450 4253 529 4322 qnasi
550 4253 676 4322 proprius
699 4252 808 4324 quidam
829 4253 915 4322 ipsius
937 4252 1075 4324 perspicui
1097 4252 1180 4316 color,
1203 4268 1263 4304 eum
1277 4250 1303 4304 id
1323 4267 1388 4304 rere
1408 4251 1585 4322 perspicuum
1599 4257 1652 4306 set.

317 4329 347 4396 4)
377 4333 439 4386 Νοιι
459 4339 503 4386 εει
523 4332 612 4402 ignis,
644 4349 732 4404 neque
761 4348 859 4402 corpus
888 4349 977 4402 neque
1007 4334 1132 4388 defluxus
1155 4347 1172 4384 a
1192 4347 1319 4400 corpore,
1350 4333 1399 4384 sed
1420 4337 1465 4384 εει
1490 4332 1653 4401 praesentia

376 4410 450 4482 ignis
472 4417 521 4465 ant
541 4413 660 4465 lucentis
681 4409 729 4466 dc.
751 4411 779 4464 in
799 4411 954 4481 perspicuo.

319 4485 348 4552 5)
377 4491 430 4543 Est
449 4490 611 4560 praeseutia
632 4493 658 4542 in
680 4507 794 4560 corpore
816 4491 929 4544 babitus
950 4489 1020 4559 ejus,
1042 4490 1077 4542 ob
1099 4505 1178 4559 quem
1200 4488 1227 4542 id
1246 4489 1421 4560 perspicuum
1443 4489 1551 4543 dicitur.

226 4563 229 4572 “
321 4564 350 4630 6)
379 4573 472 4638 Atque
493 4569 563 4622 baec
578 4570 619 4622 ita
640 4571 775 4640 capienda
793 4576 866 4633 suut,
888 4577 921 4624 ut
941 4569 1139 4640 intelligamus,
1163 4569 1273 4640 obloqui
1287 4569 1469 4624 Aristotelem
1480 4567 1650 4638 Empedocli,

377 4649 424 4716 qui
444 4649 564 4712 dixerat,
586 4649 652 4702 ferri
673 4652 761 4703 lucem
782 4649 913 4718 tendique
934 4649 1017 4702 rectis
1038 4649 1117 4702 lineis
1139 4648 1212 4702 inter
1226 4649 1339 4703 Terram
1357 4656 1387 4702 et
1401 4651 1472 4720 quod
1493 4665 1543 4702 noe
1565 4647 1654 4702 ambit

377 4733 461 4795 atque
481 4728 673 4796 complectitur
694 4723 834 4796 (coelum),
858 4729 911 4782 etsi
933 4745 952 4782 a
971 4729 1050 4782 nobis
1072 4745 1126 4782 non
1147 4728 1384 4783 animadvertatur
1403 4728 1430 4783 id
1450 4729 1518 4784 fleri.

320 4799 351 4872 7)
371 4805 486 4882 ⁴Eadem
505 4813 608 4862 natura
629 4808 749 4877 corporis
770 4813 823 4872 est,
846 4807 994 4877 quaejam
1013 4807 1207 4877 lusatiam
1227 4810 1370 4864 tenebras.
