<?xml version="1.0" encoding="UTF-8"?>
<!DOCTYPE html PUBLIC "-//W3C//DTD XHTML 1.0 Transitional//EN"
    "http://www.w3.org/TR/xhtml1/DTD/xhtml1-transitional.dtd">
<html xmlns="http://www.w3.org/1999/xhtml" xml:lang="en" lang="en">
 <head>
  <title>
</title>
<meta http-equiv="Content-Type" content="text/html;charset=utf-8" />
  <meta name='ocr-system' content='tesseract 3.04.00' />
  <meta name='ocr-capabilities' content='ocr_page ocr_carea ocr_par ocr_line ocrx_word'/>
</head>
<body>
  <div class='ocr_page' id='page_1' title='image "./joanniskepleria02unkngoog/joanniskepleria02unkngoog_0397.png"; bbox 0 0 3730 5528; ppageno 0'>
   <div class='ocr_carea' id='block_1_1' title="bbox 332 295 1195 363">
    <p class='ocr_par' dir='ltr' id='par_1_1' title="bbox 332 295 1195 363">
     <span class='ocr_line' id='line_1_1' title="bbox 332 295 1195 363; baseline -0.021 1"><span class='ocrx_word' id='word_1_1' title='bbox 332 295 400 363; x_wconf 77' lang='grc'><strong>368</strong></span> <span class='ocrx_word' id='word_1_2' title='bbox 828 295 1000 348; x_wconf 83' lang='lat' dir='ltr'><strong>Astrouomiaa</strong></span> <span class='ocrx_word' id='word_1_3' title='bbox 1017 295 1079 348; x_wconf 78' lang='lat' dir='ltr'><strong>Pars</strong></span> <span class='ocrx_word' id='word_1_4' title='bbox 1098 295 1195 362; x_wconf 87' lang='lat' dir='ltr'><strong>Optiea.</strong></span> 
     </span>
    </p>
   </div>
   <div class='ocr_carea' id='block_1_2' title="bbox 320 472 1690 4197">
    <p class='ocr_par' dir='ltr' id='par_1_2' title="bbox 327 472 1690 999">
     <span class='ocr_line' id='line_1_2' title="bbox 331 472 1690 556; baseline -0.003 -18"><span class='ocrx_word' id='word_1_5' title='bbox 331 479 460 539; x_wconf 90' lang='lat' dir='ltr'><strong>alterum</strong></span> <span class='ocrx_word' id='word_1_6' title='bbox 482 495 600 556; x_wconf 86' lang='lat' dir='ltr'><strong>semper</strong></span> <span class='ocrx_word' id='word_1_7' title='bbox 621 475 652 538; x_wconf 91' lang='lat' dir='ltr'><strong>in</strong></span> <span class='ocrx_word' id='word_1_8' title='bbox 675 476 734 537; x_wconf 93' lang='lat' dir='ltr'><strong>imo</strong></span> <span class='ocrx_word' id='word_1_9' title='bbox 757 475 871 536; x_wconf 85' lang='lat' dir='ltr'><strong>vertice</strong></span> <span class='ocrx_word' id='word_1_10' title='bbox 900 491 1024 548; x_wconf 87' lang='lat' dir='ltr'><strong>censeo,</strong></span> <span class='ocrx_word' id='word_1_11' title='bbox 1053 473 1131 553; x_wconf 90' lang='lat' dir='ltr'><strong>quod</strong></span> <span class='ocrx_word' id='word_1_12' title='bbox 1155 482 1256 535; x_wconf 74' lang='lat' dir='ltr'><strong>minen</strong></span> <span class='ocrx_word' id='word_1_13' title='bbox 1285 473 1355 534; x_wconf 91' lang='lat' dir='ltr'><strong>iude</strong></span> <span class='ocrx_word' id='word_1_14' title='bbox 1379 493 1397 533; x_wconf 94' lang='lat' dir='ltr'><strong>a</strong></span> <span class='ocrx_word' id='word_1_15' title='bbox 1420 473 1516 551; x_wconf 90' lang='lat' dir='ltr'><strong>prima</strong></span> <span class='ocrx_word' id='word_1_16' title='bbox 1539 472 1690 551; x_wconf 86' lang='lat' dir='ltr'><strong>paulatim</strong></span> 
     </span>
     <span class='ocr_line' id='line_1_3' title="bbox 328 561 1689 643; baseline -0.005 -14"><span class='ocrx_word' id='word_1_17' title='bbox 328 565 514 629; x_wconf 77' lang='lat' dir='ltr'>discedebat.</span> <span class='ocrx_word' id='word_1_18' title='bbox 551 566 597 628; x_wconf 84' lang='lat' dir='ltr'><strong>At</strong></span> <span class='ocrx_word' id='word_1_19' title='bbox 618 565 648 626; x_wconf 92' lang='lat' dir='ltr'><strong>in</strong></span> <span class='ocrx_word' id='word_1_20' title='bbox 673 570 773 639; x_wconf 87' lang='lat' dir='ltr'><strong>sexta,</strong></span> <span class='ocrx_word' id='word_1_21' title='bbox 797 563 846 624; x_wconf 92' lang='lat' dir='ltr'><strong>ubi</strong></span> <span class='ocrx_word' id='word_1_22' title='bbox 865 563 930 643; x_wconf 89' lang='lat' dir='ltr'><strong>jam</strong></span> <span class='ocrx_word' id='word_1_23' title='bbox 953 563 1108 624; x_wconf 80' lang='lat' dir='ltr'><strong>humilitas</strong></span> <span class='ocrx_word' id='word_1_24' title='bbox 1127 562 1179 624; x_wconf 93' lang='lat' dir='ltr'><strong>imi</strong></span> <span class='ocrx_word' id='word_1_25' title='bbox 1206 561 1327 624; x_wconf 86' lang='lat' dir='ltr'><strong>verticis</strong></span> <span class='ocrx_word' id='word_1_26' title='bbox 1351 563 1390 623; x_wconf 85' lang='lat' dir='ltr'><strong>ab</strong></span> <span class='ocrx_word' id='word_1_27' title='bbox 1413 561 1584 622; x_wconf 86' lang='lat' dir='ltr'><strong>bumilitate</strong></span> <span class='ocrx_word' id='word_1_28' title='bbox 1608 563 1689 624; x_wconf 87' lang='lat' dir='ltr'><strong>iule-</strong></span> 
     </span>
     <span class='ocr_line' id='line_1_4' title="bbox 327 645 1689 734; baseline -0.004 -17"><span class='ocrx_word' id='word_1_29' title='bbox 327 655 415 718; x_wconf 89' lang='lat' dir='ltr'><strong>rioris</strong></span> <span class='ocrx_word' id='word_1_30' title='bbox 443 671 533 715; x_wconf 90' lang='lat' dir='ltr'><strong>cornu</strong></span> <span class='ocrx_word' id='word_1_31' title='bbox 564 653 695 714; x_wconf 81' lang='lat' dir='ltr'><strong>discerni</strong></span> <span class='ocrx_word' id='word_1_32' title='bbox 723 653 839 734; x_wconf 91' lang='lat' dir='ltr'><strong>potuit,</strong></span> <span class='ocrx_word' id='word_1_33' title='bbox 873 651 975 731; x_wconf 83' lang='lat' dir='ltr'>prodit</span> <span class='ocrx_word' id='word_1_34' title='bbox 1006 669 1122 714; x_wconf 91' lang='lat' dir='ltr'><strong>rursum</strong></span> <span class='ocrx_word' id='word_1_35' title='bbox 1152 651 1308 714; x_wconf 79' lang='lat' dir='ltr'><strong>inclinatio</strong></span> <span class='ocrx_word' id='word_1_36' title='bbox 1332 649 1375 713; x_wconf 89' lang='grc'><strong>22</strong></span> <span class='ocrx_word' id='word_1_37' title='bbox 1385 645 1415 729; x_wconf 77' lang='grc'><strong>01,</strong></span> <span class='ocrx_word' id='word_1_38' title='bbox 1427 646 1449 713; x_wconf 93' lang='grc'><strong>0.</strong></span> <span class='ocrx_word' id='word_1_39' title='bbox 1496 651 1532 712; x_wconf 90' lang='lat' dir='ltr'><strong>Iu</strong></span> <span class='ocrx_word' id='word_1_40' title='bbox 1555 650 1689 729; x_wconf 89' lang='lat' dir='ltr'><strong>septima</strong></span> 
     </span>
     <span class='ocr_line' id='line_1_5' title="bbox 329 738 1687 821; baseline -0.003 -15"><span class='ocrx_word' id='word_1_41' title='bbox 329 740 399 814; x_wconf 83' lang='lat'><strong>26⁰,</strong></span> <span class='ocrx_word' id='word_1_42' title='bbox 425 742 528 821; x_wconf 87' lang='lat' dir='ltr'><strong>procul</strong></span> <span class='ocrx_word' id='word_1_43' title='bbox 552 741 640 802; x_wconf 91' lang='lat' dir='ltr'><strong>dubio</strong></span> <span class='ocrx_word' id='word_1_44' title='bbox 664 743 783 804; x_wconf 86' lang='lat' dir='ltr'><strong>vitiose.</strong></span> <span class='ocrx_word' id='word_1_45' title='bbox 822 741 857 802; x_wconf 92' lang='lat' dir='ltr'><strong>In</strong></span> <span class='ocrx_word' id='word_1_46' title='bbox 882 747 991 802; x_wconf 88' lang='lat' dir='ltr'><strong>octava</strong></span> <span class='ocrx_word' id='word_1_47' title='bbox 1009 738 1079 804; x_wconf 82' lang='lat'>20⁰.</span> <span class='ocrx_word' id='word_1_48' title='bbox 1117 739 1150 801; x_wconf 95' lang='lat' dir='ltr'><strong>In</strong></span> <span class='ocrx_word' id='word_1_49' title='bbox 1175 758 1255 800; x_wconf 89' lang='lat' dir='ltr'><strong>uuna</strong></span> <span class='ocrx_word' id='word_1_50' title='bbox 1271 748 1303 802; x_wconf 91' lang='lat' dir='ltr'><strong>et</strong></span> <span class='ocrx_word' id='word_1_51' title='bbox 1327 739 1433 802; x_wconf 91' lang='lat' dir='ltr'><strong>ultima</strong></span> <span class='ocrx_word' id='word_1_52' title='bbox 1457 739 1687 818; x_wconf 83' lang='lat' dir='ltr'><strong>diligentissime</strong></span> 
     </span>
     <span class='ocr_line' id='line_1_6' title="bbox 331 827 1686 910; baseline -0.001 -16"><span class='ocrx_word' id='word_1_53' title='bbox 331 827 435 908; x_wconf 76' lang='lat' dir='ltr'><strong>²²¹b⁰</strong></span> <span class='ocrx_word' id='word_1_54' title='bbox 458 831 486 893; x_wconf 92' lang='lat' dir='ltr'><strong>iu</strong></span> <span class='ocrx_word' id='word_1_55' title='bbox 510 830 576 910; x_wconf 89' lang='lat' dir='ltr'><strong>ipso</strong></span> <span class='ocrx_word' id='word_1_56' title='bbox 601 830 678 892; x_wconf 86' lang='lat' dir='ltr'><strong>fine:</strong></span> <span class='ocrx_word' id='word_1_57' title='bbox 703 849 780 910; x_wconf 88' lang='lat' dir='ltr'><strong>quae</strong></span> <span class='ocrx_word' id='word_1_58' title='bbox 804 829 966 892; x_wconf 87' lang='lat' dir='ltr'><strong>collatione</strong></span> <span class='ocrx_word' id='word_1_59' title='bbox 995 830 1125 891; x_wconf 91' lang='lat' dir='ltr'><strong>omnium</strong></span> <span class='ocrx_word' id='word_1_60' title='bbox 1149 836 1198 890; x_wconf 90' lang='lat' dir='ltr'><strong>est</strong></span> <span class='ocrx_word' id='word_1_61' title='bbox 1221 835 1253 891; x_wconf 91' lang='lat' dir='ltr'><strong>et</strong></span> <span class='ocrx_word' id='word_1_62' title='bbox 1275 829 1445 890; x_wconf 87' lang='lat' dir='ltr'><strong>verissima.</strong></span> <span class='ocrx_word' id='word_1_63' title='bbox 1492 828 1571 889; x_wconf 87' lang='lat' dir='ltr'><strong>Nam</strong></span> <span class='ocrx_word' id='word_1_64' title='bbox 1596 827 1686 892; x_wconf 90' lang='lat' dir='ltr'><strong>incli-</strong></span> 
     </span>
     <span class='ocr_line' id='line_1_7' title="bbox 327 911 1636 999; baseline -0.003 -18"><span class='ocrx_word' id='word_1_65' title='bbox 327 921 466 982; x_wconf 89' lang='lat' dir='ltr'><strong>nationes</strong></span> <span class='ocrx_word' id='word_1_66' title='bbox 490 919 546 980; x_wconf 89' lang='lat' dir='ltr'><strong>bae</strong></span> <span class='ocrx_word' id='word_1_67' title='bbox 570 918 599 980; x_wconf 91' lang='lat' dir='ltr'><strong>in</strong></span> <span class='ocrx_word' id='word_1_68' title='bbox 623 919 768 999; x_wconf 87' lang='lat' dir='ltr'><strong>principio</strong></span> <span class='ocrx_word' id='word_1_69' title='bbox 793 929 825 979; x_wconf 93' lang='lat' dir='ltr'><strong>et</strong></span> <span class='ocrx_word' id='word_1_70' title='bbox 847 918 904 980; x_wconf 88' lang='lat' dir='ltr'><strong>fine</strong></span> <span class='ocrx_word' id='word_1_71' title='bbox 928 919 1025 987; x_wconf 88' lang='lat' dir='ltr'><strong>tarde,</strong></span> <span class='ocrx_word' id='word_1_72' title='bbox 1049 917 1078 978; x_wconf 90' lang='lat' dir='ltr'><strong>iu</strong></span> <span class='ocrx_word' id='word_1_73' title='bbox 1097 917 1194 979; x_wconf 92' lang='lat' dir='ltr'><strong>medio</strong></span> <span class='ocrx_word' id='word_1_74' title='bbox 1218 917 1371 979; x_wconf 80' lang='lat' dir='ltr'><strong>celerrime</strong></span> <span class='ocrx_word' id='word_1_75' title='bbox 1394 917 1559 979; x_wconf 85' lang='lat' dir='ltr'><strong>variantur.</strong></span> <span class='ocrx_word' id='word_1_76' title='bbox 1580 911 1636 992; x_wconf 83' lang='lat'>¹⁰²)</span> 
     </span>
    </p>

    <p class='ocr_par' dir='ltr' id='par_1_3' title="bbox 321 1005 1686 2418">
     <span class='ocr_line' id='line_1_8' title="bbox 415 1005 1686 1088; baseline 0 -20"><span class='ocrx_word' id='word_1_77' title='bbox 415 1007 464 1068; x_wconf 91' lang='lat' dir='ltr'><strong>Da</strong></span> <span class='ocrx_word' id='word_1_78' title='bbox 487 1007 606 1068; x_wconf 89' lang='lat' dir='ltr'><strong>veniam</strong></span> <span class='ocrx_word' id='word_1_79' title='bbox 630 1009 740 1084; x_wconf 90' lang='lat' dir='ltr'><strong>lector,</strong></span> <span class='ocrx_word' id='word_1_80' title='bbox 766 1008 845 1088; x_wconf 93' lang='lat' dir='ltr'><strong>quod</strong></span> <span class='ocrx_word' id='word_1_81' title='bbox 868 1007 943 1068; x_wconf 86' lang='lat' dir='ltr'><strong>baec</strong></span> <span class='ocrx_word' id='word_1_82' title='bbox 966 1006 1022 1068; x_wconf 91' lang='lat' dir='ltr'><strong>tibi</strong></span> <span class='ocrx_word' id='word_1_83' title='bbox 1046 1025 1104 1067; x_wconf 90' lang='lat' dir='ltr'><strong>non</strong></span> <span class='ocrx_word' id='word_1_84' title='bbox 1135 1025 1348 1086; x_wconf 81' lang='lat' dir='ltr'><strong>usquequaque</strong></span> <span class='ocrx_word' id='word_1_85' title='bbox 1372 1005 1528 1086; x_wconf 89' lang='lat' dir='ltr'><strong>sibiipsis</strong></span> <span class='ocrx_word' id='word_1_86' title='bbox 1552 1023 1686 1068; x_wconf 89' lang='lat' dir='ltr'><strong>consona</strong></span> 
     </span>
     <span class='ocr_line' id='line_1_9' title="bbox 326 1093 1684 1176; baseline 0 -18"><span class='ocrx_word' id='word_1_87' title='bbox 326 1099 488 1159; x_wconf 88' lang='lat' dir='ltr'><strong>observata</strong></span> <span class='ocrx_word' id='word_1_88' title='bbox 511 1113 656 1176; x_wconf 90' lang='lat' dir='ltr'><strong>propono.</strong></span> <span class='ocrx_word' id='word_1_89' title='bbox 702 1093 874 1176; x_wconf 89' lang='lat' dir='ltr'><strong>Deliquium</strong></span> <span class='ocrx_word' id='word_1_90' title='bbox 897 1094 976 1156; x_wconf 89' lang='lat' dir='ltr'><strong>euim</strong></span> <span class='ocrx_word' id='word_1_91' title='bbox 999 1095 1117 1174; x_wconf 86' lang='lat' dir='ltr'><strong>insigne</strong></span> <span class='ocrx_word' id='word_1_92' title='bbox 1141 1095 1210 1168; x_wconf 85' lang='lat' dir='ltr'><strong>luit,</strong></span> <span class='ocrx_word' id='word_1_93' title='bbox 1236 1095 1314 1176; x_wconf 94' lang='lat' dir='ltr'><strong>qnod</strong></span> <span class='ocrx_word' id='word_1_94' title='bbox 1338 1116 1357 1156; x_wconf 91' lang='lat' dir='ltr'><strong>a</strong></span> <span class='ocrx_word' id='word_1_95' title='bbox 1381 1094 1558 1176; x_wconf 90' lang='lat' dir='ltr'><strong>quibusdam</strong></span> <span class='ocrx_word' id='word_1_96' title='bbox 1582 1103 1684 1158; x_wconf 90' lang='lat' dir='ltr'><strong>astro-</strong></span> 
     </span>
     <span class='ocr_line' id='line_1_10' title="bbox 326 1183 1685 1264; baseline 0.001 -18"><span class='ocrx_word' id='word_1_97' title='bbox 326 1185 420 1246; x_wconf 86' lang='lat' dir='ltr'><strong>comis</strong></span> <span class='ocrx_word' id='word_1_98' title='bbox 443 1186 630 1264; x_wconf 89' lang='lat' dir='ltr'><strong>permultos</strong></span> <span class='ocrx_word' id='word_1_99' title='bbox 655 1203 750 1247; x_wconf 92' lang='lat' dir='ltr'><strong>annos</strong></span> <span class='ocrx_word' id='word_1_100' title='bbox 774 1204 840 1247; x_wconf 90' lang='lat' dir='ltr'><strong>cnm</strong></span> <span class='ocrx_word' id='word_1_101' title='bbox 873 1183 1021 1245; x_wconf 88' lang='lat' dir='ltr'><strong>desiderio</strong></span> <span class='ocrx_word' id='word_1_102' title='bbox 1045 1184 1103 1245; x_wconf 90' lang='lat' dir='ltr'><strong>fuit</strong></span> <span class='ocrx_word' id='word_1_103' title='bbox 1131 1191 1343 1263; x_wconf 65' lang='lat' dir='ltr'><strong>expectatum</strong></span> <span class='ocrx_word' id='word_1_104' title='bbox 1376 1203 1471 1264; x_wconf 88' lang='lat' dir='ltr'><strong>neque</strong></span> <span class='ocrx_word' id='word_1_105' title='bbox 1501 1193 1603 1246; x_wconf 89' lang='lat' dir='ltr'><strong>tamen</strong></span> <span class='ocrx_word' id='word_1_106' title='bbox 1627 1186 1685 1247; x_wconf 88' lang='lat' dir='ltr'><strong>nisi</strong></span> 
     </span>
     <span class='ocr_line' id='line_1_11' title="bbox 324 1269 1684 1354; baseline -0.001 -19"><span class='ocrx_word' id='word_1_107' title='bbox 324 1271 513 1354; x_wconf 81' lang='lat' dir='ltr'><strong>paucissimis</strong></span> <span class='ocrx_word' id='word_1_108' title='bbox 538 1273 612 1336; x_wconf 88' lang='lat' dir='ltr'><strong>locis</strong></span> <span class='ocrx_word' id='word_1_109' title='bbox 635 1274 750 1350; x_wconf 87' lang='lat' dir='ltr'><strong>visum,</strong></span> <span class='ocrx_word' id='word_1_110' title='bbox 785 1273 869 1335; x_wconf 89' lang='lat' dir='ltr'><strong>coelo</strong></span> <span class='ocrx_word' id='word_1_111' title='bbox 893 1273 1004 1334; x_wconf 91' lang='lat' dir='ltr'><strong>nubilo.</strong></span> <span class='ocrx_word' id='word_1_112' title='bbox 1053 1269 1155 1342; x_wconf 88' lang='lat' dir='ltr'><strong>Quare</strong></span> <span class='ocrx_word' id='word_1_113' title='bbox 1185 1279 1343 1351; x_wconf 87' lang='lat' dir='ltr'><strong>praestare</strong></span> <span class='ocrx_word' id='word_1_114' title='bbox 1366 1280 1440 1352; x_wconf 89' lang='lat' dir='ltr'><strong>puto</strong></span> <span class='ocrx_word' id='word_1_115' title='bbox 1464 1274 1540 1334; x_wconf 88' lang='lat' dir='ltr'><strong>haee</strong></span> <span class='ocrx_word' id='word_1_116' title='bbox 1564 1273 1684 1354; x_wconf 91' lang='lat' dir='ltr'><strong>qualia-</strong></span> 
     </span>
     <span class='ocr_line' id='line_1_12' title="bbox 324 1361 1683 1443; baseline 0.001 -20"><span class='ocrx_word' id='word_1_117' title='bbox 324 1380 438 1443; x_wconf 90' lang='lat' dir='ltr'><strong>cunque</strong></span> <span class='ocrx_word' id='word_1_118' title='bbox 470 1363 507 1424; x_wconf 91' lang='lat' dir='ltr'><strong>de</strong></span> <span class='ocrx_word' id='word_1_119' title='bbox 538 1381 574 1424; x_wconf 89' lang='lat' dir='ltr'><strong>eo</strong></span> <span class='ocrx_word' id='word_1_120' title='bbox 607 1370 731 1438; x_wconf 72' lang='lat' dir='ltr'><strong>exmre,</strong></span> <span class='ocrx_word' id='word_1_121' title='bbox 766 1380 853 1442; x_wconf 89' lang='lat' dir='ltr'><strong>quam</strong></span> <span class='ocrx_word' id='word_1_122' title='bbox 894 1362 985 1440; x_wconf 90' lang='lat' dir='ltr'><strong>plane</strong></span> <span class='ocrx_word' id='word_1_123' title='bbox 1019 1361 1243 1423; x_wconf 89' lang='lat' dir='ltr'><strong>inobservatum</strong></span> <span class='ocrx_word' id='word_1_124' title='bbox 1276 1361 1390 1423; x_wconf 89' lang='lat' dir='ltr'><strong>baberi.</strong></span> <span class='ocrx_word' id='word_1_125' title='bbox 1444 1363 1549 1442; x_wconf 88' lang='lat' dir='ltr'><strong>Neque</strong></span> <span class='ocrx_word' id='word_1_126' title='bbox 1583 1372 1683 1424; x_wconf 89' lang='lat' dir='ltr'><strong>tamen</strong></span> 
     </span>
     <span class='ocr_line' id='line_1_13' title="bbox 324 1447 1685 1529; baseline 0.001 -17"><span class='ocrx_word' id='word_1_127' title='bbox 324 1459 412 1512; x_wconf 92' lang='lat' dir='ltr'><strong>tanta</strong></span> <span class='ocrx_word' id='word_1_128' title='bbox 442 1450 523 1512; x_wconf 86' lang='lat' dir='ltr'><strong>inest</strong></span> <span class='ocrx_word' id='word_1_129' title='bbox 553 1451 747 1526; x_wconf 86' lang='lat' dir='ltr'><strong>incertitudo,</strong></span> <span class='ocrx_word' id='word_1_130' title='bbox 781 1458 815 1512; x_wconf 90' lang='lat' dir='ltr'><strong>ut</strong></span> <span class='ocrx_word' id='word_1_131' title='bbox 846 1450 996 1529; x_wconf 89' lang='lat' dir='ltr'><strong>repudiari</strong></span> <span class='ocrx_word' id='word_1_132' title='bbox 1030 1449 1170 1511; x_wconf 87' lang='lat' dir='ltr'><strong>debeant.</strong></span> <span class='ocrx_word' id='word_1_133' title='bbox 1227 1447 1314 1520; x_wconf 84' lang='lat' dir='ltr'><strong>Quod</strong></span> <span class='ocrx_word' id='word_1_134' title='bbox 1348 1451 1426 1512; x_wconf 91' lang='lat' dir='ltr'><strong>enim</strong></span> <span class='ocrx_word' id='word_1_135' title='bbox 1461 1450 1562 1512; x_wconf 90' lang='lat' dir='ltr'><strong>omnia</strong></span> <span class='ocrx_word' id='word_1_136' title='bbox 1594 1451 1685 1514; x_wconf 92' lang='lat' dir='ltr'><strong>dubia</strong></span> 
     </span>
     <span class='ocr_line' id='line_1_14' title="bbox 324 1537 1684 1618; baseline -0.001 -14"><span class='ocrx_word' id='word_1_137' title='bbox 324 1539 456 1614; x_wconf 89' lang='lat' dir='ltr'><strong>recludo,</strong></span> <span class='ocrx_word' id='word_1_138' title='bbox 481 1539 621 1602; x_wconf 90' lang='lat' dir='ltr'><strong>candoris</strong></span> <span class='ocrx_word' id='word_1_139' title='bbox 644 1542 702 1602; x_wconf 91' lang='lat' dir='ltr'><strong>mei</strong></span> <span class='ocrx_word' id='word_1_140' title='bbox 726 1547 785 1602; x_wconf 88' lang='lat' dir='ltr'><strong>est.</strong></span> <span class='ocrx_word' id='word_1_141' title='bbox 832 1540 877 1601; x_wconf 86' lang='lat' dir='ltr'><strong>At</strong></span> <span class='ocrx_word' id='word_1_142' title='bbox 899 1558 957 1600; x_wconf 92' lang='lat' dir='ltr'><strong>uon</strong></span> <span class='ocrx_word' id='word_1_143' title='bbox 981 1538 1090 1618; x_wconf 89' lang='lat' dir='ltr'><strong>ubique</strong></span> <span class='ocrx_word' id='word_1_144' title='bbox 1114 1537 1288 1602; x_wconf 87' lang='lat' dir='ltr'><strong>necessaria</strong></span> <span class='ocrx_word' id='word_1_145' title='bbox 1313 1547 1380 1601; x_wconf 91' lang='lat' dir='ltr'><strong>erat</strong></span> <span class='ocrx_word' id='word_1_146' title='bbox 1403 1539 1588 1602; x_wconf 79' lang='lat' dir='ltr'><strong>admonitio:</strong></span> <span class='ocrx_word' id='word_1_147' title='bbox 1613 1557 1684 1602; x_wconf 89' lang='lat' dir='ltr'><strong>uam</strong></span> 
     </span>
     <span class='ocr_line' id='line_1_15' title="bbox 325 1627 1683 1709; baseline 0 -19"><span class='ocrx_word' id='word_1_148' title='bbox 325 1629 380 1690; x_wconf 91' lang='lat' dir='ltr'><strong>sub</strong></span> <span class='ocrx_word' id='word_1_149' title='bbox 404 1629 492 1689; x_wconf 87' lang='lat' dir='ltr'><strong>finem</strong></span> <span class='ocrx_word' id='word_1_150' title='bbox 516 1628 639 1708; x_wconf 87' lang='lat' dir='ltr'><strong>eclipsis</strong></span> <span class='ocrx_word' id='word_1_151' title='bbox 664 1630 735 1703; x_wconf 89' lang='lat' dir='ltr'><strong>duo,</strong></span> <span class='ocrx_word' id='word_1_152' title='bbox 768 1646 845 1709; x_wconf 88' lang='lat' dir='ltr'><strong>quae</strong></span> <span class='ocrx_word' id='word_1_153' title='bbox 876 1628 1038 1690; x_wconf 85' lang='lat' dir='ltr'><strong>observatu</strong></span> <span class='ocrx_word' id='word_1_154' title='bbox 1071 1627 1186 1690; x_wconf 88' lang='lat' dir='ltr'><strong>lubrica</strong></span> <span class='ocrx_word' id='word_1_155' title='bbox 1209 1636 1280 1690; x_wconf 89' lang='lat' dir='ltr'><strong>sunt</strong></span> <span class='ocrx_word' id='word_1_156' title='bbox 1303 1635 1335 1689; x_wconf 90' lang='lat' dir='ltr'><strong>et</strong></span> <span class='ocrx_word' id='word_1_157' title='bbox 1358 1628 1395 1689; x_wconf 89' lang='lat' dir='ltr'><strong>de</strong></span> <span class='ocrx_word' id='word_1_158' title='bbox 1418 1629 1524 1708; x_wconf 90' lang='lat' dir='ltr'><strong>quibus</strong></span> <span class='ocrx_word' id='word_1_159' title='bbox 1555 1629 1683 1709; x_wconf 90' lang='lat' dir='ltr'><strong>singulis</strong></span> 
     </span>
     <span class='ocr_line' id='line_1_16' title="bbox 325 1716 1683 1797; baseline -0.001 -17"><span class='ocrx_word' id='word_1_160' title='bbox 325 1718 452 1780; x_wconf 88' lang='lat' dir='ltr'><strong>seorsim</strong></span> <span class='ocrx_word' id='word_1_161' title='bbox 478 1716 615 1779; x_wconf 88' lang='lat' dir='ltr'><strong>dubitare</strong></span> <span class='ocrx_word' id='word_1_162' title='bbox 638 1735 772 1797; x_wconf 88' lang='lat' dir='ltr'><strong>possum,</strong></span> <span class='ocrx_word' id='word_1_163' title='bbox 798 1737 835 1778; x_wconf 92' lang='lat' dir='ltr'><strong>an</strong></span> <span class='ocrx_word' id='word_1_164' title='bbox 860 1725 910 1778; x_wconf 89' lang='lat' dir='ltr'><strong>sat</strong></span> <span class='ocrx_word' id='word_1_165' title='bbox 934 1716 1038 1778; x_wconf 81' lang='lat' dir='ltr'><strong>luerim</strong></span> <span class='ocrx_word' id='word_1_166' title='bbox 1063 1723 1215 1790; x_wconf 91' lang='lat' dir='ltr'><strong>attentus,</strong></span> <span class='ocrx_word' id='word_1_167' title='bbox 1248 1717 1277 1779; x_wconf 92' lang='lat' dir='ltr'><strong>in</strong></span> <span class='ocrx_word' id='word_1_168' title='bbox 1301 1735 1391 1780; x_wconf 92' lang='lat' dir='ltr'><strong>uuum</strong></span> <span class='ocrx_word' id='word_1_169' title='bbox 1415 1717 1477 1779; x_wconf 87' lang='lat' dir='ltr'><strong>fere</strong></span> <span class='ocrx_word' id='word_1_170' title='bbox 1501 1727 1683 1780; x_wconf 88' lang='lat' dir='ltr'><strong>momentum</strong></span> 
     </span>
     <span class='ocr_line' id='line_1_17' title="bbox 325 1805 1684 1887; baseline 0 -19"><span class='ocrx_word' id='word_1_171' title='bbox 325 1806 501 1886; x_wconf 87' lang='lat' dir='ltr'><strong>conspirant</strong></span> <span class='ocrx_word' id='word_1_172' title='bbox 524 1806 726 1868; x_wconf 86' lang='lat' dir='ltr'><strong>sincerissime</strong></span> <span class='ocrx_word' id='word_1_173' title='bbox 746 1813 778 1867; x_wconf 90' lang='lat' dir='ltr'><strong>et</strong></span> <span class='ocrx_word' id='word_1_174' title='bbox 800 1806 881 1867; x_wconf 88' lang='lat' dir='ltr'><strong>nullo</strong></span> <span class='ocrx_word' id='word_1_175' title='bbox 905 1806 993 1885; x_wconf 88' lang='lat' dir='ltr'><strong>plane</strong></span> <span class='ocrx_word' id='word_1_176' title='bbox 1018 1805 1214 1884; x_wconf 87' lang='lat' dir='ltr'><strong>praejudicio,</strong></span> <span class='ocrx_word' id='word_1_177' title='bbox 1240 1825 1277 1867; x_wconf 88' lang='lat' dir='ltr'><strong>ex</strong></span> <span class='ocrx_word' id='word_1_178' title='bbox 1292 1805 1503 1868; x_wconf 88' lang='lat' dir='ltr'><strong>observatione</strong></span> <span class='ocrx_word' id='word_1_179' title='bbox 1526 1807 1684 1887; x_wconf 90' lang='lat' dir='ltr'><strong>proposita</strong></span> 
     </span>
     <span class='ocr_line' id='line_1_18' title="bbox 324 1893 1682 1978; baseline -0.001 -21"><span class='ocrx_word' id='word_1_180' title='bbox 324 1896 499 1976; x_wconf 90' lang='lat' dir='ltr'><strong>priusquam</strong></span> <span class='ocrx_word' id='word_1_181' title='bbox 523 1895 784 1956; x_wconf 78' lang='lat' dir='ltr'><strong>examinarentur:</strong></span> <span class='ocrx_word' id='word_1_182' title='bbox 810 1895 938 1956; x_wconf 90' lang='lat' dir='ltr'><strong>altitudo</strong></span> <span class='ocrx_word' id='word_1_183' title='bbox 963 1893 1044 1956; x_wconf 89' lang='lat' dir='ltr'><strong>Solis</strong></span> <span class='ocrx_word' id='word_1_184' title='bbox 1069 1903 1101 1956; x_wconf 88' lang='lat' dir='ltr'><strong>et</strong></span> <span class='ocrx_word' id='word_1_185' title='bbox 1122 1893 1251 1973; x_wconf 88' lang='lat' dir='ltr'><strong>angulus</strong></span> <span class='ocrx_word' id='word_1_186' title='bbox 1274 1896 1353 1957; x_wconf 89' lang='lat' dir='ltr'><strong>inter</strong></span> <span class='ocrx_word' id='word_1_187' title='bbox 1377 1895 1494 1975; x_wconf 91' lang='lat' dir='ltr'><strong>ellipsin</strong></span> <span class='ocrx_word' id='word_1_188' title='bbox 1515 1905 1547 1957; x_wconf 91' lang='lat' dir='ltr'><strong>et</strong></span> <span class='ocrx_word' id='word_1_189' title='bbox 1569 1896 1682 1978; x_wconf 90' lang='lat' dir='ltr'><strong>byper-</strong></span> 
     </span>
     <span class='ocr_line' id='line_1_19' title="bbox 323 1981 1680 2064; baseline 0 -19"><span class='ocrx_word' id='word_1_190' title='bbox 323 1981 434 2046; x_wconf 90' lang='lat' dir='ltr'><strong>bolam.</strong></span> <span class='ocrx_word' id='word_1_191' title='bbox 480 1981 523 2044; x_wconf 86' lang='lat' dir='ltr'><strong>Et</strong></span> <span class='ocrx_word' id='word_1_192' title='bbox 553 1982 600 2044; x_wconf 89' lang='lat' dir='ltr'><strong>hic</strong></span> <span class='ocrx_word' id='word_1_193' title='bbox 632 1984 698 2064; x_wconf 87' lang='lat' dir='ltr'><strong>ipse</strong></span> <span class='ocrx_word' id='word_1_194' title='bbox 729 2001 894 2044; x_wconf 86' lang='lat' dir='ltr'><strong>consensus</strong></span> <span class='ocrx_word' id='word_1_195' title='bbox 917 2001 977 2046; x_wconf 90' lang='lat' dir='ltr'><strong>non</strong></span> <span class='ocrx_word' id='word_1_196' title='bbox 1009 1989 1056 2044; x_wconf 88' lang='lat' dir='ltr'><strong>est</strong></span> <span class='ocrx_word' id='word_1_197' title='bbox 1080 1983 1236 2057; x_wconf 89' lang='lat' dir='ltr'><strong>fortuitus,</strong></span> <span class='ocrx_word' id='word_1_198' title='bbox 1270 1984 1324 2046; x_wconf 91' lang='lat' dir='ltr'><strong>sed</strong></span> <span class='ocrx_word' id='word_1_199' title='bbox 1357 2004 1423 2046; x_wconf 90' lang='lat' dir='ltr'><strong>cum</strong></span> <span class='ocrx_word' id='word_1_200' title='bbox 1456 1985 1627 2046; x_wconf 89' lang='lat' dir='ltr'><strong>observatis</strong></span> <span class='ocrx_word' id='word_1_201' title='bbox 1651 1987 1680 2046; x_wconf 88' lang='lat' dir='ltr'><strong>in</strong></span> 
     </span>
     <span class='ocr_line' id='line_1_20' title="bbox 322 2069 1683 2154; baseline 0.001 -21"><span class='ocrx_word' id='word_1_202' title='bbox 322 2072 458 2134; x_wconf 87' lang='lat' dir='ltr'><strong>Saxonis</strong></span> <span class='ocrx_word' id='word_1_203' title='bbox 481 2078 513 2132; x_wconf 90' lang='lat' dir='ltr'><strong>et</strong></span> <span class='ocrx_word' id='word_1_204' title='bbox 537 2071 637 2133; x_wconf 86' lang='lat' dir='ltr'><strong>Dania</strong></span> <span class='ocrx_word' id='word_1_205' title='bbox 659 2091 784 2153; x_wconf 88' lang='lat' dir='ltr'><strong>eumque</strong></span> <span class='ocrx_word' id='word_1_206' title='bbox 807 2072 874 2154; x_wconf 86' lang='lat' dir='ltr'><strong>ipso</strong></span> <span class='ocrx_word' id='word_1_207' title='bbox 895 2069 1046 2153; x_wconf 79' lang='lat' dir='ltr'><strong>Tycbonis</strong></span> <span class='ocrx_word' id='word_1_208' title='bbox 1070 2079 1214 2134; x_wconf 87' lang='lat' dir='ltr'><strong>renovato</strong></span> <span class='ocrx_word' id='word_1_209' title='bbox 1238 2073 1354 2134; x_wconf 90' lang='lat' dir='ltr'><strong>calculo</strong></span> <span class='ocrx_word' id='word_1_210' title='bbox 1378 2073 1578 2136; x_wconf 84' lang='lat' dir='ltr'><strong>consentiunt</strong></span> <span class='ocrx_word' id='word_1_211' title='bbox 1615 2074 1683 2136; x_wconf 87' lang='lat' dir='ltr'><strong>Nec</strong></span> 
     </span>
     <span class='ocr_line' id='line_1_21' title="bbox 323 2159 1683 2241; baseline 0.002 -21"><span class='ocrx_word' id='word_1_212' title='bbox 323 2161 385 2221; x_wconf 87' lang='lat' dir='ltr'><strong>scio</strong></span> <span class='ocrx_word' id='word_1_213' title='bbox 411 2159 482 2240; x_wconf 92' lang='lat' dir='ltr'><strong>quid</strong></span> <span class='ocrx_word' id='word_1_214' title='bbox 505 2168 612 2222; x_wconf 89' lang='lat' dir='ltr'><strong>eontra</strong></span> <span class='ocrx_word' id='word_1_215' title='bbox 644 2170 772 2241; x_wconf 88' lang='lat' dir='ltr'><strong>quatuor</strong></span> <span class='ocrx_word' id='word_1_216' title='bbox 804 2161 1030 2223; x_wconf 87' lang='lat' dir='ltr'><strong>eonsentientes</strong></span> <span class='ocrx_word' id='word_1_217' title='bbox 1063 2167 1160 2222; x_wconf 87' lang='lat' dir='ltr'><strong>testes</strong></span> <span class='ocrx_word' id='word_1_218' title='bbox 1191 2161 1289 2240; x_wconf 83' lang='lat' dir='ltr'><strong>excipi</strong></span> <span class='ocrx_word' id='word_1_219' title='bbox 1319 2163 1425 2240; x_wconf 84' lang='lat' dir='ltr'><strong>possit.</strong></span> <span class='ocrx_word' id='word_1_220' title='bbox 1474 2161 1616 2224; x_wconf 83' lang='lat' dir='ltr'><strong>Ceterum</strong></span> <span class='ocrx_word' id='word_1_221' title='bbox 1646 2163 1683 2225; x_wconf 89' lang='lat' dir='ltr'><strong>de</strong></span> 
     </span>
     <span class='ocr_line' id='line_1_22' title="bbox 321 2249 1684 2331; baseline 0.003 -21"><span class='ocrx_word' id='word_1_222' title='bbox 321 2249 515 2311; x_wconf 86' lang='lat' dir='ltr'><strong>inclinatione</strong></span> <span class='ocrx_word' id='word_1_223' title='bbox 545 2251 740 2329; x_wconf 90' lang='lat' dir='ltr'><strong>sequentibus</strong></span> <span class='ocrx_word' id='word_1_224' title='bbox 768 2249 968 2331; x_wconf 89' lang='lat' dir='ltr'><strong>problematis</strong></span> <span class='ocrx_word' id='word_1_225' title='bbox 993 2249 1048 2310; x_wconf 90' lang='lat' dir='ltr'><strong>hcc</strong></span> <span class='ocrx_word' id='word_1_226' title='bbox 1078 2249 1157 2313; x_wconf 91' lang='lat' dir='ltr'><strong>idem</strong></span> <span class='ocrx_word' id='word_1_227' title='bbox 1186 2249 1348 2330; x_wconf 88' lang='lat' dir='ltr'><strong>inquiram,</strong></span> <span class='ocrx_word' id='word_1_228' title='bbox 1379 2271 1416 2312; x_wconf 88' lang='lat' dir='ltr'><strong>an</strong></span> <span class='ocrx_word' id='word_1_229' title='bbox 1441 2269 1508 2313; x_wconf 89' lang='lat' dir='ltr'><strong>cum</strong></span> <span class='ocrx_word' id='word_1_230' title='bbox 1532 2251 1579 2313; x_wconf 89' lang='lat' dir='ltr'><strong>his</strong></span> <span class='ocrx_word' id='word_1_231' title='bbox 1602 2261 1684 2314; x_wconf 89' lang='lat' dir='ltr'><strong>tem-</strong></span> 
     </span>
     <span class='ocr_line' id='line_1_23' title="bbox 321 2338 671 2418; baseline 0.006 -19"><span class='ocrx_word' id='word_1_232' title='bbox 321 2338 445 2418; x_wconf 89' lang='lat' dir='ltr'><strong>poribus</strong></span> <span class='ocrx_word' id='word_1_233' title='bbox 468 2338 671 2402; x_wconf 87' lang='lat' dir='ltr'><strong>consentiant.</strong></span> 
     </span>
    </p>

    <p class='ocr_par' dir='ltr' id='par_1_4' title="bbox 320 2425 1683 3218">
     <span class='ocr_line' id='line_1_24' title="bbox 412 2425 1683 2508; baseline 0.002 -20"><span class='ocrx_word' id='word_1_234' title='bbox 412 2425 608 2488; x_wconf 89' lang='lat' dir='ltr'><strong>Problema</strong></span> <span class='ocrx_word' id='word_1_235' title='bbox 629 2427 749 2491; x_wconf 89' lang='lat' dir='ltr'>XXIV.</span> <span class='ocrx_word' id='word_1_236' title='bbox 796 2428 893 2489; x_wconf 91' lang='lat' dir='ltr'><strong>Dato</strong></span> <span class='ocrx_word' id='word_1_237' title='bbox 924 2433 1108 2504; x_wconf 88' lang='lat' dir='ltr'><strong>tempore,</strong></span> <span class='ocrx_word' id='word_1_238' title='bbox 1139 2427 1361 2508; x_wconf 90' lang='lat' dir='ltr'><strong>quantitate</strong></span> <span class='ocrx_word' id='word_1_239' title='bbox 1393 2429 1580 2502; x_wconf 86' lang='lat' dir='ltr'><strong>defectus,</strong></span> <span class='ocrx_word' id='word_1_240' title='bbox 1605 2429 1683 2491; x_wconf 86' lang='lat' dir='ltr'><strong>dia-</strong></span> 
     </span>
     <span class='ocr_line' id='line_1_25' title="bbox 322 2514 1682 2595; baseline 0.002 -17"><span class='ocrx_word' id='word_1_241' title='bbox 322 2514 449 2578; x_wconf 90' lang='lat' dir='ltr'><strong>metris</strong></span> <span class='ocrx_word' id='word_1_242' title='bbox 473 2515 647 2578; x_wconf 88' lang='lat' dir='ltr'><strong>luminum</strong></span> <span class='ocrx_word' id='word_1_243' title='bbox 666 2524 703 2577; x_wconf 95' lang='lat' dir='ltr'><strong>et</strong></span> <span class='ocrx_word' id='word_1_244' title='bbox 721 2515 968 2577; x_wconf 88' lang='lat' dir='ltr'><strong>inclinatione</strong></span> <span class='ocrx_word' id='word_1_245' title='bbox 992 2515 1122 2577; x_wconf 91' lang='lat' dir='ltr'><strong>circuli</strong></span> <span class='ocrx_word' id='word_1_246' title='bbox 1141 2532 1207 2595; x_wconf 88' lang='lat' dir='ltr'><strong>per</strong></span> <span class='ocrx_word' id='word_1_247' title='bbox 1230 2524 1360 2578; x_wconf 88' lang='lat' dir='ltr'><strong>centra</strong></span> <span class='ocrx_word' id='word_1_248' title='bbox 1383 2518 1428 2579; x_wconf 94' lang='lat' dir='ltr'><strong>ad</strong></span> <span class='ocrx_word' id='word_1_249' title='bbox 1448 2517 1682 2592; x_wconf 88' lang='lat' dir='ltr'><strong>verticalem,</strong></span> 
     </span>
     <span class='ocr_line' id='line_1_26' title="bbox 321 2603 1681 2686; baseline 0.003 -20"><span class='ocrx_word' id='word_1_250' title='bbox 321 2623 450 2668; x_wconf 87' lang='lat' dir='ltr'><strong>eruere</strong></span> <span class='ocrx_word' id='word_1_251' title='bbox 474 2603 718 2666; x_wconf 89' lang='lat' dir='ltr'><strong>latitudinem</strong></span> <span class='ocrx_word' id='word_1_252' title='bbox 741 2604 929 2668; x_wconf 86' lang='lat' dir='ltr'><strong>visibilem</strong></span> <span class='ocrx_word' id='word_1_253' title='bbox 951 2605 1077 2666; x_wconf 91' lang='lat' dir='ltr'><strong>Lunae</strong></span> <span class='ocrx_word' id='word_1_254' title='bbox 1101 2625 1120 2666; x_wconf 92' lang='lat' dir='ltr'><strong>a</strong></span> <span class='ocrx_word' id='word_1_255' title='bbox 1143 2603 1247 2682; x_wconf 89' lang='lat' dir='ltr'><strong>Sole,</strong></span> <span class='ocrx_word' id='word_1_256' title='bbox 1279 2613 1318 2666; x_wconf 94' lang='lat' dir='ltr'><strong>ut</strong></span> <span class='ocrx_word' id='word_1_257' title='bbox 1341 2613 1376 2666; x_wconf 88' lang='lat' dir='ltr'><strong>et</strong></span> <span class='ocrx_word' id='word_1_258' title='bbox 1399 2606 1681 2686; x_wconf 87' lang='lat' dir='ltr'><strong>longitudinem.</strong></span> 
     </span>
     <span class='ocr_line' id='line_1_27' title="bbox 321 2693 1683 2773; baseline 0.001 -17"><span class='ocrx_word' id='word_1_259' title='bbox 321 2694 480 2756; x_wconf 86' lang='lat' dir='ltr'><strong>Problema</strong></span> <span class='ocrx_word' id='word_1_260' title='bbox 502 2693 657 2756; x_wconf 90' lang='lat' dir='ltr'><strong>Maestlini</strong></span> <span class='ocrx_word' id='word_1_261' title='bbox 692 2700 760 2769; x_wconf 90' lang='lat' dir='ltr'><strong>est,</strong></span> <span class='ocrx_word' id='word_1_262' title='bbox 794 2695 848 2754; x_wconf 87' lang='lat' dir='ltr'><strong>sed</strong></span> <span class='ocrx_word' id='word_1_263' title='bbox 876 2693 910 2754; x_wconf 86' lang='lat' dir='ltr'><strong>lit</strong></span> <span class='ocrx_word' id='word_1_264' title='bbox 938 2709 993 2772; x_wconf 87' lang='lat' dir='ltr'><strong>per</strong></span> <span class='ocrx_word' id='word_1_265' title='bbox 1028 2701 1163 2754; x_wconf 88' lang='lat' dir='ltr'><strong>nostram</strong></span> <span class='ocrx_word' id='word_1_266' title='bbox 1195 2693 1424 2773; x_wconf 87' lang='lat' dir='ltr'><strong>parallactieam</strong></span> <span class='ocrx_word' id='word_1_267' title='bbox 1458 2695 1585 2756; x_wconf 86' lang='lat' dir='ltr'><strong>facilius.</strong></span> <span class='ocrx_word' id='word_1_268' title='bbox 1633 2696 1683 2760; x_wconf 89' lang='lat' dir='ltr'><strong>Sit</strong></span> 
     </span>
     <span class='ocr_line' id='line_1_28' title="bbox 321 2780 1682 2866; baseline 0.003 -23"><span class='ocrx_word' id='word_1_269' title='bbox 321 2784 425 2845; x_wconf 89' lang='lat' dir='ltr'><strong>datum</strong></span> <span class='ocrx_word' id='word_1_270' title='bbox 451 2782 673 2844; x_wconf 84' lang='lat' dir='ltr'><strong>observationis</strong></span> <span class='ocrx_word' id='word_1_271' title='bbox 695 2781 876 2863; x_wconf 84' lang='lat' dir='ltr'><strong>principium</strong></span> <span class='ocrx_word' id='word_1_272' title='bbox 898 2783 974 2844; x_wconf 89' lang='lat' dir='ltr'><strong>bora</strong></span> <span class='ocrx_word' id='word_1_273' title='bbox 1004 2780 1050 2843; x_wconf 80' lang='lat'><strong>10.</strong></span> <span class='ocrx_word' id='word_1_274' title='bbox 1076 2780 1141 2850; x_wconf 84' lang='grc'><strong>270,</strong></span> <span class='ocrx_word' id='word_1_275' title='bbox 1170 2784 1289 2861; x_wconf 92' lang='lat' dir='ltr'><strong>quando</strong></span> <span class='ocrx_word' id='word_1_276' title='bbox 1318 2783 1431 2845; x_wconf 82' lang='lat' dir='ltr'><strong>deiecit</strong></span> <span class='ocrx_word' id='word_1_277' title='bbox 1459 2784 1571 2862; x_wconf 89' lang='lat' dir='ltr'><strong>digitus</strong></span> <span class='ocrx_word' id='word_1_278' title='bbox 1595 2786 1682 2866; x_wconf 91' lang='lat' dir='ltr'><strong>quasi</strong></span> 
     </span>
     <span class='ocr_line' id='line_1_29' title="bbox 320 2867 1681 2951; baseline 0.002 -18"><span class='ocrx_word' id='word_1_279' title='bbox 320 2891 406 2942; x_wconf 86' lang='lat' dir='ltr'><strong>unus,</strong></span> <span class='ocrx_word' id='word_1_280' title='bbox 432 2870 514 2934; x_wconf 85' lang='lat' dir='ltr'><strong>Solis</strong></span> <span class='ocrx_word' id='word_1_281' title='bbox 543 2871 691 2934; x_wconf 85' lang='lat' dir='ltr'><strong>diameter</strong></span> <span class='ocrx_word' id='word_1_282' title='bbox 718 2881 828 2934; x_wconf 86' lang='lat' dir='ltr'><strong>estex</strong></span> <span class='ocrx_word' id='word_1_283' title='bbox 858 2871 1062 2951; x_wconf 88' lang='lat' dir='ltr'><strong>superioribus</strong></span> <span class='ocrx_word' id='word_1_284' title='bbox 1084 2867 1139 2935; x_wconf 81' lang='lat'><strong>30¹</strong></span> <span class='ocrx_word' id='word_1_285' title='bbox 1164 2867 1237 2946; x_wconf 68' lang='lat'><em>35¹²,</em></span> <span class='ocrx_word' id='word_1_286' title='bbox 1263 2873 1367 2934; x_wconf 89' lang='lat' dir='ltr'><strong>Lunae</strong></span> <span class='ocrx_word' id='word_1_287' title='bbox 1402 2873 1548 2934; x_wconf 87' lang='lat' dir='ltr'><strong>diameter</strong></span> <span class='ocrx_word' id='word_1_288' title='bbox 1571 2875 1600 2934; x_wconf 93' lang='lat' dir='ltr'><strong>in</strong></span> <span class='ocrx_word' id='word_1_289' title='bbox 1624 2874 1681 2936; x_wconf 89' lang='lat' dir='ltr'><strong>bac</strong></span> 
     </span>
     <span class='ocr_line' id='line_1_30' title="bbox 321 2955 1677 3040; baseline 0.002 -19"><span class='ocrx_word' id='word_1_290' title='bbox 321 2961 468 3022; x_wconf 88' lang='lat' dir='ltr'><strong>distantia</strong></span> <span class='ocrx_word' id='word_1_291' title='bbox 492 2979 510 3020; x_wconf 91' lang='lat' dir='ltr'><strong>a</strong></span> <span class='ocrx_word' id='word_1_292' title='bbox 533 2961 676 3040; x_wconf 88' lang='lat' dir='ltr'><strong>perigaeo</strong></span> <span class='ocrx_word' id='word_1_293' title='bbox 699 2957 762 3024; x_wconf 85' lang='grc'><strong>490</strong></span> <span class='ocrx_word' id='word_1_294' title='bbox 785 2956 848 3034; x_wconf 86' lang='grc'><strong>240,</strong></span> <span class='ocrx_word' id='word_1_295' title='bbox 873 2969 906 3022; x_wconf 90' lang='lat' dir='ltr'><strong>ct</strong></span> <span class='ocrx_word' id='word_1_296' title='bbox 936 2959 1161 3021; x_wconf 86' lang='lat' dir='ltr'><strong>ecceutrioitate</strong></span> <span class='ocrx_word' id='word_1_297' title='bbox 1190 2955 1292 3035; x_wconf 74' lang='lat'>4336,</span> <span class='ocrx_word' id='word_1_298' title='bbox 1328 2971 1500 3024; x_wconf 88' lang='lat' dir='ltr'><strong>assumatur</strong></span> <span class='ocrx_word' id='word_1_299' title='bbox 1524 2960 1578 3024; x_wconf 85' lang='grc'><strong>320</strong></span> <span class='ocrx_word' id='word_1_300' title='bbox 1600 2958 1677 3024; x_wconf 84' lang='grc'><strong>4400.</strong></span> 
     </span>
     <span class='ocr_line' id='line_1_31' title="bbox 320 3049 1678 3130; baseline 0.002 -22"><span class='ocrx_word' id='word_1_301' title='bbox 320 3049 427 3129; x_wconf 88' lang='lat' dir='ltr'><strong>Neque</strong></span> <span class='ocrx_word' id='word_1_302' title='bbox 461 3049 536 3111; x_wconf 85' lang='lat' dir='ltr'><strong>baec</strong></span> <span class='ocrx_word' id='word_1_303' title='bbox 568 3052 694 3112; x_wconf 91' lang='lat' dir='ltr'><strong>multum</strong></span> <span class='ocrx_word' id='word_1_304' title='bbox 717 3051 746 3111; x_wconf 93' lang='lat' dir='ltr'><strong>in</strong></span> <span class='ocrx_word' id='word_1_305' title='bbox 775 3049 985 3111; x_wconf 87' lang='lat' dir='ltr'><strong>incertitudine</strong></span> <span class='ocrx_word' id='word_1_306' title='bbox 1016 3057 1173 3121; x_wconf 89' lang='lat' dir='ltr'><strong>versatur,</strong></span> <span class='ocrx_word' id='word_1_307' title='bbox 1206 3051 1249 3110; x_wconf 92' lang='lat' dir='ltr'><strong>uti</strong></span> <span class='ocrx_word' id='word_1_308' title='bbox 1282 3067 1373 3129; x_wconf 90' lang='lat' dir='ltr'><strong>snpra</strong></span> <span class='ocrx_word' id='word_1_309' title='bbox 1407 3051 1588 3130; x_wconf 87' lang='lat' dir='ltr'><strong>disputatum</strong></span> <span class='ocrx_word' id='word_1_310' title='bbox 1621 3051 1678 3113; x_wconf 86' lang='lat' dir='ltr'><strong>fuit</strong></span> 
     </span>
     <span class='ocr_line' id='line_1_32' title="bbox 321 3135 1675 3218; baseline 0.004 -22"><span class='ocrx_word' id='word_1_311' title='bbox 321 3137 417 3216; x_wconf 88' lang='lat' dir='ltr'><strong>probl.</strong></span> <span class='ocrx_word' id='word_1_312' title='bbox 444 3135 475 3199; x_wconf 82' lang='grc'><strong>5.</strong></span> <span class='ocrx_word' id='word_1_313' title='bbox 500 3145 532 3199; x_wconf 89' lang='lat' dir='ltr'><strong>et</strong></span> <span class='ocrx_word' id='word_1_314' title='bbox 557 3135 607 3201; x_wconf 88' lang='grc'><strong>13.</strong></span> <span class='ocrx_word' id='word_1_315' title='bbox 655 3139 816 3202; x_wconf 86' lang='lat' dir='ltr'><strong>Inclinatio</strong></span> <span class='ocrx_word' id='word_1_316' title='bbox 839 3157 910 3200; x_wconf 91' lang='lat' dir='ltr'><strong>vero</strong></span> <span class='ocrx_word' id='word_1_317' title='bbox 943 3137 1120 3200; x_wconf 86' lang='lat' dir='ltr'><strong>circulorum</strong></span> <span class='ocrx_word' id='word_1_318' title='bbox 1146 3145 1256 3218; x_wconf 88' lang='lat' dir='ltr'><strong>aequet</strong></span> <span class='ocrx_word' id='word_1_319' title='bbox 1288 3147 1418 3212; x_wconf 85' lang='lat' dir='ltr'><strong>rectum,</strong></span> <span class='ocrx_word' id='word_1_320' title='bbox 1454 3149 1490 3202; x_wconf 94' lang='lat' dir='ltr'><strong>ut</strong></span> <span class='ocrx_word' id='word_1_321' title='bbox 1512 3159 1548 3202; x_wconf 88' lang='lat' dir='ltr'><strong>ex</strong></span> <span class='ocrx_word' id='word_1_322' title='bbox 1570 3139 1675 3202; x_wconf 89' lang='lat' dir='ltr'><strong>obser-</strong></span> 
     </span>
    </p>

    <p class='ocr_par' dir='ltr' id='par_1_5' title="bbox 535 3226 1679 3342">
     <span class='ocr_line' id='line_1_33' title="bbox 535 3226 1679 3342; baseline 0.004 -58"><span class='ocrx_word' id='word_1_323' title='bbox 535 3277 581 3342; x_wconf 72' lang='lat' dir='ltr'><strong>rig</strong></span> <span class='ocrx_word' id='word_1_324' title='bbox 610 3275 659 3326; x_wconf 58' lang='lat'><strong>¹23</strong></span> <span class='ocrx_word' id='word_1_325' title='bbox 883 3227 1002 3288; x_wconf 83' lang='lat' dir='ltr'><strong>vatione</strong></span> <span class='ocrx_word' id='word_1_326' title='bbox 1019 3229 1127 3306; x_wconf 89' lang='lat' dir='ltr'><strong>patuit.</strong></span> <span class='ocrx_word' id='word_1_327' title='bbox 1164 3226 1343 3306; x_wconf 82' lang='lat' dir='ltr'><strong>Exponatur</strong></span> <span class='ocrx_word' id='word_1_328' title='bbox 1357 3229 1538 3291; x_wconf 87' lang='lat' dir='ltr'><strong>meridianus</strong></span> <span class='ocrx_word' id='word_1_329' title='bbox 1553 3229 1679 3290; x_wconf 87' lang='lat' dir='ltr'><strong>circulus</strong></span> 
     </span>
    </p>

    <p class='ocr_par' dir='ltr' id='par_1_6' title="bbox 582 3313 1680 3396">
     <span class='ocr_line' id='line_1_34' title="bbox 582 3313 1680 3396; baseline 0.003 -20"><span class='ocrx_word' id='word_1_330' title='bbox 582 3313 588 3326; x_wconf 90' lang='lat'>&#39;</span> <span class='ocrx_word' id='word_1_331' title='bbox 662 3313 668 3326; x_wconf 91' lang='lat'>&#39;</span> <span class='ocrx_word' id='word_1_332' title='bbox 883 3315 949 3390; x_wconf 92' lang='lat' dir='ltr'><strong>VP,</strong></span> <span class='ocrx_word' id='word_1_333' title='bbox 973 3317 1059 3396; x_wconf 91' lang='lat' dir='ltr'><strong>polus</strong></span> <span class='ocrx_word' id='word_1_334' title='bbox 1073 3317 1108 3390; x_wconf 91' lang='lat' dir='ltr'><strong>P,</strong></span> <span class='ocrx_word' id='word_1_335' title='bbox 1134 3325 1240 3378; x_wconf 82' lang='lat' dir='ltr'><strong>vertex</strong></span> <span class='ocrx_word' id='word_1_336' title='bbox 1259 3317 1298 3378; x_wconf 90' lang='lat' dir='ltr'><strong>V.</strong></span> <span class='ocrx_word' id='word_1_337' title='bbox 1333 3315 1387 3379; x_wconf 87' lang='lat' dir='ltr'><strong>Sol</strong></span> <span class='ocrx_word' id='word_1_338' title='bbox 1411 3318 1504 3379; x_wconf 87' lang='lat' dir='ltr'><strong>sitin</strong></span> <span class='ocrx_word' id='word_1_339' title='bbox 1528 3317 1560 3392; x_wconf 83' lang='lat' dir='ltr'><strong>S,</strong></span> <span class='ocrx_word' id='word_1_340' title='bbox 1586 3319 1680 3380; x_wconf 87' lang='lat' dir='ltr'><strong>verti-</strong></span> 
     </span>
    </p>

    <p class='ocr_par' dir='ltr' id='par_1_7' title="bbox 882 3401 1683 4197">
     <span class='ocr_line' id='line_1_35' title="bbox 883 3401 1683 3488; baseline 0.003 -22"><span class='ocrx_word' id='word_1_341' title='bbox 883 3403 958 3466; x_wconf 89' lang='lat' dir='ltr'><strong>calis</strong></span> <span class='ocrx_word' id='word_1_342' title='bbox 982 3401 1046 3475; x_wconf 85' lang='lat' dir='ltr'><strong>VS,</strong></span> <span class='ocrx_word' id='word_1_343' title='bbox 1072 3405 1282 3467; x_wconf 90' lang='lat' dir='ltr'><strong>declinationis</strong></span> <span class='ocrx_word' id='word_1_344' title='bbox 1306 3405 1435 3470; x_wconf 86' lang='lat' dir='ltr'><strong>circulus</strong></span> <span class='ocrx_word' id='word_1_345' title='bbox 1458 3405 1517 3468; x_wconf 91' lang='lat' dir='ltr'><strong>PS.</strong></span> <span class='ocrx_word' id='word_1_346' title='bbox 1563 3407 1607 3470; x_wconf 85' lang='lat' dir='ltr'><strong>Et</strong></span> <span class='ocrx_word' id='word_1_347' title='bbox 1628 3425 1683 3488; x_wconf 89' lang='lat' dir='ltr'><strong>per</strong></span> 
     </span>
     <span class='ocr_line' id='line_1_36' title="bbox 882 3493 1680 3559; baseline 0.006 -5"><span class='ocrx_word' id='word_1_348' title='bbox 882 3493 906 3555; x_wconf 87' lang='lat' dir='ltr'>S</span> <span class='ocrx_word' id='word_1_349' title='bbox 930 3501 1063 3555; x_wconf 90' lang='lat' dir='ltr'><strong>centrum</strong></span> <span class='ocrx_word' id='word_1_350' title='bbox 1088 3493 1169 3556; x_wconf 88' lang='lat' dir='ltr'><strong>Solis</strong></span> <span class='ocrx_word' id='word_1_351' title='bbox 1194 3494 1322 3556; x_wconf 90' lang='lat' dir='ltr'><strong>visibilis</strong></span> <span class='ocrx_word' id='word_1_352' title='bbox 1346 3503 1484 3558; x_wconf 88' lang='lat' dir='ltr'><strong>trauseat</strong></span> <span class='ocrx_word' id='word_1_353' title='bbox 1506 3513 1594 3558; x_wconf 85' lang='lat' dir='ltr'><strong>arcus</strong></span> <span class='ocrx_word' id='word_1_354' title='bbox 1618 3499 1680 3559; x_wconf 89' lang='lat' dir='ltr'><strong>eir-</strong></span> 
     </span>
     <span class='ocr_line' id='line_1_37' title="bbox 883 3582 1680 3664; baseline 0.004 -21"><span class='ocrx_word' id='word_1_355' title='bbox 883 3582 940 3644; x_wconf 88' lang='lat' dir='ltr'><strong>cnli</strong></span> <span class='ocrx_word' id='word_1_356' title='bbox 971 3583 1070 3662; x_wconf 91' lang='lat' dir='ltr'><strong>magni</strong></span> <span class='ocrx_word' id='word_1_357' title='bbox 1095 3585 1123 3643; x_wconf 90' lang='lat' dir='ltr'><strong>iu</strong></span> <span class='ocrx_word' id='word_1_358' title='bbox 1156 3591 1290 3645; x_wconf 88' lang='lat' dir='ltr'><strong>centrum</strong></span> <span class='ocrx_word' id='word_1_359' title='bbox 1321 3585 1440 3658; x_wconf 86' lang='lat' dir='ltr'><strong>Lunae,</strong></span> <span class='ocrx_word' id='word_1_360' title='bbox 1473 3585 1523 3664; x_wconf 92' lang='lat' dir='ltr'><strong>qui</strong></span> <span class='ocrx_word' id='word_1_361' title='bbox 1553 3584 1595 3646; x_wconf 92' lang='lat' dir='ltr'><strong>sit</strong></span> <span class='ocrx_word' id='word_1_362' title='bbox 1619 3584 1680 3647; x_wconf 91' lang='lat' dir='ltr'><strong>SL.</strong></span> 
     </span>
     <span class='ocr_line' id='line_1_38' title="bbox 883 3672 1677 3752; baseline 0.004 -19"><span class='ocrx_word' id='word_1_363' title='bbox 883 3672 956 3750; x_wconf 81' lang='lat' dir='ltr'><strong>Ejus</strong></span> <span class='ocrx_word' id='word_1_364' title='bbox 990 3672 1145 3752; x_wconf 87' lang='lat' dir='ltr'><strong>quantitas</strong></span> <span class='ocrx_word' id='word_1_365' title='bbox 1175 3674 1219 3733; x_wconf 88' lang='lat' dir='ltr'><strong>sie</strong></span> <span class='ocrx_word' id='word_1_366' title='bbox 1250 3673 1387 3735; x_wconf 88' lang='lat' dir='ltr'><strong>habetur.</strong></span> <span class='ocrx_word' id='word_1_367' title='bbox 1434 3673 1559 3736; x_wconf 88' lang='lat' dir='ltr'><strong>Summa</strong></span> <span class='ocrx_word' id='word_1_368' title='bbox 1587 3676 1677 3736; x_wconf 86' lang='lat' dir='ltr'><strong>semi·</strong></span> 
     </span>
     <span class='ocr_line' id='line_1_39' title="bbox 883 3756 1680 3842; baseline 0.009 -22"><span class='ocrx_word' id='word_1_369' title='bbox 883 3761 1094 3824; x_wconf 86' lang='lat' dir='ltr'><strong>diametrorum</strong></span> <span class='ocrx_word' id='word_1_370' title='bbox 1118 3768 1165 3822; x_wconf 91' lang='lat' dir='ltr'><strong>est</strong></span> <span class='ocrx_word' id='word_1_371' title='bbox 1182 3758 1237 3824; x_wconf 86' lang='grc'><strong>310</strong></span> <span class='ocrx_word' id='word_1_372' title='bbox 1253 3756 1327 3835; x_wconf 81' lang='grc'><strong>4000,</strong></span> <span class='ocrx_word' id='word_1_373' title='bbox 1354 3763 1466 3842; x_wconf 81' lang='lat' dir='ltr'><strong>digitus</strong></span> <span class='ocrx_word' id='word_1_374' title='bbox 1486 3770 1536 3824; x_wconf 88' lang='lat' dir='ltr'><strong>est</strong></span> <span class='ocrx_word' id='word_1_375' title='bbox 1557 3762 1588 3826; x_wconf 84' lang='grc'><strong>20</strong></span> <span class='ocrx_word' id='word_1_376' title='bbox 1604 3760 1680 3834; x_wconf 88' lang='grc'><strong>3300,</strong></span> 
     </span>
     <span class='ocr_line' id='line_1_40' title="bbox 884 3849 1680 3932; baseline 0.005 -22"><span class='ocrx_word' id='word_1_377' title='bbox 884 3851 1003 3913; x_wconf 91' lang='lat' dir='ltr'><strong>ablatus</strong></span> <span class='ocrx_word' id='word_1_378' title='bbox 1026 3850 1167 3930; x_wconf 88' lang='lat' dir='ltr'><strong>relinquit</strong></span> <span class='ocrx_word' id='word_1_379' title='bbox 1186 3849 1362 3913; x_wconf 86' lang='lat' dir='ltr'><strong>distantiam</strong></span> <span class='ocrx_word' id='word_1_380' title='bbox 1388 3859 1572 3926; x_wconf 81' lang='lat' dir='ltr'><strong>ceutronum,</strong></span> <span class='ocrx_word' id='word_1_381' title='bbox 1608 3871 1680 3932; x_wconf 88' lang='lat' dir='ltr'><strong>ergo</strong></span> 
     </span>
     <span class='ocr_line' id='line_1_41' title="bbox 883 3935 1682 4022; baseline 0.001 -21"><span class='ocrx_word' id='word_1_382' title='bbox 883 3938 934 4001; x_wconf 89' lang='lat' dir='ltr'><strong>SL</strong></span> <span class='ocrx_word' id='word_1_383' title='bbox 958 3944 1006 4002; x_wconf 87' lang='lat' dir='ltr'><strong>est</strong></span> <span class='ocrx_word' id='word_1_384' title='bbox 1024 3936 1078 4002; x_wconf 83' lang='grc'><strong>290</strong></span> <span class='ocrx_word' id='word_1_385' title='bbox 1093 3935 1145 4001; x_wconf 85' lang='grc'><strong>700.</strong></span> <span class='ocrx_word' id='word_1_386' title='bbox 1182 3939 1226 4001; x_wconf 84' lang='lat' dir='ltr'><strong>Et</strong></span> <span class='ocrx_word' id='word_1_387' title='bbox 1243 3940 1284 4002; x_wconf 90' lang='lat' dir='ltr'><strong>sit</strong></span> <span class='ocrx_word' id='word_1_388' title='bbox 1306 3939 1386 4002; x_wconf 89' lang='lat' dir='ltr'><strong>VSL</strong></span> <span class='ocrx_word' id='word_1_389' title='bbox 1404 3948 1514 4004; x_wconf 88' lang='lat' dir='ltr'><strong>rectus.</strong></span> <span class='ocrx_word' id='word_1_390' title='bbox 1550 3940 1682 4022; x_wconf 87' lang='lat' dir='ltr'><strong>Oportet</strong></span> 
     </span>
     <span class='ocr_line' id='line_1_42' title="bbox 883 4026 1680 4092; baseline 0.004 -3"><span class='ocrx_word' id='word_1_391' title='bbox 883 4029 951 4092; x_wconf 90' lang='lat' dir='ltr'><strong>binc</strong></span> <span class='ocrx_word' id='word_1_392' title='bbox 989 4030 1145 4091; x_wconf 88' lang='lat' dir='ltr'><strong>enucleare</strong></span> <span class='ocrx_word' id='word_1_393' title='bbox 1177 4026 1326 4091; x_wconf 83' lang='lat' dir='ltr'><strong>risibilem</strong></span> <span class='ocrx_word' id='word_1_394' title='bbox 1353 4031 1457 4092; x_wconf 89' lang='lat' dir='ltr'><strong>Lunae</strong></span> <span class='ocrx_word' id='word_1_395' title='bbox 1489 4029 1680 4092; x_wconf 90' lang='lat' dir='ltr'><strong>latitudinem</strong></span> 
     </span>
     <span class='ocr_line' id='line_1_43' title="bbox 882 4116 1682 4197; baseline 0.003 -18"><span class='ocrx_word' id='word_1_396' title='bbox 882 4119 919 4181; x_wconf 93' lang='lat' dir='ltr'><strong>ab</strong></span> <span class='ocrx_word' id='word_1_397' title='bbox 944 4117 1084 4197; x_wconf 89' lang='lat' dir='ltr'><strong>ecliptica</strong></span> <span class='ocrx_word' id='word_1_398' title='bbox 1114 4116 1225 4180; x_wconf 87' lang='lat' dir='ltr'><strong>risibili</strong></span> <span class='ocrx_word' id='word_1_399' title='bbox 1250 4117 1316 4193; x_wconf 86' lang='lat' dir='ltr'><strong>SE,</strong></span> <span class='ocrx_word' id='word_1_400' title='bbox 1351 4137 1394 4180; x_wconf 86' lang='lat' dir='ltr'><strong>sc.</strong></span> <span class='ocrx_word' id='word_1_401' title='bbox 1420 4136 1521 4181; x_wconf 87' lang='lat' dir='ltr'><strong>arcum</strong></span> <span class='ocrx_word' id='word_1_402' title='bbox 1545 4119 1619 4192; x_wconf 82' lang='lat' dir='ltr'><strong>LE,</strong></span> <span class='ocrx_word' id='word_1_403' title='bbox 1648 4127 1682 4181; x_wconf 91' lang='lat' dir='ltr'><strong>et</strong></span> 
     </span>
    </p>
   </div>
   <div class='ocr_carea' id='block_1_3' title="bbox 317 4207 1680 4298">
    <p class='ocr_par' dir='ltr' id='par_1_8' title="bbox 317 4207 1680 4298">
     <span class='ocr_line' id='line_1_44' title="bbox 317 4207 1680 4298; baseline -0.006 -18"><span class='ocrx_word' id='word_1_404' title='bbox 317 4217 533 4298; x_wconf 89' lang='lat' dir='ltr'><strong>longitudinem</strong></span> <span class='ocrx_word' id='word_1_405' title='bbox 563 4215 712 4278; x_wconf 89' lang='lat' dir='ltr'><strong>visibilem</strong></span> <span class='ocrx_word' id='word_1_406' title='bbox 743 4213 805 4279; x_wconf 70' lang='grc' dir='ltr'><strong>ΕΞ.</strong></span> <span class='ocrx_word' id='word_1_407' title='bbox 852 4214 936 4288; x_wconf 86' lang='lat' dir='ltr'><strong>Ergo</strong></span> <span class='ocrx_word' id='word_1_408' title='bbox 962 4225 1017 4288; x_wconf 90' lang='lat' dir='ltr'><strong>per</strong></span> <span class='ocrx_word' id='word_1_409' title='bbox 1048 4207 1213 4269; x_wconf 91' lang='lat' dir='ltr'><strong>doctrinam</strong></span> <span class='ocrx_word' id='word_1_410' title='bbox 1245 4207 1333 4287; x_wconf 91' lang='lat' dir='ltr'><strong>primi</strong></span> <span class='ocrx_word' id='word_1_411' title='bbox 1365 4209 1483 4270; x_wconf 91' lang='lat' dir='ltr'><strong>mobilis</strong></span> <span class='ocrx_word' id='word_1_412' title='bbox 1517 4215 1680 4288; x_wconf 87' lang='lat' dir='ltr'><strong>quaeratur</strong></span> 
     </span>
    </p>
   </div>
   <div class='ocr_carea' id='block_1_4' title="bbox 318 4295 1680 4472">
    <p class='ocr_par' dir='ltr' id='par_1_9' title="bbox 318 4295 1680 4472">
     <span class='ocr_line' id='line_1_45' title="bbox 318 4295 1677 4388; baseline -0.008 -18"><span class='ocrx_word' id='word_1_413' title='bbox 318 4309 445 4388; x_wconf 88' lang='lat' dir='ltr'><strong>angulus</strong></span> <span class='ocrx_word' id='word_1_414' title='bbox 461 4306 546 4368; x_wconf 82' lang='lat' dir='ltr'><strong>ESV</strong></span> <span class='ocrx_word' id='word_1_415' title='bbox 570 4309 695 4366; x_wconf 85' lang='lat' dir='ltr'><strong>stante</strong></span> <span class='ocrx_word' id='word_1_416' title='bbox 719 4305 795 4366; x_wconf 93' lang='lat' dir='ltr'><strong>hunc</strong></span> <span class='ocrx_word' id='word_1_417' title='bbox 820 4299 946 4366; x_wconf 90' lang='lat' dir='ltr'><strong>altitudo</strong></span> <span class='ocrx_word' id='word_1_418' title='bbox 975 4295 1162 4376; x_wconf 89' lang='lat' dir='ltr'><strong>nonagesimi</strong></span> <span class='ocrx_word' id='word_1_419' title='bbox 1185 4297 1297 4374; x_wconf 87' lang='lat' dir='ltr'><strong>gradus</strong></span> <span class='ocrx_word' id='word_1_420' title='bbox 1321 4297 1359 4359; x_wconf 91' lang='lat' dir='ltr'><strong>ab</strong></span> <span class='ocrx_word' id='word_1_421' title='bbox 1386 4305 1461 4371; x_wconf 89' lang='lat' dir='ltr'><strong>ortu,</strong></span> <span class='ocrx_word' id='word_1_422' title='bbox 1487 4317 1563 4378; x_wconf 92' lang='lat' dir='ltr'><strong>quae</strong></span> <span class='ocrx_word' id='word_1_423' title='bbox 1584 4297 1677 4360; x_wconf 89' lang='lat' dir='ltr'><strong>alior-</strong></span> 
     </span>
     <span class='ocr_line' id='line_1_46' title="bbox 318 4381 1680 4472; baseline -0.007 -14"><span class='ocrx_word' id='word_1_424' title='bbox 318 4415 383 4458; x_wconf 88' lang='lat' dir='ltr'><strong>sum</strong></span> <span class='ocrx_word' id='word_1_425' title='bbox 409 4396 500 4457; x_wconf 85' lang='lat' dir='ltr'><strong>etiam</strong></span> <span class='ocrx_word' id='word_1_426' title='bbox 525 4403 573 4456; x_wconf 91' lang='lat' dir='ltr'><strong>est</strong></span> <span class='ocrx_word' id='word_1_427' title='bbox 595 4393 689 4456; x_wconf 90' lang='lat' dir='ltr'><strong>utilis.</strong></span> <span class='ocrx_word' id='word_1_428' title='bbox 737 4391 812 4454; x_wconf 84' lang='lat' dir='ltr'><strong>Cum</strong></span> <span class='ocrx_word' id='word_1_429' title='bbox 836 4404 907 4472; x_wconf 89' lang='lat' dir='ltr'><strong>ergo</strong></span> <span class='ocrx_word' id='word_1_430' title='bbox 931 4384 986 4447; x_wconf 87' lang='lat' dir='ltr'><strong>Sol</strong></span> <span class='ocrx_word' id='word_1_431' title='bbox 1010 4385 1103 4447; x_wconf 89' lang='lat' dir='ltr'><strong>sitin</strong></span> <span class='ocrx_word' id='word_1_432' title='bbox 1131 4381 1259 4449; x_wconf 86' lang='grc'><strong>160430</strong></span> <span class='ocrx_word' id='word_1_433' title='bbox 1274 4392 1318 4459; x_wconf 63' lang='lat' dir='ltr'><strong>lt,</strong></span> <span class='ocrx_word' id='word_1_434' title='bbox 1343 4387 1409 4466; x_wconf 90' lang='lat' dir='ltr'><strong>ejus</strong></span> <span class='ocrx_word' id='word_1_435' title='bbox 1433 4405 1495 4449; x_wconf 87' lang='lat' dir='ltr'><strong>ase.</strong></span> <span class='ocrx_word' id='word_1_436' title='bbox 1521 4395 1607 4450; x_wconf 88' lang='lat' dir='ltr'><strong>recta</strong></span> <span class='ocrx_word' id='word_1_437' title='bbox 1631 4395 1680 4448; x_wconf 89' lang='lat' dir='ltr'><strong>est</strong></span> 
     </span>
    </p>
   </div>
   <div class='ocr_carea' id='block_1_5' title="bbox 317 4473 1678 4653">
    <p class='ocr_par' dir='ltr' id='par_1_10' title="bbox 317 4473 1678 4653">
     <span class='ocr_line' id='line_1_47' title="bbox 317 4473 1677 4558; baseline -0.002 -19"><span class='ocrx_word' id='word_1_438' title='bbox 317 4480 486 4558; x_wconf 75' lang='grc'><strong>3470470;</strong></span> <span class='ocrx_word' id='word_1_439' title='bbox 510 4483 579 4545; x_wconf 82' lang='lat' dir='ltr'><strong>hine</strong></span> <span class='ocrx_word' id='word_1_440' title='bbox 603 4481 709 4544; x_wconf 78' lang='lat' dir='ltr'><strong>ablata</strong></span> <span class='ocrx_word' id='word_1_441' title='bbox 732 4477 862 4544; x_wconf 78' lang='lat'><strong>23015‘</strong></span> <span class='ocrx_word' id='word_1_442' title='bbox 886 4487 1024 4554; x_wconf 82' lang='lat' dir='ltr'><strong>tempora</strong></span> <span class='ocrx_word' id='word_1_443' title='bbox 1047 4474 1212 4536; x_wconf 88' lang='lat' dir='ltr'><strong>distantiae</strong></span> <span class='ocrx_word' id='word_1_444' title='bbox 1235 4473 1317 4537; x_wconf 88' lang='lat' dir='ltr'><strong>Solis</strong></span> <span class='ocrx_word' id='word_1_445' title='bbox 1341 4495 1361 4537; x_wconf 92' lang='lat' dir='ltr'><strong>a</strong></span> <span class='ocrx_word' id='word_1_446' title='bbox 1382 4476 1557 4551; x_wconf 88' lang='lat' dir='ltr'><strong>meridiano,</strong></span> <span class='ocrx_word' id='word_1_447' title='bbox 1582 4476 1677 4537; x_wconf 89' lang='lat' dir='ltr'><strong>reliu-</strong></span> 
     </span>
     <span class='ocr_line' id='line_1_48' title="bbox 317 4558 1678 4653; baseline -0.007 -19"><span class='ocrx_word' id='word_1_448' title='bbox 317 4581 410 4653; x_wconf 90' lang='lat' dir='ltr'><strong>qunnt</strong></span> <span class='ocrx_word' id='word_1_449' title='bbox 434 4592 494 4635; x_wconf 86' lang='lat' dir='ltr'><strong>asc.</strong></span> <span class='ocrx_word' id='word_1_450' title='bbox 519 4577 633 4634; x_wconf 88' lang='lat' dir='ltr'><strong>rectam</strong></span> <span class='ocrx_word' id='word_1_451' title='bbox 657 4570 747 4632; x_wconf 90' lang='lat' dir='ltr'><strong>medii</strong></span> <span class='ocrx_word' id='word_1_452' title='bbox 767 4571 842 4632; x_wconf 86' lang='lat' dir='ltr'><strong>coeli</strong></span> <span class='ocrx_word' id='word_1_453' title='bbox 859 4558 942 4631; x_wconf 84' lang='grc'><strong>3240</strong></span> <span class='ocrx_word' id='word_1_454' title='bbox 956 4561 1020 4638; x_wconf 86' lang='grc'><strong>320,</strong></span> <span class='ocrx_word' id='word_1_455' title='bbox 1045 4581 1111 4626; x_wconf 90' lang='lat' dir='ltr'><strong>cum</strong></span> <span class='ocrx_word' id='word_1_456' title='bbox 1132 4583 1190 4644; x_wconf 88' lang='lat' dir='ltr'><strong>qua</strong></span> <span class='ocrx_word' id='word_1_457' title='bbox 1214 4564 1329 4626; x_wconf 89' lang='lat' dir='ltr'><strong>coelum</strong></span> <span class='ocrx_word' id='word_1_458' title='bbox 1352 4565 1466 4626; x_wconf 90' lang='lat' dir='ltr'><strong>mediat</strong></span> <span class='ocrx_word' id='word_1_459' title='bbox 1487 4561 1549 4628; x_wconf 89' lang='grc'><strong>220</strong></span> <span class='ocrx_word' id='word_1_460' title='bbox 1565 4563 1678 4629; x_wconf 69' lang='lat' dir='ltr'><strong>roes</strong></span> 
     </span>
    </p>
   </div>
   <div class='ocr_carea' id='block_1_6' title="bbox 316 4650 1678 4918">
    <p class='ocr_par' dir='ltr' id='par_1_11' title="bbox 316 4650 1678 4918">
     <span class='ocr_line' id='line_1_49' title="bbox 317 4650 1678 4741; baseline -0.002 -21"><span class='ocrx_word' id='word_1_461' title='bbox 317 4669 349 4722; x_wconf 91' lang='lat' dir='ltr'><strong>et</strong></span> <span class='ocrx_word' id='word_1_462' title='bbox 370 4661 460 4741; x_wconf 90' lang='lat' dir='ltr'><strong>hujus</strong></span> <span class='ocrx_word' id='word_1_463' title='bbox 485 4659 647 4723; x_wconf 88' lang='lat' dir='ltr'><strong>declinatio</strong></span> <span class='ocrx_word' id='word_1_464' title='bbox 676 4657 812 4732; x_wconf 84' lang='grc'><strong>140110,</strong></span> <span class='ocrx_word' id='word_1_465' title='bbox 838 4657 955 4719; x_wconf 86' lang='lat' dir='ltr'><strong>scilicet</strong></span> <span class='ocrx_word' id='word_1_466' title='bbox 972 4653 1045 4716; x_wconf 82' lang='lat' dir='ltr'><strong>MA.</strong></span> <span class='ocrx_word' id='word_1_467' title='bbox 1085 4651 1146 4714; x_wconf 89' lang='lat' dir='ltr'><strong>Sed</strong></span> <span class='ocrx_word' id='word_1_468' title='bbox 1166 4654 1227 4714; x_wconf 88' lang='lat' dir='ltr'><strong>AV</strong></span> <span class='ocrx_word' id='word_1_469' title='bbox 1252 4661 1299 4714; x_wconf 89' lang='lat' dir='ltr'><strong>est</strong></span> <span class='ocrx_word' id='word_1_470' title='bbox 1323 4653 1475 4716; x_wconf 88' lang='lat' dir='ltr'><strong>altitudini</strong></span> <span class='ocrx_word' id='word_1_471' title='bbox 1493 4655 1555 4734; x_wconf 90' lang='lat' dir='ltr'><strong>poli</strong></span> <span class='ocrx_word' id='word_1_472' title='bbox 1570 4650 1678 4717; x_wconf 84' lang='grc'><strong>47020</strong></span> 
     </span>
     <span class='ocr_line' id='line_1_50' title="bbox 317 4741 1678 4830; baseline -0.003 -21"><span class='ocrx_word' id='word_1_473' title='bbox 317 4751 467 4825; x_wconf 86' lang='lat' dir='ltr'><strong>aequalis,</strong></span> <span class='ocrx_word' id='word_1_474' title='bbox 492 4769 563 4830; x_wconf 89' lang='lat' dir='ltr'><strong>ergo</strong></span> <span class='ocrx_word' id='word_1_475' title='bbox 588 4750 653 4810; x_wconf 90' lang='lat' dir='ltr'><strong>MV</strong></span> <span class='ocrx_word' id='word_1_476' title='bbox 677 4745 738 4811; x_wconf 88' lang='grc'><strong>610</strong></span> <span class='ocrx_word' id='word_1_477' title='bbox 763 4745 824 4810; x_wconf 88' lang='grc'><strong>130.</strong></span> <span class='ocrx_word' id='word_1_478' title='bbox 873 4743 979 4807; x_wconf 90' lang='lat' dir='ltr'><strong>Oritur</strong></span> <span class='ocrx_word' id='word_1_479' title='bbox 1003 4748 1104 4804; x_wconf 90' lang='lat' dir='ltr'><strong>autem</strong></span> <span class='ocrx_word' id='word_1_480' title='bbox 1128 4761 1163 4804; x_wconf 94' lang='lat' dir='ltr'><strong>eo</strong></span> <span class='ocrx_word' id='word_1_481' title='bbox 1187 4751 1338 4805; x_wconf 90' lang='lat' dir='ltr'><strong>momento</strong></span> <span class='ocrx_word' id='word_1_482' title='bbox 1362 4741 1500 4807; x_wconf 90' lang='grc'><strong>220310</strong></span> <span class='ocrx_word' id='word_1_483' title='bbox 1523 4749 1572 4818; x_wconf 92' lang='grc' dir='ltr'><strong>Π,</strong></span> <span class='ocrx_word' id='word_1_484' title='bbox 1606 4761 1678 4824; x_wconf 90' lang='lat' dir='ltr'><strong>ergo</strong></span> 
     </span>
     <span class='ocr_line' id='line_1_51' title="bbox 316 4830 1677 4918; baseline -0.001 -19"><span class='ocrx_word' id='word_1_485' title='bbox 316 4832 378 4900; x_wconf 86' lang='grc'><strong>220</strong></span> <span class='ocrx_word' id='word_1_486' title='bbox 401 4835 455 4900; x_wconf 89' lang='grc'><strong>310</strong></span> <span class='ocrx_word' id='word_1_487' title='bbox 478 4843 507 4911; x_wconf 65' lang='lat'><strong>3(</strong></span> <span class='ocrx_word' id='word_1_488' title='bbox 532 4838 633 4900; x_wconf 88' lang='lat' dir='ltr'><strong>estin</strong></span> <span class='ocrx_word' id='word_1_489' title='bbox 667 4837 762 4918; x_wconf 88' lang='lat' dir='ltr'><strong>gradu</strong></span> <span class='ocrx_word' id='word_1_490' title='bbox 794 4832 1002 4914; x_wconf 86' lang='lat' dir='ltr'><strong>nonagesimo,</strong></span> <span class='ocrx_word' id='word_1_491' title='bbox 1036 4849 1079 4892; x_wconf 88' lang='lat' dir='ltr'><strong>so.</strong></span> <span class='ocrx_word' id='word_1_492' title='bbox 1104 4833 1132 4892; x_wconf 94' lang='lat' dir='ltr'><strong>in</strong></span> <span class='ocrx_word' id='word_1_493' title='bbox 1156 4832 1200 4905; x_wconf 88' lang='lat' dir='ltr'><strong>N,</strong></span> <span class='ocrx_word' id='word_1_494' title='bbox 1235 4849 1322 4893; x_wconf 84' lang='lat' dir='ltr'><strong>arcus</strong></span> <span class='ocrx_word' id='word_1_495' title='bbox 1347 4851 1418 4912; x_wconf 89' lang='lat' dir='ltr'><strong>ergo</strong></span> <span class='ocrx_word' id='word_1_496' title='bbox 1441 4831 1505 4896; x_wconf 87' lang='lat' dir='ltr'><strong>MN</strong></span> <span class='ocrx_word' id='word_1_497' title='bbox 1528 4830 1591 4896; x_wconf 87' lang='lat'><strong>30⁰</strong></span> <span class='ocrx_word' id='word_1_498' title='bbox 1612 4832 1677 4911; x_wconf 87' lang='grc'><strong>210,</strong></span> 
     </span>
    </p>
   </div>
   <div class='ocr_carea' id='block_1_7' title="bbox 0 0 1870 5528">
    <p class='ocr_par' dir='ltr' id='par_1_12' title="bbox 0 0 1870 5528">
     <span class='ocr_line' id='line_1_52' title="bbox 0 0 1870 5528; baseline 0 0"><span class='ocrx_word' id='word_1_499' title='bbox 0 0 1870 5528; x_wconf 95' lang='lat' dir='ltr'><strong> </strong></span> 
     </span>
    </p>
   </div>
  </div>
 </body>
</html>
