3694 5528
730 263 733 270 ’
802 297 936 350 nasn.
1481 303 1546 372 527

178 474 371 557 quiescunt,
399 493 463 550 ‚non
495 474 592 538 minue
625 493 715 556 qnam
746 473 815 538 illae
848 493 919 538 suaa
953 481 1081 557 quatuor
1103 474 1206 540 Lunae
1230 478 1389 560 multiplici
1411 489 1547 564 motuum

195 563 345 628 varietate
369 562 450 626 circa
473 583 559 626 suurn
582 564 654 626 illud
678 563 858 626 domicilium
881 563 1026 626 converti.
1064 563 1112 626 Ex
1135 584 1192 645 quc
1210 569 1346 648 exemplu
1366 573 1460 634 multo
1479 572 1547 652 jaru

195 652 303 733 magia,
328 651 522 732 quampride
545 652 682 731 exemplo
706 651 820 727 Lunae,
845 653 943 715 discet
965 651 1088 715 Samiae
1111 653 1319 734 philosophia'e
1343 659 1450 735 cultor,
1475 663 1547 741 quid

197 740 415 806 absurditatem
439 740 588 821 dogmatis
612 741 649 802 de
672 747 755 802 motu
779 741 909 803 Telluris
933 740 1085 820 objicienti
1112 741 1255 824 visusque
1283 746 1379 809 nostri
1404 749 1548 811 testimo-

197 831 279 894 ninm
302 827 447 909 alleganti
471 829 645 910 responderi
674 829 782 909 possit
830 827 857 891 Ο
886 828 1134 905 multiscium,
1165 839 1201 893 et
1231 834 1366 913 quovis
1397 847 1548 916 sceptro

196 915 409 1000 preciosius
431 917 703 998 perspicillumi
727 936 787 991 an,
813 917 871 998 qui
893 926 931 980 te
955 919 1095 982 dextra
1117 925 1237 996 tenet,
1262 919 1331 984 ille
1355 943 1427 986 nun
1451 925 1547 1003 Rex,

197 1025 269 1070 non
292 1005 475 1068 Dominus
499 1005 764 1070 constituatur
787 1024 939 1086 operum
962 1005 1059 1068 Dei?
1105 1007 1186 1070 Vere
1211 1017 1263 1070 tu:

289 1092 399 1169 ,Quod
422 1111 515 1173 supra
538 1101 629 1174 capnt
652 1101 714 1170 eet,
744 1113 869 1174 magnos
893 1113 960 1158 cum
983 1091 1114 1156 motibus
1138 1095 1226 1159 orbes
1250 1095 1374 1177 subjicis
1399 1099 1549 1178 ingenio.“

287 1182 436 1264 Si¹quis,
459 1183 560 1262 ''panlo
591 1181 714 1263 aequior
738 1180 905 1263 Cuperuico
938 1191 969 1246 et
992 1181 1117 1246 Samiae
1148 1184 1356 1265 philosophiae
1381 1188 1550 1266 luminibus,

198 1269 247 1334 hic
270 1272 366 1334 sulum
389 1273 513 1346 haeret,
544 1269 684 1333 dubitans
712 1270 762 1351 qui
784 1271 848 1333 fieri
871 1271 989 1352 possit,
1022 1279 1065 1346 ut,
1090 1272 1184 1335 Terra
1208 1275 1335 1337 medium
1358 1277 1550 1356 planetarum

198 1358 258 1422 iter
280 1379 334 1440 per
358 1377 480 1440 campos
504 1359 656 1422 aetherios
680 1365 808 1435 terente,
824 1359 912 1422 Luna
931 1360 1054 1423 illitam
1077 1365 1251 1424 constanter
1274 1364 1358 1426 velut
1380 1365 1552 1430 individuus

200 1467 301 1512 cornea
334 1449 502 1511 adhaereat
531 1447 709 1529 interimque
741 1454 773 1509 et
804 1447 924 1528 globum
956 1449 1054 1529 ipsum
1084 1448 1215 1522 Telluris
1246 1451 1485 1529 circumvolitct,
1520 1454 1552 1517 in

200 1556 315 1600 morem
329 1537 406 1600 lidae
422 1535 586 1610 caniculae,
612 1555 688 1618 quae
702 1537 849 1598 viatorem
874 1536 1025 1600 dominnm
1049 1537 1142 1600 variis
1165 1538 1342 1618 ambagibus
1366 1559 1444 1602 nunc
1463 1549 1552 1604 ante·
1664 1581 1668 1586 .

200 1625 374 1690 cursitando
398 1643 475 1687 nuuc
499 1626 537 1687 ad
561 1625 659 1686 latera
682 1625 839 1704 evagando
864 1625 976 1704 cingit:
1014 1625 1040 1688 is
1062 1625 1171 1689 Jovem
1200 1627 1347 1707 aspiciat,
1382 1628 1431 1710 qni
1465 1647 1553 1694 mon-

171 1713 175 1718 ’
201 1721 319 1778 straete
343 1715 399 1776 hoc
421 1712 596 1794 perspicillo
619 1731 678 1775 non
702 1731 792 1776 unum
815 1714 910 1776 talem
933 1713 1081 1789 comitem,
1106 1715 1150 1796 uti
1173 1715 1267 1778 Terra
1290 1713 1473 1796 Oopemico,
1500 1719 1554 1780 sed

202 1803 323 1866 omnino
347 1809 475 1883 quatuor
506 1819 609 1864 aecum
641 1808 723 1864 certe
756 1802 851 1864 trahit
882 1813 1032 1883 uunquam
1054 1804 1153 1884 ipsum
1176 1803 1352 1866 deserentes
1376 1805 1553 1888 interimque

203 1911 288 1955 snam
311 1887 446 1971 singulos
468 1889 693 1953 circulationem
715 1899 867 1970 urgentes.

291 1979 354 2046 Sed
377 1980 414 2042 de
438 1977 485 2042 hie
509 1979 585 2042 satie
610 1979 722 2040 dictum
744 1979 775 2040 in
795 1978 1020 2041 Dissertatione
1043 1999 1110 2042 cum
1123 1978 1241 2042 Nunciu
1257 1977 1394 2042 Siderea.
1425 1979 1555 2062 Tempus
1658 1993 1665 2004 “

204 2075 254 2133 est
285 2079 319 2133 nt
347 2068 386 2130 ad
415 2066 469 2130 illa
495 2069 542 2130 rire
575 2073 710 2142 vertam,
743 2086 820 2148 quae
843 2075 914 2147 post
937 2066 1048 2130 editum
1070 2067 1219 2132 Nunoinm
1243 2067 1402 2131 Siderenm
1428 2077 1556 2150 postque

202 2157 460 2224 Dissertationum
482 2175 550 2219 cum
572 2156 625 2218 illo
648 2175 746 2218 meam
768 2156 936 2236 perspicilli
959 2156 1047 2236 hujus
1071 2175 1126 2218 usu
1148 2157 1305 2237 patefacta
1328 2165 1408 2220 aunt.
1433 2189 1475 2200 —

294 2251 381 2315 Quae,
403 2249 432 2302 in
451 2247 627 2318 praefatione
651 2261 703 2302 sna
722 2263 852 2318 pergens,
874 2247 1014 2318 Keplerus
1035 2249 1069 2302 de
1093 2247 1291 2302 recentioribus
1318 2247 1439 2302 Galilaei
1465 2249 1557 2303 detec·

205 2332 325 2389 tionibus
345 2330 374 2384 in
388 2327 466 2384 coelo
480 2328 522 2383 bis
538 2327 650 2392 addidit,
671 2343 731 2391 noe,
751 2327 842 2382 causis
857 2343 926 2398 quas
940 2327 1058 2382 diximm
1072 2342 1139 2398 pag.
1155 2328 1222 2392 450,
1237 2327 1305 2382 moti
1322 2327 1554 2390 ,Dissertationi“

203 2411 321 2485 Kepleri
341 2407 539 2481 praemisimus,
561 2423 650 2480 eaque
672 2422 743 2478 qnae
763 2408 844 2462 finem
859 2407 965 2462 faciunt
984 2406 1167 2477 praelationis
1182 2410 1217 2462 ad
1231 2407 1405 2486 Diuptricarn
1425 2408 1558 2480 leguntur

203 2511 270 2566 pag·
291 2487 596 2640 ⁴d'l‘fflederudd}vr⁰epetanda
616 2581 757 2620 censemus
772 2564 887 2636 Kepleri
903 2565 996 2632 rerba,
1019 2565 1118 2636 quibus
1132 2567 1297 2622 concludens
1316 2568 1435 2621 lectores
1456 2573 1557 2632 monet,

204 2659 237 2708 nt
256 2649 428 2722 Dioptricam
450 2652 559 2703 attente
580 2647 695 2718 legant:

233 2779 234 2784 ,
294 2728 397 2792 Habes
420 2727 513 2808 igitur
536 2724 629 2786 amice
654 2723 749 2788 lector
772 2723 977 2786 confirmatam
1000 2723 1166 2804 perspicilli
1187 2723 1275 2786 fidem
1293 2725 1323 2786 in
1348 2725 1559 2788 observatione

207 2837 350 2882 noverum
382 2813 555 2878 coelestium
596 2811 682 2874 nnius
721 2814 842 2892 insuper
877 2809 1022 2874 Germani
1053 2811 1235 2875 testimonio.
1301 2810 1380 2884 Quid
1412 2815 1559 2894 impediat

206 2909 299 2990 igitur·
333 2923 380 2966 me
416 2899 677 2984 praestantissimo
712 2901 909 2964 instmmento
944 2899 1157 2982 panegyricum
1194 2901 1250 2962 hoc
1289 2901 1391 2964 libello
1425 2921 1557 2986 pangere

207 2995 437 3080 geometricum,
470 2999 559 3074 teque
588 2991 683 3052 lector
712 2989 834 3053 honoris
868 3007 961 3051 causa
991 2988 1145 3069 praesenti
1177 2990 1275 3051 animo
1300 2998 1331 3051 et
1352 3009 1410 3051 nou
1440 2991 1558 3071 vulgari

206 3085 315 3150 mentia
339 3082 517 3156 attentione,
541 3081 611 3142 dnm
635 3098 701 3142 enm
724 3097 780 3160 ego
804 3075 912 3152 recito,
937 3077 1105 3142 interesse?
1142 3073 1210 3148 Qua
1239 3096 1330 3156 opera
1353 3086 1384 3141 et
1406 3079 1558 3160 ingenium

206 3195 297 3240 acues
321 3181 353 3235 et
371 3189 528 3234 cansarum
552 3169 743 3250 perceptione
758 3167 870 3228 evades
888 3167 918 3228 in
933 3165 1125 3248 philosophia
1144 3165 1268 3240 doctior,
1295 3166 1333 3228 ad
1352 3167 1558 3230 mechanicam

207 3277 238 3329 et
260 3283 359 3328 rernm
381 3260 498 3323 utilium
523 3267 612 3339 atque
631 3258 828 3338 jucundarum
852 3255 1056 3318 inventionem
1080 3255 1263 3330 instructior,
1289 3255 1416 3337 deniqne
1440 3277 1458 3318 a
1478 3257 1559 3319 mille

207 3355 313 3428 modia,
337 3351 443 3434 quibus
466 3347 573 3428 vulgus
596 3345 627 3409 in
650 3364 780 3408 errorem
802 3345 883 3406 sulet
905 3343 1015 3418 induci,
1040 3343 1158 3407 cantior
1181 3351 1271 3424 atque
1294 3345 1398 3407 tutior.

296 3443 376 3504 Vale
400 3449 432 3502 et
453 3439 511 3502 boe
533 3435 719 3519 praeludium
743 3433 831 3516 aequi
855 3431 981 3515 bonique
1006 3432 1137 3495 consule.
