3694 5528
745 260 957 313 xum-svm.
1464 265 1529 334 537

266 433 379 496 Radiet
403 434 494 496 stella
520 435 809 515 perpendiculariter
839 438 871 499 in
903 439 1022 502 lentem.
1069 437 1205 520 Papyrus
1238 439 1280 502 sit
1314 449 1386 521 post
1417 442 1529 507 lentem

177 540 245 586 cum
275 522 370 585 literis
398 522 542 601 legendis.
590 523 624 585 Si
653 524 718 587 lens
749 533 797 588 est
823 526 970 608 utrimque
1004 528 1169 607 aequaliter
1199 547 1347 597 convexa,
1382 531 1530 595 distantia

176 610 219 672 sit
241 609 327 672 unius
351 611 564 674 semidiametri
588 612 709 686 (XLIII
732 621 763 675 et
785 613 973 690 XXXIX),
997 615 1044 676 siu
1066 615 1233 696 altrobique
1256 617 1365 696 plana,
1390 618 1529 683 diametri

177 696 355 772 (XXXV).
374 699 420 760 At
434 699 459 760 si
473 699 672 780 inaequalium
688 703 920 777 convexitaturn,
935 703 1157 785 distantiaplus
1172 705 1296 766 habebit
1306 707 1528 771 semidiametro

176 785 310 855 minoris,
334 787 430 850 minus
453 787 600 852 diametro
624 789 734 866 (XL).

263 873 348 938 LIII.
382 875 583 942 Problema.
620 877 717 940 Lente
734 898 869 944 convexa
887 879 984 942 lumen
1008 880 1045 941 de
1068 888 1157 943 nocte
1182 881 1355 960 longissime
1375 883 1527 962 ejaculari.

262 963 377 1026 Lumen
406 965 448 1026 sit
474 973 546 1045 post
578 967 688 1029 lentem
721 967 750 1028 in
784 975 894 1048 puncto
929 987 1090 1030 concursus
1122 969 1335 1049 parallelorum
1365 972 1527 1034 radiorum.

175 1051 272 1131 Igitur
294 1052 373 1114 radii
395 1052 515 1115 luminis
548 1054 739 1134 divergentes
766 1075 873 1118 versus
902 1056 1029 1118 lentemv
1053 1057 1234 1119 refractione
1268 1059 1350 1121 iacta
1386 1061 1526 1139 paralleli

176 1139 300 1202 exibunt
324 1137 392 1216 (34,
413 1137 466 1214 35,
482 1139 534 1216 39,
550 1139 620 1216 40).
667 1141 818 1206 Conducit
841 1145 939 1206 lumen
962 1145 1018 1207 hoc
1041 1146 1111 1225 poni
1133 1147 1162 1208 in
1187 1153 1290 1208 centro
1314 1148 1427 1227 speculi
1452 1167 1526 1210 con-

175 1229 256 1300 cavi,
280 1234 314 1289 nt
335 1228 412 1290 radii
436 1230 535 1292 aversi
559 1231 754 1295 reflectantur
776 1233 806 1294 in
830 1233 927 1294 lumen
952 1241 984 1295 et
1015 1253 1068 1314 per
1098 1235 1129 1296 id
1162 1241 1320 1296 transeant
1348 1236 1378 1296 ln
1401 1236 1524 1298 lentem.

175 1313 292 1387 Quodsi
327 1319 489 1382 retraxeris
517 1321 615 1382 lumen
647 1340 667 1382 a
705 1321 804 1396 lente,
841 1321 1020 1384 illuminatio
1052 1322 1106 1384 illa
1137 1322 1302 1386 fortissima
1334 1343 1371 1385 ex
1409 1325 1525 1387 infinito

174 1406 298 1485 propius
322 1408 447 1468 accedet
471 1408 510 1469 ad
533 1409 654 1484 lentem,
678 1409 724 1470 ita
744 1410 861 1490 poteris
884 1410 967 1472 illam
985 1409 1143 1486 moderari,
1168 1419 1202 1473 ut
1224 1413 1372 1474 illumines
1396 1413 1525 1495 aliquem

178 1494 274 1556 locum
298 1501 442 1572 qnantum
464 1496 540 1558 velis
564 1497 728 1559 distantem
752 1499 879 1572 (XLI).

263 1582 348 1644 LIV.
394 1583 596 1648 Problema.
642 1585 828 1650 Distantiarn
858 1587 902 1648 rei
924 1586 1051 1650 visibilis
1075 1587 1155 1649 lente
1179 1588 1326 1668 utrimque
1358 1589 1527 1670 aequaliter

175 1688 310 1736 convexa
333 1671 431 1735 metiri
454 1671 542 1736 unica
565 1673 705 1737 statione.
1484 1731 1490 1744 .

263 1759 343 1823 Nam
367 1761 392 1822 si
416 1761 536 1823 visibile
551 1762 702 1842 'pingitur
732 1763 762 1825 in
786 1762 933 1825 distantia
959 1753 1066 1844 pepyr'i
1090 1784 1109 1824 a
1131 1763 1212 1838 lente
1235 1764 1340 1845 majori
1364 1783 1454 1846 qnam
1477 1774 1526 1828 est

175 1848 322 1912 diameter
356 1851 576 1924 convexitatis,
607 1851 726 1914 visibile
757 1852 853 1917 minus
886 1851 983 1913 aberit
1015 1870 1104 1932 qnam
1125 1851 1281 1914 diametro
1312 1854 1523 1918 convexitatis.

175 1934 294 2017 Quippe
318 1937 344 1999 si
366 1957 498 2020 papyrus
528 1939 625 2001 aberit
657 1941 821 2016 diametro,
846 1948 878 2002 et
900 1940 1020 2002 visibile
1044 1939 1139 2002 aberit
1168 1941 1314 2002 diametro
1343 1942 1523 2016 (XXXV).

174 2023 276 2096 Quare
299 2026 392 2088 etiarn
414 2028 441 2088 si
463 2046 595 2110 papyrus
618 2028 716 2092 minus
748 2029 847 2092 aberit
878 2029 1043 2104 diametro,
1080 2027 1195 2090 visibile
1223 2031 1292 2109 plus
1325 2029 1423 2092 aberit
1456 2030 1523 2092 dia·

173 2121 270 2176 metro
296 2115 422 2190 (XLI).
467 2115 603 2198 Denique
636 2119 661 2178 si
693 2136 826 2199 papyrus
853 2117 1019 2197 perfectam
1051 2117 1166 2178 habens
1197 2118 1346 2196 picturam
1377 2119 1523 2181 semidia-

173 2209 268 2266 metro
296 2204 496 2267 convexitatis
520 2213 609 2268 notae
632 2205 723 2281 absit,
746 2224 795 2269 res
818 2205 981 2286 longinqua
1000 2207 1067 2282 erit,
1091 2213 1126 2267 ut
1144 2206 1308 2268 mensurari
1323 2207 1451 2286 amplius
1466 2226 1524 2269 non

173 2291 272 2370 possit
292 2291 412 2372 pictura
434 2293 631 2368 (XXXIX).

262 2380 330 2443 LV.
368 2381 577 2443 Problema.
623 2382 707 2444 Idem
729 2383 810 2444 lente
834 2399 970 2444 convexa
990 2389 1149 2460 praestare
1173 2383 1234 2444 alia
1252 2382 1386 2445 ratione:
1411 2383 1438 2444 si
1452 2391 1525 2446 nota

172 2468 215 2531 sit
237 2468 392 2550 quantitas
416 2471 459 2532 rei
483 2469 617 2532 visibilis.

260 2558 314 2620 Fit
333 2576 388 2638 per
400 2558 518 2622 XLVI.
564 2559 644 2622 Nam
659 2565 691 2620 ut
706 2557 860 2636 longitudo
883 2556 1019 2636 picturae
1043 2557 1083 2620 ad
1106 2556 1171 2636 ejus
1195 2558 1373 2621 distantiam
1396 2560 1524 2631 alente,

172 2645 216 2708 aio
239 2645 396 2726 longitudo
419 2654 493 2710 nota
515 2645 558 2709 rei
581 2647 710 2710 visibilis
734 2646 773 2707 ad
797 2647 862 2726 ejus
886 2645 1062 2708 distantiam
1085 2646 1219 2708 alente.

191 2735 194 2740 “
260 2733 345 2796 LVI.
391 2735 515 2799 Nota.¹
554 2735 585 2798 J.
609 2735 753 2815 Baptista
784 2734 879 2796 Porta
908 2733 1067 2813 pollicetur
1097 2734 1271 2814 problema,
1310 2735 1340 2796 in
1376 2734 1522 2797 infinitum

172 2823 346 2886 comburere
368 2842 422 2903 per
444 2824 554 2886 lineam
576 2825 737 2886 ustoriam:
771 2824 850 2904 quod
877 2821 927 2884 ille
957 2823 993 2884 de
1022 2822 1143 2902 speculo
1167 2823 1279 2898 tradit,
1315 2823 1367 2884 alii
1389 2842 1462 2886 vero
1486 2825 1522 2885 de

172 2912 255 2974 lente
277 2930 411 2974 convexa
433 2927 535 2975 verum
558 2931 625 2975 esse
649 2911 819 2992 opinantur.
865 2911 976 2974 Utrum
1007 2910 1158 2991 sequaris,
1189 2911 1388 2991 impossibilia
1411 2929 1522 2992 aggre-

173 3001 275 3064 dieris.
300 2999 486 3080 Repugnat
508 3001 610 3081 optica
632 2999 770 3063 seientia.
1528 3071 1530 3076 ,

261 3089 370 3167 Primo,
394 3089 562 3153 combustio
585 3097 634 3152 est
657 3097 780 3169 propter
803 3087 967 3150 sectionem
989 3085 1149 3149 redmmm.
1188 3084 1291 3149 Sectio
1310 3094 1453 3167 p'unctum
1476 3097 1525 3151 est

171 3197 232 3240 non
256 3179 344 3241 linea.
393 3177 547 3240 Secundo:
585 3178 612 3240 si
644 3179 674 3240 in
704 3177 850 3248 infinitum
873 3173 1036 3249 comburit,
1071 3193 1142 3255 ergo
1171 3183 1203 3236 et
1225 3175 1255 3237 in
1277 3175 1345 3256 ipsa
1369 3176 1523 3254 superficie
1626 3229 1628 3234 .

170 3267 262 3331 lentis
286 3267 364 3329 unde
387 3267 468 3329 exit:
508 3285 599 3347 quare
631 3268 697 3328 lens
728 3266 908 3328 destruetur.
956 3263 1078 3333 Tertio,
1111 3263 1137 3323 si
1168 3263 1269 3326 radius
1302 3264 1431 3345 acquirit
1464 3264 1525 3326 vim

170 3355 376 3428 comburendi,
399 3354 529 3435 acquirit
552 3375 620 3418 eam
643 3374 681 3416 ex
703 3354 880 3415 collectione
903 3351 1061 3413 multorum
1094 3349 1245 3414 radiorum
1278 3351 1310 3416 in
1333 3371 1432 3414 unum.
1480 3353 1526 3414 At

170 3445 229 3506 hoc
252 3443 438 3524 impossibile
462 3451 519 3506 est.
566 3444 651 3506 Unus
685 3443 763 3505 enim
795 3442 896 3504 radius
927 3440 956 3501 in
989 3459 1079 3502 unum
1111 3441 1203 3502 etiam
1232 3447 1376 3520 punctum
1407 3441 1522 3504 incidit.

171 3532 217 3593 At
239 3531 326 3594 unius
349 3531 451 3613 puncti
473 3531 504 3594 in
527 3531 662 3612 qualibet
684 3531 841 3611 superficie
873 3547 933 3590 una
955 3529 1046 3590 etiam
1070 3529 1135 3590 sola
1158 3537 1207 3590 est
1223 3529 1366 3592 refractio
1381 3529 1523 3610 cujusque

171 3619 248 3681 radii
280 3637 334 3700 per
365 3619 396 3681 id
427 3628 567 3699 punctum
600 3619 795 3684 transeuntis.
849 3618 935 3680 Unus
971 3616 1062 3695 igitur
1095 3615 1186 3679 etiarn
1216 3625 1289 3698 post
1320 3617 1352 3680 id
1382 3625 1526 3696 punctum

172 3707 286 3783 radius,
311 3725 370 3770 nou
392 3708 478 3771 multi
497 3709 633 3771 distincti
649 3707 857 3772 distinctamm
871 3705 1107 3780 inclinationum,
1131 3705 1180 3786 qui
1195 3705 1225 3768 in
1239 3725 1329 3768 unum
1343 3703 1523 3767 refractione

170 3796 360 3876 colligantur.
408 3795 471 3858 Sed
494 3796 530 3859 de
552 3798 610 3860 hac
632 3816 665 3860 re
689 3798 768 3860 infra
789 3796 890 3877 plura,
914 3792 964 3856 ubi
994 3811 1127 3856 concava
1150 3793 1292 3856 convexis
1322 3792 1522 3854 associavero.

169 3948 364 4010 Hactenus
403 3947 445 4008 de
485 3947 583 4009 lente
620 3965 785 4009 convexa
822 3945 973 4025 ejusque
1015 3944 1141 4006 usibus
1179 3942 1278 4004 citra
1313 3948 1522 4020 respectum

214 4035 320 4099 oculi.
368 4035 390 4097 J
397 4054 452 4097 arn
474 4035 515 4097 de
540 4035 587 4097 iis
611 4036 753 4111 usibus,
778 4053 868 4114 quos
891 4033 1003 4095 habet
1026 4033 1059 4094 in
1083 4029 1298 4110 adjuvanda
1320 4029 1481 4091 visione

585 4124 632 4187 Et
654 4125 759 4203 prius
782 4124 826 4184 de
850 4123 934 4202 ipsa
957 4121 1114 4183 visione.

258 4237 359 4300 LVII.
406 4236 566 4301 Axioma
588 4237 798 4320 Physioum.
847 4235 932 4297 Axes
955 4253 1009 4313 per
1032 4240 1138 4296 centra
1160 4232 1291 4312 pupillae
1315 4239 1347 4294 et
1364 4231 1520 4293 humorum

169 4327 321 4391 oculorum
343 4334 537 4390 transeuntes
561 4327 691 4400 naturali
714 4333 796 4389 motu
819 4325 869 4386 vel
891 4323 992 4403 potins
1016 4322 1116 4402 quiete
1137 4320 1276 4400 paralleli
1304 4327 1389 4396 sunt,
1414 4319 1523 4382 voluu-

169 4416 247 4478 tarie
271 4434 341 4478 vero
365 4422 600 4496 contorquentur
623 4413 851 4496 adpropinqua
874 4410 1114 4491 contemplanda.

259 4503 376 4566 LVIII.
423 4502 629 4566 Definitio.
673 4501 829 4566 Distinota
850 4500 927 4564 visio
952 4506 1018 4569 est,
1047 4499 1076 4560 iu
1107 4515 1167 4577 qua
1187 4503 1293 4578 partes
1316 4496 1360 4559 rei
1383 4493 1522 4558 subtilis-

172 4591 266 4654 simae
289 4593 411 4653 elucent
433 4599 466 4654 et
488 4591 519 4654 in
542 4597 737 4670 conspectum
750 4588 885 4654 veniunt.
920 4587 1064 4662 Confusa,
1088 4586 1120 4648 in
1134 4585 1344 4665 quapartibus
1358 4583 1523 4665 majoribus

173 4679 387 4758 apparentibus
410 4681 541 4743 minores
572 4680 670 4742 latent
692 4687 725 4741 et
753 4678 847 4741 veluti
875 4676 1072 4740 obliterantur
1098 4692 1153 4736 seu
1180 4673 1364 4736 obliniuntur
1391 4673 1523 4736 confusis

173 4766 252 4828 inter
274 4787 307 4830 se
329 4767 477 4831 terminis.
524 4768 627 4831 Fortis
649 4765 726 4830 visio
758 4785 812 4830 seu
843 4766 927 4831 clara
955 4772 1018 4839 est,
1049 4779 1116 4826 cum
1147 4780 1196 4824 res
1228 4761 1349 4825 videtur
1375 4760 1461 4844 quasi
1492 4759 1523 4822 in
