3684 5518
737 297 820 361 Caput
836 295 882 348 IV.
905 295 930 346 0.
1447 303 1511 372 207

161 481 283 526 munem.
323 463 545 546 Comparantur
567 469 668 550 itaque
692 471 844 552 simplices
868 473 1065 536 refractiores
1089 477 1251 540 earundem
1265 477 1509 544 inclinationum:

163 569 199 613 ne
220 551 354 632 imponat
377 555 515 617 diversus
538 558 627 620 medii
655 561 808 642 utriusque
841 561 917 623 situs
946 564 985 625 ad
1014 564 1195 628 incidentem
1228 567 1352 629 eundern
1381 571 1508 633 radium.

163 640 205 702 Ut
223 659 304 721 prop.
338 641 371 706 8.
400 644 486 724 hujus
515 646 623 725 capitis
655 649 683 708 in
712 647 907 713 inclinatione
940 648 1002 715 800
1031 653 1159 732 simplex
1192 655 1268 716 radii
1302 659 1443 718 refractio
1474 679 1511 720 ex

163 734 227 790 atre
255 729 286 790 in
320 749 431 812 aquam
463 742 511 795 est
545 730 688 798 19017‘.
734 739 770 798 In
804 739 909 822 eadem
943 741 1136 820 inclinatione
1166 737 1229 805 800
1257 762 1342 825 prop.
1368 741 1397 808 0.
1423 748 1510 825 hujus

162 817 264 895 rapitis
296 821 427 900 simplex
454 823 532 885 radii
563 824 707 886 refractio
736 845 774 886 ex
805 829 927 891 aethere
958 829 985 889 in
1018 836 1118 891 atrem
1153 838 1203 892 est
1224 827 1299 894 59⁰.
1348 835 1445 913 Igitur
1473 856 1511 897 ex

159 906 279 968 aethere
303 909 334 970 in
358 928 467 990 aquam
497 919 580 974 esset
601 915 744 977 retractio
769 915 896 996 simplex
924 912 1064 981 100180.
1095 918 1253 998 Proportio
1279 920 1379 1001 itaque
1401 923 1509 986 'eadem

159 1012 232 1073 quae
266 997 393 1062 unitatis
418 999 457 1060 ad
483 993 622 1082 117721„
670 1002 764 1084 Atqui
796 1005 994 1067 refractiones
1026 1006 1195 1085 hujusmodi
1224 1018 1351 1070 causata
1379 1021 1428 1072 est
1457 1013 1510 1074 ilia

155 1082 342 1146 solummodo
365 1087 512 1164 densitas,
536 1108 612 1169 quae
636 1093 844 1155 consideratur
867 1093 896 1154 in
912 1093 992 1155 linea
1010 1105 1102 1172 recta,
1128 1103 1288 1175 propterea
1303 1098 1381 1178 quod
1399 1115 1507 1179 super-

155 1170 236 1234 ficies
260 1174 454 1239 retractionis
477 1178 587 1258 optiois
611 1179 702 1252 dicta,
727 1181 913 1262 superficiem
938 1172 1086 1258 densioris
1111 1203 1228 1257 secans,
1253 1187 1417 1249 sectionem
1432 1207 1507 1250 con-

154 1259 255 1322 stituit
279 1263 399 1339 lineam.
447 1267 495 1327 Ac
518 1269 575 1330 etsi
600 1269 706 1330 cadem
731 1271 903 1350 superficies
928 1289 1035 1350 corpus
1059 1272 1180 1334 densius
1204 1292 1312 1334 secans
1341 1277 1506 1340 sectionem

154 1349 315 1412 constituit
347 1355 551 1433 superficiem,
591 1357 829 1420 demonstratum
852 1368 964 1429 tamen,
985 1368 1035 1421 est
1057 1358 1158 1441 capite
1190 1363 1304 1440 primo,
1340 1366 1453 1428 nullam
1478 1367 1506 1427 in

153 1453 280 1518 corpore
315 1441 425 1517 denso,
458 1445 513 1506 sed
538 1463 655 1508 omnem
687 1447 716 1508 in
749 1447 903 1527 superficie
932 1448 993 1510 lieri
1017 1448 1239 1511 refractionem.
1287 1444 1394 1533 Itaque
1418 1455 1445 1517 si
1470 1475 1508 1514 ox

153 1535 281 1607 utroque
314 1533 515 1611 proportionis
547 1536 675 1597 termino
699 1537 804 1598 cubum
838 1537 990 1610 effeceris,
1014 1538 1238 1617 proportionem
1269 1557 1425 1620 corporum
1458 1542 1507 1604 in-

151 1617 254 1680 venies
280 1637 374 1681 cansa
397 1621 557 1684 densitatis
581 1643 657 1699 eam,
683 1644 759 1705 quae
784 1633 832 1686 est
854 1625 960 1688 interl
985 1621 1262 1690 0t1633304682.
1287 1629 1350 1689 h'ec
1374 1630 1505 1705 dubium,

150 1703 175 1764 si
199 1704 269 1784 quis
293 1705 323 1768 in
346 1723 420 1786 pnro
444 1711 566 1773 aethere
599 1713 789 1787 consisteret,
824 1714 969 1776 funderet
994 1713 1062 1776 hinc
1089 1715 1103 1776 1
1131 1715 1273 1797 cyathum
1296 1737 1403 1799 aquae,
1437 1719 1506 1781 indo

150 1792 285 1856 sedecim
310 1797 463 1878 myriadas
487 1801 656 1881 myriadum
676 1801 852 1884 cyathorum
885 1804 986 1876 aeris,
1016 1803 1086 1884 quin
1110 1803 1185 1866 haec
1209 1806 1508 1885 aequeponderatura

150 1880 218 1942 sint
259 1883 303 1945 Et
325 1885 354 1946 in
378 1906 507 1964 camera,
531 1908 585 1951 seu
608 1890 684 1952 cubo
710 1889 750 1953 12
777 1892 871 1971 pedes
894 1892 994 1970 longo,
1028 1894 1090 1955 lato
1114 1899 1146 1953 et
1169 1892 1231 1954 alto
1254 1912 1313 1955 non
1336 1895 1405 1974 plus
1429 1896 1509 1958 inest

149 1972 309 2042 materiae,
334 1984 494 2039 comatre
522 1978 573 2042 illo
603 1979 775 2060 purissimo,
810 1981 859 2060 qui
892 1980 1008 2042 aetheri
1042 1980 1199 2059 contiguus
1224 1989 1280 2056 est,
1316 1985 1423 2062 plenus
1447 1993 1507 2056 est,

149 2077 238 2138 quam
265 2060 295 2123 in
320 2063 440 2127 cubisco
464 2085 570 2146 aquae,
609 2068 658 2149 qui
681 2076 769 2148 patet
800 2087 855 2148 per
882 2077 1021 2132 octavam
1048 2077 1166 2148 partem
1196 2069 1315 2148 pollicis
1347 2071 1379 2134 in
1403 2091 1507 2135 omnes

149 2147 367 2213 dimensiones.
413 2153 526 2216 Dubito
550 2164 651 2218 tamen
682 2159 762 2237 ipse,
787 2178 825 2219 an
850 2176 907 2220 non
932 2155 1064 2220 sulliciat
1096 2159 1243 2237 quadrare
1267 2160 1410 2222 terminos
1433 2179 1507 2240 pro-

146 2239 339 2319 portionum:
370 2261 423 2305 seu
445 2244 547 2322 potins
570 2245 768 2325 multiplicare
800 2248 884 2326 ipsos
912 2247 942 2308 in
975 2266 1047 2308 suas
1079 2247 1207 2321 radices,
1239 2255 1400 2327 propterea
1430 2251 1508 2329 quod

146 2327 214 2407 ipsa
237 2331 449 2410 corpulentiae
474 2333 609 2396 densitas
633 2335 662 2396 in
687 2336 842 2414 superficie
872 2336 961 2397 medii
992 2342 1237 2414 repraesentatur
1269 2335 1361 2416 (Cap.
1386 2337 1410 2406 Ι,
1440 2335 1506 2413 13).

146 2416 208 2480 Sed
231 2437 334 2500 neque
353 2427 403 2482 est
425 2421 500 2482 haec
523 2423 676 2502 proportio
700 2433 863 2506 perpetua:
894 2445 949 2486 nec
972 2422 1030 2488 nisi
1054 2423 1080 2485 ei
1104 2424 1184 2503 parti
1208 2425 1287 2486 atris
1317 2427 1506 2500 ascribenda,

146 2524 222 2586 quae
247 2507 339 2568 coelo
364 2509 523 2572 defaecato
538 2530 679 2590 suprema
701 2521 830 2593 occupat
853 2513 963 2592 spatia.
1001 2511 1061 2584 Qui
1084 2531 1155 2592 uero
1178 2531 1273 2592 vapor
1288 2533 1326 2574 ex
1349 2515 1417 2576 ollis
1442 2515 1506 2577 fer-

102 2590 108 2609 '
144 2596 292 2658 ventibus
316 2598 423 2660 ebullit
445 2601 579 2680 adeoque
604 2609 636 2662 et
659 2601 695 2675 is,
729 2603 778 2681 qui
800 2603 922 2681 pluviae
945 2600 1073 2664 instanti
1096 2602 1256 2663 materiam
1287 2604 1436 2680 praebens
1469 2623 1507 2665 ex

144 2684 280 2748 altorum
304 2687 448 2750 montium
472 2689 610 2751 cavernis
633 2679 775 2768 prodiens
799 2692 914 2754 eoelum
942 2691 1073 2769 caligine
1105 2690 1258 2762 suffundit,
1287 2709 1383 2772 aquae
1411 2692 1506 2755 multo

145 2781 192 2836 est
214 2775 360 2855 propior:
384 2777 414 2838 in
438 2796 527 2858 quarn
550 2787 584 2840 et
606 2777 710 2840 statim
734 2779 861 2860 cogitur.

234 2865 310 2926 Non
340 2865 461 2944 ignoro,
496 2887 533 2929 ne
563 2868 687 2940 credas,
713 2887 759 2930 me
791 2867 982 2951 physicorum
1018 2865 1279 2946 reprehensionem
1309 2867 1504 2944 incursurum,

145 2955 194 3032 qni
218 2961 324 3018 aerem
349 2956 451 3018 ethic
474 2964 506 3018 et
529 2963 767 3036 anteagravem
790 2977 844 3019 seu
867 2956 1068 3038 ponderosum
1096 2973 1163 3016 esse
1192 2963 1335 3018 statuam.
1382 2959 1427 3018 At
1457 2975 1504 3018 me

144 3043 187 3103 sic
211 3044 323 3105 docuit
343 3043 436 3105 totius
460 3052 586 3106 naturae
610 3047 840 3125 contemplatio:
875 3045 943 3127 quin
969 3043 1066 3106 eidem
1089 3062 1155 3106 cum
1178 3042 1319 3106 Cardano
1342 3045 1503 3126 multisque

144 3133 211 3196 aliis
234 3134 328 3213 hujus
351 3134 465 3196 aetatis
488 3134 759 3213 praestantissimis
794 3130 981 3216 philosophis
1014 3133 1107 3196 etiarn
1136 3131 1336 3212 frigiditatem
1365 3133 1503 3196 ascribo:
1558 3161 1560 3166 v

144 3241 199 3284 nce
221 3222 316 3284 rideo
340 3222 410 3303 quid
435 3223 594 3285 Aristoteli
617 3224 758 3303 supersit,
794 3243 851 3304 qno
874 3222 1013 3286 absolute
1046 3222 1143 3284 levem
1171 3229 1204 3282 et
1235 3222 1364 3284 calidum
1396 3231 1504 3302 suapte

144 3319 254 3374 natura
289 3311 444 3384 defendat,
483 3312 508 3372 si
541 3331 630 3375 unam
661 3313 688 3374 ei
723 3313 975 3375 combinationem
1003 3311 1182 3391 qualitatum
1217 3311 1344 3373 adimas.
1397 3312 1504 3393 Neque

143 3401 297 3464 medicina
314 3419 422 3481 ¹neque
454 3401 644 3484 physiologia
673 3400 869 3481 periclitatur,
911 3399 1070 3462 dummodo
1102 3407 1276 3478 comparate
1307 3407 1339 3461 ει
1366 3399 1442 3463 levis
1473 3407 1530 3462 ει·

143 3487 340 3552 calefactioni
354 3488 461 3569 'magis
485 3497 573 3569 aptus
597 3499 728 3551 maneat.
767 3490 830 3553 Sed
854 3491 890 3552 de
913 3489 961 3550 his
985 3487 1057 3549 alibi
1082 3487 1262 3551 commodior
1286 3489 1404 3552 dicendi
1419 3490 1503 3551 locus

144 3578 220 3638 erit:
246 3585 281 3639 et
306 3576 417 3639 dictum
442 3577 574 3639 nonnihil
598 3577 628 3639 in
647 3579 783 3640 thesibus
808 3579 883 3641 meis
907 3577 1110 3656 astrologicis.
1157 3585 1225 3646 (vol.
1245 3586 1266 3644 1,
1285 3603 1309 3652 p.
1330 3584 1381 3636 tlt
1400 3583 1447 3648 aa.)
1490 3583 1492 3588 “

230 3666 569 3745 PropositioXI.
615 3667 856 3730 ProblemaIV.
904 3667 960 3728 Ex
989 3665 1324 3728 retractionibus
1348 3667 1500 3729 altitu-

144 3754 283 3817 dinem
317 3755 432 3816 abris
462 3757 630 3818 aTerra
659 3756 940 3835 investigare.
988 3755 1065 3816 Num
1103 3753 1172 3833 qnia
1209 3755 1301 3816 fluida
1338 3764 1387 3816 est
1422 3757 1502 3816 atris

143 3845 280 3920 materia,
310 3845 389 3925 quod
412 3851 569 3908 uentorum
601 3846 679 3907 ratio
707 3846 816 3925 arguit,
847 3845 897 3926 qui
925 3852 996 3906 sunt
1023 3861 1090 3904 mea
1119 3843 1272 3904 sententia
1308 3843 1382 3904 nihil
1419 3844 1501 3904 alind
1536 3877 1540 3886 ·

143 3951 231 4011 qnam
271 3933 410 3996 ebullitio
449 3933 572 4014 copiosa
609 3953 646 3995 ex
673 3934 825 3996 montibus
855 3933 1021 4005 altissimis,
1059 3930 1137 3990 unde
1165 3938 1272 4010 suapte
1304 3939 1412 3993 natura
1439 3932 1501 3992 ima

143 4037 260 4083 rursum
286 4029 400 4100 petens
421 4022 549 4084 materia
579 4023 671 4102 (quod
695 4041 754 4084 non
778 4031 827 4084 est
856 4023 984 4085 alienum
1014 4019 1052 4081 ab
1080 4018 1258 4094 Aristotele,
1288 4021 1422 4082 sectione
1446 4017 1499 4082 25.

143 4110 239 4188 probl.
269 4107 339 4184 13.)
363 4110 473 4173 circulo
497 4110 743 4172 circumfunditur
774 4118 904 4172 montem
938 4109 1101 4188 existitque
1132 4126 1170 4168 ex
1200 4107 1300 4188 prima
1321 4109 1500 4188 impulsione

144 4197 273 4259 circulus
304 4199 382 4260 alius
415 4218 453 4259 ex
481 4198 556 4272 alio,
596 4207 629 4260 nt
662 4209 693 4260 et
716 4201 745 4260 in
774 4199 860 4279 aquis
888 4197 1119 4278 stagnantibus:
1159 4197 1293 4277 seqnitur
1325 4217 1396 4278 ergo
1421 4199 1499 4269 hinc,

145 4286 220 4364 qnod
245 4287 454 4370 propositione
478 4307 557 4349 nona
580 4288 664 4367 hujus
688 4286 798 4366 capitis
822 4296 870 4350 est
889 4295 1073 4367 usurpatum,
1100 4293 1132 4345 nt
1156 4287 1235 4348 atris
1259 4287 1387 4348 materia
1401 4287 1499 4348 circn-

145 4372 248 4437 lariter
272 4375 386 4438 Terrae
411 4376 513 4438 orbem
537 4377 746 4455 amplectatur.
780 4375 946 4456 Propterea
969 4377 1008 4438 ad
1032 4374 1272 4453 investigandam
1287 4375 1499 4437 refractionnm

146 4461 223 4525 atris
236 4481 411 4526 mensuram
425 4466 514 4544 plane
529 4483 603 4545 opus
615 4465 672 4527 fuit
681 4465 884 4544 suppositione
901 4461 1067 4527 altitudinis
1082 4462 1229 4542 sphaerae
1240 4463 1328 4525 atris.
1352 4463 1400 4526 Ea
1411 4462 1501 4546 igitur

145 4569 231 4630 qnam
249 4552 392 4632 proxime
413 4554 471 4616 erit
485 4553 613 4616 altitudo
635 4553 725 4626 atris,
750 4553 835 4632 cnjus
850 4573 888 4614 ex
903 4549 1107 4634 suppositione
1132 4552 1170 4613 ad
1184 4552 1399 4615 refractioonm
1413 4571 1499 4615 men-

144 4657 242 4702 suram
267 4641 514 4721 quamproxime
538 4642 730 4704 accessimus.
755 4640 826 4702 Fuit
840 4649 940 4703 autem
964 4660 1055 4721 supra
1076 4638 1134 4700 ΕΛ
1158 4647 1222 4712 (rig.
1243 4645 1290 4709 tt)
1315 4638 1499 4714 10005578,

145 4729 278 4806 qualium
302 4750 322 4790 a
344 4737 450 4806 centro
472 4731 583 4792 Terrae
606 4731 635 4791 A
659 4729 689 4790 in
713 4729 897 4807 superficiem
922 4729 986 4808 ejus
1011 4731 1093 4791 fuere
1120 4723 1304 4792 10000000.
1338 4729 1420 4811 Ergo
1443 4749 1498 4812 per

144 4816 280 4896 regulam
295 4817 528 4910 proportionum,
553 4819 579 4880 si
606 4815 779 4881 10000000
803 4819 877 4880 fiant
892 4815 958 4882 800
971 4813 1112 4882 milliaria
1128 4813 1311 4880 Germanica
1334 4820 1498 4882 seeundum
