3652 5532
746 309 827 376 caput
843 307 916 362 XXX·
1431 311 1493 382 741

160 487 226 568 ipso
248 487 440 567 retrogradus
463 506 520 550 non
536 487 633 563 1111111,
658 487 712 549 sed
735 487 989 569 simplicissimus:
1013 489 1093 552 huea
1115 487 1300 570 trajectoria,
1324 509 1399 572 quae
1418 493 1498 555 solet

160 595 227 638 esse
250 595 408 656 parumper
436 587 569 640 arcuata.
615 575 694 640 Nam
717 577 746 638 in
774 579 961 642 meridionali
992 579 1084 659 plaga
1115 578 1260 658 sphaerae
1284 579 1393 642 Martis
1417 580 1499 643 circa

162 661 221 728 15ιι
249 664 286 743 Υ
314 673 451 742 coortus,
484 666 597 746 impetu
627 667 839 746 propemodum
868 668 1023 731 rectilineo
1056 669 1171 730 sursum
1200 667 1231 730 iu
1262 670 1495 748 septentrionem

159 755 240 818 latus
269 763 330 829 est,
365 763 396 818 et
427 756 507 819 saltu
539 775 629 836 snper
656 753 759 818 Solem
782 756 879 833 iacto,
911 777 1016 820 versus
1038 755 1220 838 ipsissimum
1243 756 1353 820 Terrae
1379 757 1438 821 iter
1464 761 1494 820 in

160 843 284 906 confinio
307 843 417 907 Librae
441 853 471 906 et
493 843 665 924 Scorpionis
689 844 833 924 perlatus,
857 847 1030 928 exspiravit.
1070 845 1179 907 Terrae
1201 845 1303 927 itaque
1330 855 1427 910 motus
1451 847 1496 910 illi

159 931 331 996 conciliavit
352 933 429 996 hanc
461 935 591 1015 speciem
621 934 897 1012 retrogradationis.
943 936 1057 998 Verum
1079 933 1156 996 istas
1190 935 1324 1014 argutias
1352 955 1409 998 non
1438 937 1497 998 fert

159 1021 234 1084 haec
255 1021 405 1084 mantice:
430 1029 462 1084 ct
485 1023 554 1103 qnid
577 1021 676 1086 verbis
699 1024 797 1102 opus?
821 1023 913 1100 Vicit,
936 1023 1009 1087 vicit
1030 1024 1164 1105 inquam,
1189 1022 1306 1086 Rtslini
1336 1043 1495 1104 argumen-

153 1111 254 1185 ·tatio;
278 1129 336 1192 qno
358 1111 456 1192 magis
478 1111 560 1174 illam
582 1112 680 1175 miror.
718 1112 865 1176 Nimirum
886 1113 932 1175 uti
954 1114 1029 1179 haec
1051 1111 1188 1193 prodigia
1210 1120 1282 1174 sunt
1304 1120 1390 1175 extra
1413 1115 1495 1176 ordi-

160 1218 243 1275 nem,
279 1201 324 1262 sic
346 1200 558 1280 interpretibus
591 1219 706 1282 quoque
737 1220 811 1281 opus
846 1202 960 1265 habent
989 1202 1132 1284 peculiari
1161 1220 1216 1264 nec
1244 1201 1378 1264 omnihus
1408 1203 1495 1265 obvio

162 1288 317 1350 utentibus
339 1288 502 1352 instinctu:
526 1309 581 1350 nec
604 1289 691 1351 aliter
714 1291 898 1370 explicantur
917 1293 975 1354 nisi
993 1291 1165 1373 prodigiosa
1187 1292 1296 1354 mentis
1319 1291 1495 1370 agitatione.

161 1376 241 1447 Quid
265 1378 390 1440 multis?
414 1375 578 1442 Contendit
590 1377 672 1440 Deus
696 1380 872 1443 artificiosas
896 1381 1029 1461 argutias
1053 1399 1162 1455 eornm,
1187 1377 1236 1460 qui
1253 1379 1351 1442 inflati
1370 1380 1497 1444 scientia

161 1467 321 1546 magistros
343 1485 410 1530 sese
433 1467 609 1549 profitentur
631 1467 772 1548 eligitque
791 1470 849 1532 sibi
867 1489 921 1550 pro
943 1469 1149 1532 instrumentis
1163 1487 1225 1544 eos,
1250 1469 1299 1550 qui
1321 1470 1370 1532 vel
1392 1477 1492 1532 menta

160 1555 242 1636 capti
264 1556 313 1618 vel
335 1556 485 1636 simplices
508 1564 578 1619 sunt
603 1557 761 1620 manifeste
790 1559 931 1640 (plurima
961 1559 1067 1640 qnippe
1100 1557 1242 1621 vaticinia
1264 1559 1303 1620 ab
1326 1559 1494 1640 hujusmodi

161 1644 327 1709 hominihus
354 1647 446 1709 etiam
473 1654 575 1709 nostro
603 1646 704 1709 seculo
732 1648 940 1728 proveniunt),
963 1648 1012 1711 vel
1034 1647 1207 1711 inconnexis
1235 1647 1318 1710 hisce
1341 1656 1373 1711 et
1395 1667 1495 1711 coram

160 1733 290 1796 hnmana
319 1735 435 1797 ratione
467 1736 570 1798 stultis
603 1737 909 1816 argumentationibus
941 1737 1096 1818 indulgent
1125 1735 1246 1799 creduli.
1297 1738 1404 1818 ltaque
1437 1737 1496 1798 etsi

158 1821 278 1886 Rtslini
301 1825 521 1904 argumentatio
549 1823 622 1886 nihil
650 1827 819 1890 concludit:
852 1846 983 1907 agnosco
1010 1837 1111 1888 111111
1143 1825 1275 1888 divinam
1298 1826 1444 1906 virgulam
1466 1825 1496 1888 in

161 1911 226 1993 ejus
247 1912 304 1975 viri
327 1913 487 1976 vaticiniis.
520 1914 654 1976 ‘Dixeris
684 1915 789 1994 glebas
820 1916 976 1996 plurimum
1006 1915 1125 1998 quidem
1156 1934 1265 1976 111111
1297 1914 1495 1988 continentes,

160 2002 284 2064 confuso
306 2011 407 2065 tamen
431 2001 540 2066 alicubi
563 2022 646 2065 auro.
683 2003 725 2065 Et
741 2005 787 2068 ita
809 2005 900 2068 muris
923 2012 980 2081 est,
1005 2005 1055 2086 qni
1069 2023 1141 2066 auro
1164 2004 1269 2080 inhiat,
1294 2004 1370 2066 hunc
1394 2004 1495 2084 pigere

160 2109 218 2152 non
252 2092 342 2154 debet
371 2093 537 2172 egerendas
567 2099 666 2154 terrae
696 2093 816 2156 immani
846 2095 971 2156 cumulo.
1025 2095 1090 2158 Nec
1128 2112 1242 2170 meror,
1272 2093 1429 2156 Rdslinnm
1460 2109 1498 2154 ex

162 2180 270 2242 affeetu
294 2199 408 2262 quoque
438 2181 532 2262 loqui,
563 2189 597 2244 ut
619 2201 686 2244 cum
708 2203 786 2245 anno
812 2179 1158 2248 1596.1111111111111
1184 2182 1396 2262 contigissent,
1422 2199 1497 2262 quae

160 2269 220 2349 ipsi
243 2269 411 2350 placebant,
436 2271 554 2333 distulit
577 2273 831 2351 exspectationem
854 2281 885 2334 et
900 2273 981 2335 illam
1004 2291 1089 2334 suam
1112 2272 1323 2353 catastrophen
1345 2271 1376 2334 in
1391 2288 1498 2332 annum

163 2354 258 2421 1601.
287 2359 358 2422 Dixi
391 2359 498 2440 quippe
530 2368 669 2424 naturam
697 2380 779 2436 eam,
811 2381 886 2442 quae
916 2361 1054 2443 prodigia
1082 2361 1168 2423 nobis
1197 2369 1338 2442 procurat
1367 2377 1500 2442 quaeque

161 2447 277 2509 somnia
298 2447 448 2524 immittit,
480 2449 671 2530 conceptibus
694 2451 740 2512 uti
763 2451 898 2512 humanis
927 2453 1065 2533 (quorum
1094 2449 1239 2532 plurimos
1266 2450 1351 2512 nobis
1375 2449 1501 2530 gignunt

161 2536 253 2598 etiam
275 2545 348 2598 vota
370 2541 489 2613 nostra)
513 2539 578 2600 loco
593 2539 755 2616 literarum,
781 2559 855 2621 quas
871 2539 1039 2603 admirabili
1062 2549 1128 2603 arte
1147 2540 1187 2602 ad
1208 2539 1352 2620 placitam
1375 2546 1499 2600 senten-

165 2626 239 2688 tiam
262 2627 486 2706 exprimendam
509 2627 632 2706 eolligat
655 2637 686 2690 et
708 2637 877 2709 componat.
1036 2635 1039 2642 '

249 2715 407 2778 Attendite
431 2735 544 2798 quaeso
567 2716 638 2798 quid
668 2718 824 2800 scripserit
846 2719 892 2780 vir
918 2718 969 2780 ille
992 2718 1156 2797 Haganoae
1180 2709 1264 2800 1114.
1290 2713 1397 2779 Octob.
1422 2731 1500 2776 anno

165 2799 265 2867 1604:
281 2813 372 2870 Stella
392 2815 463 2868 haec
482 2821 562 2870 tanto
575 2817 641 2870 mihi
660 2818 723 2887 plus
738 2825 816 2873 11111
835 2817 1030 2882 admirationis,
1053 2819 1123 2889 quod
1143 2816 1205 2870 inde
1226 2830 1245 2869 a
1262 2814 1362 2886 viginti
1384 2814 1500 2884 amplius

161 2893 240 2948 11111
261 2912 297 2950 ex
319 2895 402 2950 stella
422 2895 487 2950 anni
509 2896 594 2953 1512.
615 2903 645 2951 11
664 2905 771 2952 cometa
791 2899 854 2952 anni
878 2894 962 2954 1580.
984 2897 1104 2967 providi,
1130 2897 1182 2950 hoc
1202 2895 1375 2950 11111601.
1396 2895 1499 2967 aliquid

161 2975 295 3040 futurum,
321 2977 392 3046 quod
417 2976 507 3032 omnia
534 2977 668 3032 miracula
697 2985 818 3049 superet.
858 2980 938 3050 Rogo
959 2984 1064 3042 autem,
1093 2979 1174 3048 legas
1194 2992 1265 3047 quae
1295 2980 1419 3030 tractatu
1439 2991 1500 3030 meo

159 3055 521 3128 Metaorastrologophysioo
556 3060 589 3112 da
618 3059 736 3112 cometis
776 3059 841 3115 anni
881 3059 964 3115 1580.
992 3063 1022 3112 11
1054 3057 1137 3112 1596.
1168 3056 1338 3128 scripserim:
1369 3055 1500 3120 invenies,

160 3135 286 3190 mirabile
315 3137 401 3200 dictu,
433 3145 566 3192 cometam
591 3138 656 3194 anni
679 3139 762 3197 1580.
793 3139 908 3211 digitum
937 3139 1085 3194 intendisse
1104 3138 1134 3194 in
1159 3139 1231 3192 huno
1256 3154 1354 3194 novam
1379 3137 1500 3190 atellam.

122 3279 124 3284 ,
159 3215 306 3286 Disparuit
326 3217 398 3272 enim
417 3217 445 3270 in
459 3217 511 3272 hoc
526 3218 595 3283 loco,
617 3236 669 3290 quo
684 3236 755 3275 nunc
775 3219 861 3274 stella
880 3219 972 3292 fulget
985 3225 1014 3272 et
1028 3218 1183 3288 conjunctio
1202 3209 1306 3290 magna
1324 3217 1501 3286 planetarum

160 3297 269 3352 accidit.
312 3298 442 3368 Quodque
464 3298 569 3369 scripsi,
590 3299 642 3353 hoc
662 3306 785 3370 ternpore
806 3301 927 3354 futuram
946 3299 1142 3369 catastrophen
1163 3315 1253 3354 rerum
1273 3297 1402 3361 omnium,
1430 3313 1501 3367 qnae

160 3377 189 3432 in
209 3379 275 3433 orbe
297 3377 453 3432 Christiano
474 3395 493 3432 a
512 3379 604 3433 11111111
626 3379 704 3434 annis
726 3379 871 3434 inchoatae
892 3387 972 3434 eunt:
994 3379 1020 3432 id
1040 3379 1142 3449 partim
1163 3379 1224 3449 jam
1248 3378 1390 3449 impletum
1410 3384 1454 3430 est
1474 3376 1503 3430 in

161 3458 274 3530 Anglio,
291 3457 404 3528 jamque
425 3458 454 3512 in
473 3458 588 3532 Belgi03
610 3461 721 3514 residua
741 3461 825 3525 brevi,
848 3477 976 3531 quorsum
996 3475 1114 3514 evasura
1134 3460 1197 3524 11111,
1219 3459 1411 3529 apparebunt,
1432 3463 1503 3527 puta

161 3539 249 3609 Regis
270 3538 424 3592 Galliarum
445 3539 560 3610 negotia
579 3545 609 3593 et
628 3539 813 3611 Episcopatus
832 3539 1044 3612 Argentinensis
1066 3547 1096 3594 et
1116 3557 1160 3595 res
1182 3539 1346 3611 Ungarioae.
1362 3535 1398 3604 ⁴¹)

251 3615 421 3696 Scripserat
436 3617 510 3678 haec
528 3614 613 3699 4111.
632 3619 774 3682 Octobris
790 3621 820 3681 in
835 3620 968 3694 Alsatia,
992 3639 1058 3680 cum
1077 3639 1145 3680 ecce
1167 3617 1314 3700 postridie
1331 3609 1416 3698 5115.
1433 3615 1501 3678 Oct

162 3702 260 3786 prima
283 3712 314 3765 et
334 3705 496 3767 manifesta
517 3705 604 3769 initia
626 3715 758 3771 motuum
776 3708 1023 3789 Hongaricorum‚
1047 3708 1096 3788 qui
1116 3707 1299 3772 Christianis
1322 3724 1388 3767 curn
1405 3705 1504 3766 Turca

161 3793 363 3875 pugnantibus
392 3794 537 3857 hactenus
569 3797 659 3858 sudes
692 3805 762 3859 sunt
790 3798 820 3860 in
853 3799 956 3860 oculis.
1000 3797 1203 3877 Episcopatus
1234 3794 1353 3876 quidem
1380 3793 1504 3872 Argen-

162 3883 291 3946 tinensis
320 3883 441 3962 negotio
463 3885 494 3946 in
520 3907 726 3966 secunspopqr
757 3886 872 3949 1111111
895 3887 1049 3948 desierunt
1074 3885 1223 3948 mitiorem
1250 3883 1384 3964 quidem,
1415 3899 1504 3962 quam

163 3980 392 4054 exspectaverat
404 3972 557 4036 Rdslinus.
596 3967 638 4036 Et
654 3976 723 4040 Rex
742 3975 910 4040 Galliarum
927 3973 1035 4054 ἡρεμει,
1055 3975 1110 4036 sed
1128 3981 1230 4037 tamen
1252 3991 1437 4052 mseorpupe
1457 3993 1504 4032 1111

161 4083 212 4142 rqs
235 4063 338 4140 capim
352 4067 555 4142 1111161111
569 4087 615 4126 και
628 4085 682 4136 τας
699 4068 814 4128 noller
836 4071 966 4136 61111111
988 4063 1107 4145 etquid
1125 4062 1152 4124 si
1175 4063 1270 4143 ipsius
1284 4059 1412 4123 Roslini.
1444 4061 1504 4121 Kar

161 4175 220 4214 cors
232 4173 495 4232 marcumunes,
511 4175 568 4214 roro
582 4159 612 4215 do
627 4149 914 4234 ἐξοστρακισθεηων
928 4152 1109 4232 ἀναστροφη.
1132 4153 1181 4213 Ita
1194 4150 1269 4214 nihil
1282 4168 1358 4230 pene
1373 4149 1503 4210 frustra-

161 4263 250 4306 neum
279 4241 327 4304 his
358 4241 457 4303 verbis
486 4241 664 4323 perscripsit
689 4243 845 4307 *Rdslinus
900 4242 985 4314 Quae
1015 4260 1087 4302 vero
1118 4241 1155 4302 de
1184 4240 1374 4320 Belgicamm
1404 4249 1504 4300 rerum

163 4331 357 4394 conversione
381 4338 452 4392 tunc
474 4330 614 4394 inchoata
637 4351 704 4395 esse
727 4333 813 4408 dixit,
838 4329 1028 4412 assequenti
1052 4349 1129 4390 anno
1158 4326 1250 4393 1605.
1273 4336 1305 4390 et
1325 4327 1383 4390 hoc
1406 4320 1500 4389 1606.

164 4421 382 4496 continuarunt,
405 4419 551 4500 Hispanis
568 4420 605 4483 ah
629 4421 767 4485 orientali
790 4422 885 4483 latere
900 4419 1079 4482 munitiones
1099 4419 1213 4500 aliquot
1235 4415 1502 4498 intercipientibus.

164 4510 199 4572 In
220 4511 333 4591 Anglia
355 4529 443 4586 vero,
474 4529 600 4592 quorum
621 4517 692 4572 tuno
715 4510 830 4592 sperari
852 4509 901 4570 vel
923 4509 1015 4571 metui
1038 4516 1158 4589 peterat
1179 4527 1379 4586 scrumosus,
1402 4521 1504 4566 eorum

165 4600 341 4662 succedente
363 4607 497 4680 tempore
520 4599 711 4662 manifestam
733 4599 849 4681 experti
873 4617 974 4662 sumus
997 4596 1194 4678 drumpopqr.
1225 4599 1275 4661 Ita
1297 4595 1345 4657 hic
1367 4593 1441 4656 nihil
1463 4592 1504 4654 ad

56 4719 59 4726 ·
164 4696 265 4750 vetum
285 4695 406 4769 praeter
437 4687 519 4769 ipsos
542 4689 573 4750 in
596 4706 705 4768 genere
734 4697 833 4751 motus
855 4687 968 4768 Regni,
1000 4687 1048 4769 qui
1075 4689 1247 4770 plerumque
1272 4703 1380 4767 susque
1409 4683 1503 4764 deque

164 4777 291 4840 tendunt
311 4777 480 4858 promiscue
502 4784 536 4839 nt
558 4777 666 4840 fluetus
688 4777 803 4840 marini.
844 4777 905 4840 Sed
920 4777 959 4838 ad
973 4776 1104 4858 reliquos
1127 4777 1267 4854 siracusa
1288 4799 1337 4838 και
1353 4771 1503 4854 uisrypuru

164 4883 334 4947 pergamus.
371 4865 452 4928 Nam
472 4865 549 4929 haec
563 4866 683 4930 Rtslini
705 4865 884 4946 coniectatio
902 4886 961 4930 non
979 4866 1136 4948 praecipue
1159 4867 1253 4948 ipsius
1267 4866 1372 4929 Novae
1388 4861 1504 4927 Stellae
