3700 5530
764 306 844 372 Garat
861 307 904 404 ¹¹}
1443 307 1506 376 643

159 508 198 551 ex
219 488 267 552 his
291 486 406 550 dnabns
429 486 539 562 causis,
564 487 662 546 altera
685 483 809 562 formali,
834 486 930 548 altera
951 484 1108 562 efficiente,
1133 485 1357 568 quidprohibet
1379 487 1508 550 existere

159 579 299 640 effectum
322 577 352 638 in
375 576 502 638 materia
523 573 651 638 idonea?

246 667 297 728 Ita
319 664 368 727 hic
391 683 505 745 quoque
529 665 660 726 facultas
684 661 831 724 naturalis
854 663 883 726 in
908 681 1030 744 corpore
1058 663 1210 727 sublunari
1239 663 1422 726 architectus
1451 671 1508 738 est,

161 775 236 836 qnae
260 755 354 834 ligura
377 751 554 816 radiationis
582 753 674 815 utitur
701 769 755 831 pro
779 753 954 832 exemplari,
991 754 1075 834 eique
1106 753 1286 814 conformem
1309 753 1338 814 in
1363 773 1415 815 sno
1439 772 1508 816 cor-

159 864 231 926 pore
255 843 447 923 spiritibnsve
480 844 540 924 ciet
572 850 693 904 motum.
740 839 808 901 Etsi
831 842 997 904 Ptolemaei
1015 844 1092 904 ratio
1116 841 1298 904 insufficiens
1321 849 1378 903 est.
1425 841 1507 904 Mul·

159 945 209 995 tae
241 950 368 1013 namque
399 941 528 1012 possunt
558 949 624 992 esse
657 929 820 991 subtensae
848 948 968 992 arcuum
996 931 1096 992 circuli
1120 931 1312 994 rationalium
1334 939 1366 992 et
1389 929 1509 992 irratio-

159 1022 279 1090 nalium.
302 1039 378 1101 quae
401 1021 545 1100 potentiis
570 1020 618 1080 vel
641 1017 825 1097 longitndine
849 1029 1014 1102 aequentur
1037 1030 1138 1083 certae
1161 1020 1242 1102 parti
1266 1019 1418 1095 diametri,
1444 1037 1509 1082 cum

159 1119 260 1174 tamen
283 1117 439 1191 aspectum
462 1129 519 1170 non
543 1109 666 1172 faciant.

246 1200 293 1262 De
316 1218 409 1262 causa
431 1197 633 1278 distinguendi
657 1196 735 1258 inter
757 1195 851 1258 honos
874 1204 906 1258 et
935 1197 1029 1259 malos
1061 1206 1202 1278 aspectus
1226 1197 1348 1279 ejusque
1374 1195 1509 1258 vanitate

160 1290 352 1352 dictumest.

246 1378 288 1440 Et
311 1376 388 1439 ratio
413 1377 450 1439 ab
473 1375 633 1438 Aboasare
662 1373 743 1435 dicta
771 1392 841 1435 vere
869 1373 986 1449 idest,
1020 1376 1098 1455 quod
1121 1371 1211 1436 Picus
1239 1373 1326 1447 dioit;
1359 1391 1397 1434 ex
1428 1371 1510 1434 mille

156 1469 266 1549 pannis
295 1486 370 1528 unus
402 1473 499 1528 cento.
545 1465 625 1528 Nam
663 1464 832 1544 oppositum
862 1484 881 1523 a
903 1463 1006 1526 Lunae
1039 1463 1231 1544 impletione,
1260 1462 1437 1544 quadratum
1471 1459 1509 1524 ab

157 1558 345 1630 inferiorum,
389 1555 498 1617 trinum
529 1574 548 1614 a
580 1552 764 1634 superiorum
798 1552 986 1634 planetarum
1018 1553 1148 1616 statione
1175 1551 1297 1632 probat:
1331 1571 1385 1614 nec
1408 1559 1509 1614 tamen

158 1647 187 1709 ei
209 1646 287 1708 ratio
310 1643 393 1706 venit
416 1645 445 1706 in
469 1643 613 1706 articulos
636 1660 731 1721 neque
755 1650 898 1718 constans
922 1653 982 1712 est,
1011 1642 1054 1704 rei
1084 1640 1253 1704 constantis
1286 1648 1318 1702 et
1341 1639 1508 1720 exquisitae

157 1735 360 1798 dimensionis.

245 1823 381 1904 Denique
404 1818 621 1884 neotericorum
642 1819 791 1882 rationem
814 1839 833 1878 a
855 1818 1060 1882 consonantiis
1083 1819 1204 1883 musicis
1219 1819 1308 1882 Picus
1326 1817 1507 1900 perbenigne

157 1914 261 1986 habet,
284 1911 331 1974 his
353 1911 452 1973 verbis
476 1930 542 1971 eam
565 1927 767 1990 prosequens:
791 1918 845 1988 Sed
866 1917 1052 1990 haeoutique
1072 1920 1234 1975 bellarunt
1260 1920 1420 1989 habentque
1446 1934 1508 1988 spe·

158 2014 227 2070 ciem
247 2010 454 2084 probabilitatis
466 2010 549 2084 apud
570 2027 627 2074 eos,
648 2008 695 2080 qui
714 2007 919 2079 philosophiam
939 2009 972 2062 de
992 2008 1084 2064 limine
1105 2009 1273 2064 salutarunt.
1327 1994 1407 2077 Opto
1437 1994 1510 2059 mihi

159 2092 326 2157 redivivum
339 2090 452 2152 Picum.
489 2089 574 2150 Haeo
596 2088 685 2163 enim,
709 2089 784 2148 haec
808 2087 861 2148 illa
884 2094 932 2147 est
954 2088 1042 2159 ratio,
1067 2107 1141 2170 quae
1165 2107 1218 2168 per
1235 2087 1361 2167 primam
1376 2083 1509 2148 Materni

158 2185 203 2252 (11,
235 2184 291 2250 25.)
327 2187 358 2240 et
390 2179 550 2240 secundam
568 2177 733 2239 Ptolemaei
757 2182 842 2247 (card
858 2183 950 2235 domm.
969 2186 1105 2246 inprotl,
1126 2181 1179 2247 12.)
1203 2177 1331 2252 exculta,
1355 2176 1385 2238 in
1408 2174 1509 2253 philo-

158 2269 283 2354 sophiae
306 2267 475 2347 panetralia
497 2267 636 2340 deducta,
660 2286 717 2327 non
742 2266 871 2345 speciem
895 2266 956 2328 veri
975 2269 1126 2342 exhibeat,
1151 2265 1204 2330 sed
1226 2267 1315 2346 plane
1339 2262 1511 2326 satisfaciat

159 2367 190 2422 et
213 2357 394 2438 cognitionis
418 2355 569 2418 suavitate
592 2356 697 2418 mirum
720 2355 750 2416 in
780 2355 899 2417 modum
928 2357 1068 2420 delectat.
1113 2357 1193 2422 Nam
1221 2362 1256 2416 ut
1279 2353 1366 2418 Picus
1389 2353 1510 2433 quidem

158 2469 226 2512 eam
259 2445 519 2520 commemoravit,
552 2444 660 2508 misere
690 2445 783 2506 habet
813 2453 844 2507 et
872 2454 954 2508 recte
987 2469 1006 2510 a
1037 2447 1109 2510 Pico
1143 2443 1321 2524 exploditur.
1378 2441 1510 2504 Primum

158 2538 251 2612 enim,
282 2537 352 2618 quid
383 2553 487 2596 vocum
512 2535 668 2598 concentui
692 2553 845 2596 commone
869 2552 935 2596 cnm
959 2537 1051 2599 radiis
1074 2534 1282 2619 planetarum?
1326 2530 1457 2607 Deinde,
1483 2526 1509 2592 si

156 2621 220 2690 hini
241 2627 382 2708 planetae
413 2643 449 2685 ea
482 2625 596 2686 rationo
628 2642 791 2686 consonare
816 2623 967 2700 dicantur,
1002 2645 1060 2706 qna
1093 2625 1208 2686 ratione
1241 2622 1388 2702 quaedam
1421 2619 1509 2698 signa

158 2717 296 2777 dicuntur
319 2722 411 2786 muta,
437 2711 564 2774 futilitas
587 2733 647 2774 una
670 2732 708 2773 ex
731 2711 792 2774 alia
814 2711 959 2776 futilitate
982 2715 1181 2776 confirmatur.
1227 2711 1363 2791 Denique
1381 2707 1407 2770 si
1422 2707 1509 2788 signa

158 2804 290 2866 vocibus·
304 2820 425 2864 numero
449 2811 627 2880 aequentur,
648 2804 714 2883 jam
735 2803 812 2864 ratio
837 2810 902 2864 tota
920 2804 1061 2884 jugulata
1084 2811 1132 2865 ast
1153 2821 1209 2864 nec
1231 2806 1375 2882 congruet
1398 2797 1507 2861 simili·

162 2895 233 2956 tudo
257 2911 312 2954 nec
335 2911 427 2954 cansa
449 2892 680 2974 comparationis
698 2891 829 2973 patebit.

245 2983 353 3062 Itaque
377 2980 432 3041 hoo
457 2989 487 3041 et
509 2981 545 3041 de
569 2980 828 3061 conjunctionibus
851 2988 882 3042 et
905 2980 941 3041 da
966 2979 1137 3059 aspectibus
1161 2998 1262 3040 verum
1286 2985 1350 3052 est,
1374 2975 1430 3038 niti
1454 2995 1505 3039 eos

158 3071 283 3146 ratione,
308 3089 366 3132 non
389 3067 561 3149 corporibus
585 3071 639 3132 sed
663 3070 856 3132 facultatibus
881 3059 1064 3150 spiritalibus
1088 3067 1323 3132 naturalissima.

244 3159 324 3224 Illud
348 3159 376 3221 in
400 3159 538 3220 confesso
563 3167 611 3222 est
634 3161 711 3241 apud
734 3159 976 3239 philosophorum
995 3158 1155 3239 principes,
1179 3156 1360 3238 geometriae
1375 3153 1506 3234 vestigia

156 3249 318 3314 inmundo
342 3266 498 3329 expressa,
533 3249 576 3310 sic
604 3256 637 3310 ut
664 3248 830 3326 geometria
857 3247 899 3309 sit
927 3247 1047 3328 qnidam
1076 3247 1161 3329 quasi
1184 3246 1285 3308 mnndi
1308 3246 1504 3326 archetypum

7 3351 8 3360 ’
85 3409 89 3418 ,
158 3340 220 3402 sive
244 3339 310 3419 qnia
327 3338 403 3400 'cnm
427 3335 609 3400 Christianis
642 3339 780 3400 mnndum
811 3336 841 3398 in
870 3338 1015 3416 temporis
1047 3337 1175 3417 quodam
1202 3335 1324 3398 exordio
1354 3333 1505 3396 conditum

159 3429 253 3504 dicat,
284 3427 348 3489 sive
372 3426 553 3489 creationem
575 3428 653 3489 hanc
676 3447 743 3489 cum
764 3427 931 3489 Platonicis
954 3435 1108 3488 aeternam
1132 3425 1239 3500 faciam
1264 3424 1370 3486 deinde
1394 3431 1426 3485 et
1448 3422 1504 3483 hoo

158 3537 273 3586 uerum:
307 3516 336 3577 in
360 3516 494 3577 omnibus
523 3515 666 3580 creaturis
690 3516 881 3592 animalibus,
912 3516 956 3577 uti
975 3515 1043 3576 ‘vita
1064 3513 1132 3596 ipsa
1155 3524 1186 3577 et
1209 3510 1411 3594 augmentatio
1435 3529 1503 3573 cor-

160 3605 242 3686 poris
266 3617 296 3668 et
325 3604 491 3685 procreatio
522 3606 632 3686 speciei
664 3614 712 3668 est
739 3606 858 3686 quidam
889 3604 1048 3667 creationis
1079 3606 1178 3674 lusus.
1206 3604 1249 3666 sic
1282 3603 1372 3664 etiam
1404 3595 1504 3660 archi-

159 3703 273 3758 tectum
295 3694 380 3774 hnjns
403 3693 502 3774 operis
525 3714 627 3774 gerere
642 3695 698 3757 Dei
719 3693 880 3757 conditoris
900 3694 1048 3774 quandam
1063 3693 1293 3756 similitudinem.
1340 3691 1504 3768 Propterea

160 3803 236 3865 quae
259 3783 345 3845 nobis
368 3791 438 3844 sunt
460 3803 514 3844 usn
537 3784 693 3857 vilissima,
717 3783 847 3866 penitius
880 3783 1016 3864 inspecta
1045 3785 1166 3846 summis
1189 3790 1260 3844 aunt
1282 3775 1504 3860 aequiparanda

159 3871 326 3937 miraculis:
349 3880 383 3933 nt
404 3890 473 3934 vere
497 3872 561 3955 quis
584 3873 635 3935 ille
656 3885 811 3955 poetarum
835 3873 991 3936 cecinerit:

468 3963 700 4038 Praesentamque
720 3966 808 4021 refert
828 3965 970 4036 quaelibet
989 3965 1078 4018 herba
1097 3963 1195 4018 Deum.

246 4047 365 4112 Etenim
388 4048 417 4111 in
441 4050 618 4115 formatione
642 4055 754 4126 foetus,
785 4051 815 4113 in
842 4052 1006 4114 vilissimae
1037 4050 1127 4112 etiam
1153 4048 1263 4110 herbae
1285 4038 1500 4127 procreatione,

159 4139 231 4204 nihil
256 4149 304 4202 est
327 4139 405 4220 quod
427 4141 465 4202 ab
488 4142 541 4204 illa
563 4142 707 4204 facultate
731 4161 788 4203 non
813 4160 928 4204 sumnia
955 4147 986 4202 et
1009 4137 1233 4202 absolutissima
1257 4136 1311 4196 liat
1332 4131 1447 4194 ratione
1471 4138 1502 4193 et

158 4231 307 4293 adfinem
332 4248 429 4306 suum,
458 4231 542 4312 quasi
569 4251 607 4293 ex
630 4231 794 4293 deliberato
826 4229 941 4311 (utique
965 4249 1003 4290 ex
1025 4227 1238 4291 deliberatione
1260 4241 1314 4307 per
1337 4229 1501 4285 creatorem

158 4319 277 4392 habita)
301 4317 446 4398 dirigatur
467 4321 696 4400 perfectissime.
741 4320 799 4382 Hic
827 4338 896 4381 vero
919 4337 1051 4380 summae
1076 4316 1198 4379 rationis
1226 4312 1410 4396 principatus
1442 4327 1500 4370 non

159 4407 287 4491 corpori,
312 4426 371 4470 non
393 4409 546 4485 materiae,
571 4411 625 4472 aad
647 4407 837 4472 informantis
859 4408 975 4470 animae
999 4405 1191 4470 facoltatibus
1214 4405 1314 4484 utique
1337 4397 1499 4464 transscri-

158 4498 272 4561 bendus
296 4497 367 4560 erit:
399 4507 434 4561 ut
464 4516 549 4562 omne
578 4517 671 4579 genus
699 4496 878 4560 naturalium
904 4499 953 4560 vel
980 4496 1149 4560 animalium
1179 4495 1356 4558 facultatum
1377 4491 1406 4552 in
1429 4506 1498 4552 cor-

159 4587 279 4668 poribus
301 4585 361 4648 Dei
383 4588 533 4668 quandam
556 4595 644 4667 gerat
666 4587 898 4650 similitudinem.

246 4677 353 4756 Itaque
376 4675 403 4736 si
424 4677 520 4758 prima
542 4684 752 4739 connectamus
771 4677 891 4751 ultimis,
917 4695 981 4738 curn
995 4674 1077 4736 Dens
1092 4674 1156 4756 ipse
1171 4673 1362 4754 archetypum
1377 4670 1498 4734 creandi

160 4764 262 4826 muudi
284 4783 321 4825 ex
343 4766 508 4844 geometria
532 4766 667 4844 elegerit,
696 4765 763 4846 quid
786 4765 890 4827 mirum
912 4766 938 4827 si
962 4765 1025 4843 ejus
1049 4763 1257 4827 similitudines
1281 4761 1386 4824 iisdem
1409 4760 1497 4824 rebus

161 4851 349 4934 geometricis
371 4853 571 4931 delectentur,
601 4853 715 4917 insuia
739 4853 908 4936 corporibus
931 4854 1099 4931 movendis,
1123 4864 1197 4934 quas
1220 4851 1323 4915 vident
1345 4858 1496 4914 auctorem

975 4966 981 4972 ·
1227 4954 1288 5006 41*
