3672 5528
783 267 866 330 capnt
882 266 915 316 v.
935 263 959 314 4.
1485 266 1546 340 25¹

190 443 376 515 crystallinae
396 443 534 513 sphaerae
554 443 646 516 portio
676 444 705 502 in
732 443 821 501 medio
847 444 921 499 oculi
950 445 1056 512 locato,
1088 447 1158 516 quod
1179 445 1235 500 scio
1257 447 1407 520 ingeniosis
1427 449 1549 506 maximo

193 533 368 606 placiturum.
405 521 552 609 Equidem
576 521 673 583 beasti
694 543 759 596 nos,
783 523 967 585 oexeellens
982 533 1106 585 naturae
1121 531 1240 604 mysta,
1266 525 1319 586 lite
1338 525 1392 588 illa
1411 527 1550 604 diremta,

196 612 368 691 receptione
393 630 431 671 an
456 609 615 672 emissione
638 611 692 673 fiat
714 611 801 673 visio.
851 611 931 674 Nam
955 614 1032 692 quod
1056 611 1142 674 multi
1164 613 1279 691 passim
1302 613 1350 676 vel
1365 615 1462 678 obiter
1481 625 1551 679 sunt

196 699 348 770 admirati,
383 699 431 761 vel
455 699 653 777 neglexerunt
676 700 770 761 visum
804 701 852 762 vel
881 701 1053 781 diligentius
1084 700 1233 762 excultum
1265 719 1319 782 per
1349 703 1490 766 invidiam
1520 713 1552 767 st

194 788 355 852 maximam
378 787 494 869 gloriae
518 787 637 849 divinae
662 787 812 868 injuriam,
838 789 939 870 reique
963 789 1042 868 publ.
1068 788 1219 850 literariae
1244 791 1383 852 damnum
1407 793 1548 870 privatim

193 883 347 940 ostentare
379 875 567 938 maluemnt:
602 887 654 938 aut
687 878 928 940 animadversum
956 878 1074 958 quidem
1104 878 1152 950 (ut
1176 878 1204 938 in
1229 876 1342 940 Suevia
1363 880 1548 946 victoresin

192 965 280 1028 doliis
304 965 403 1027 abditi
433 964 640 1044 amplioribus,
669 973 795 1046 patente
828 966 934 1045 exiguo
969 959 1101 1046 osculo),
1126 985 1184 1026 non
1213 975 1337 1045 potuere
1370 975 1471 1030 tamen
1494 986 1549 1051 pro

191 1055 339 1134 dignitate
364 1054 499 1116 tradere:
526 1061 558 1115 tu
582 1073 657 1114 unus
681 1054 968 1116 etenimadvertisti
993 1064 1024 1116 et
1037 1054 1210 1134 percoluisti
1234 1063 1266 1116 et
1283 1055 1434 1136 publicum
1450 1058 1550 1119 fecisti

191 1163 257 1207 cnm
281 1143 452 1222 dignitate:
478 1150 511 1203 ut
533 1161 586 1225 pro
611 1143 739 1205 scientia
763 1152 793 1204 et
808 1162 917 1212 amore,
942 1144 992 1223 qni
1016 1143 1045 1204 in
1069 1153 1100 1204 te
1125 1151 1173 1206 cst
1187 1151 1312 1205 naturae
1329 1145 1548 1226 mysteriorum,

191 1231 391 1311 disputationi
405 1229 584 1294 utilissimae
599 1233 851 1294 accommodares.
889 1231 997 1313 Itaque
1021 1231 1100 1312 quod
1123 1251 1170 1293 me
1194 1232 1313 1304 attinet,
1336 1233 1430 1295 habes
1451 1233 1548 1296 admi-

192 1330 324 1383 ratorem
351 1327 383 1380 et
398 1319 637 1399 praedicatorem
661 1321 703 1381 tui
719 1321 846 1382 nominis
870 1340 927 1382 non
943 1320 1111 1400 ingratum:
1138 1321 1174 1381 de
1198 1320 1308 1384 ceteris
1332 1323 1437 1383 eadem
1451 1331 1549 1384 tecum

192 1429 293 1491 spero.
333 1407 439 1491 Neque
462 1415 535 1488 puto
558 1409 607 1470 vel
631 1409 720 1470 aliter
742 1430 832 1490 posse
856 1411 966 1471 rectius
982 1409 1149 1470 confirmari
1168 1409 1369 1489 receptionem
1384 1409 1549 1488 specierum

191 1497 333 1560 invisum
357 1505 389 1559 et
406 1497 531 1558 refutari
546 1496 736 1560 emissionem
751 1499 899 1560 radiorum
923 1498 974 1576 (de
990 1497 1095 1579 quibus
1111 1498 1177 1559 vide
1190 1497 1377 1560 Macrobium
1401 1498 1452 1560 lib.
1473 1497 1546 1562 v11.

192 1585 423 1660 Saturnalium),
449 1586 526 1666 qnod
542 1585 660 1665 quidem
674 1587 824 1665 posterius
839 1585 967 1649 Vitellio
982 1587 1033 1649 lib.
1049 1585 1106 1648 lii.
1132 1605 1161 1666 p.
1178 1583 1208 1648 5.
1234 1587 1399 1648 attentavit
1422 1597 1454 1647 et
1472 1587 1547 1649 Ari-

192 1676 322 1738 stoteles
346 1674 448 1737 libello
473 1675 508 1734 de
534 1672 677 1736 Sensibili
702 1695 768 1755 cap.
789 1675 819 1750 2,
845 1695 939 1754 neque
966 1676 1028 1738 fore
1052 1693 1229 1756 quenquam,
1254 1676 1303 1754 qui
1326 1676 1375 1736 vel
1399 1674 1550 1737 tantillum

193 1763 324 1843 amplius
348 1763 539 1824 dubitaturus
563 1761 623 1824 sit:
656 1763 814 1826 dnmmodo
840 1764 963 1826 fatalem
987 1763 1156 1825 socordiam
1179 1761 1335 1825 excutiant
1357 1763 1549 1845 physicarum

192 1871 290 1914 rernm
322 1852 509 1931 professores
543 1861 574 1913 et
603 1851 678 1913 haec
711 1872 826 1933 quoqne
858 1853 989 1933 paucula
1026 1870 1208 1931 cognoscere
1242 1851 1413 1932 dignentur.
1469 1850 1548 1923 Quin

193 1941 285 2004 etiam
310 1960 347 2001 ex
371 1940 427 2001 boc
451 1949 502 2001 tuo
530 1940 651 2002 invento
679 1942 849 2025 philosophi
874 1941 910 2002 de
936 1942 1014 2017 luce,
1047 1942 1083 2002 de
1117 1940 1280 2015 coloribus,
1315 1941 1351 2001 de
1380 1941 1548 2021 perspicuo,

192 2029 304 2091 rectius
329 2048 419 2109 qnam
447 2047 485 2088 ex
514 2028 682 2091 Aristotele
711 2029 915 2111 philosophari
948 2031 1074 2092 discent.
1119 2029 1278 2090 Absurdns
1312 2037 1360 2092 est
1390 2029 1550 2093 Aristoteli

190 2119 294 2180 libello
311 2119 347 2180 de
368 2116 502 2180 sensibili
518 2117 727 2197 Empedocles,
744 2119 822 2198 quod
836 2141 981 2200 χρωματα
997 2116 1107 2181 dixerit
1125 2113 1301 2200 ἀποῤῥοιας.
1326 2117 1550 2182 Incommodum

192 2205 271 2269 eninr
295 2214 403 2286 putat,
428 2205 574 2269 visionem
597 2205 660 2267 fieri
684 2226 749 2268 cnm
774 2209 876 2269 oculus
900 2209 1012 2270 effluxu
1036 2229 1054 2268 a
1077 2207 1225 2268 coloribus
1249 2207 1330 2268 facto
1355 2205 1549 2285 contingitur.

191 2295 236 2358 At
259 2294 289 2355 iu
312 2295 391 2356 banc
415 2301 498 2358 tuam
521 2295 678 2358 obscuram
702 2314 853 2360 cameram
875 2297 1038 2372 intueatur,
1063 2293 1455 2375 videbitparietemrangi,
1480 2293 1550 2375 qnin

191 2383 284 2463 igitur
307 2383 410 2444 oculus
435 2383 517 2460 tangi
541 2384 663 2462 possit?
700 2383 797 2454 Quem
821 2403 893 2448 vero
916 2384 982 2464 ipse
1000 2384 1164 2446 introducit
1186 2391 1299 2446 motum
1322 2382 1412 2444 medii
1437 2383 1551 2445 factum

193 2494 212 2533 a
235 2471 386 2544 sensibili,
411 2470 437 2530 is
452 2489 546 2551 neque
569 2471 698 2552 intelligi
721 2482 823 2554 potest
838 2473 951 2553 etipsa
974 2472 1133 2536 emissione
1157 2474 1244 2551 longe
1265 2479 1313 2532 est
1327 2471 1550 2538 incommodior.

191 2560 236 2624 Ut
249 2569 380 2629 taceam,
406 2561 483 2640 qnod
507 2559 688 2640 diapbannm
711 2563 749 2623 ab
773 2581 808 2623 eo
832 2561 876 2622 sio
900 2562 1046 2637 defruitur,
1072 2580 1107 2622 ae
1130 2560 1156 2621 si
1180 2568 1262 2623 esset
1281 2579 1349 2635 vox,
1374 2567 1407 2621 ut
1421 2560 1550 2640 loquun-

192 2659 249 2718 tur.
274 2647 407 2730 positiva
428 2649 471 2711 rei
495 2649 532 2708 ad
549 2648 691 2711 visionem
707 2650 907 2724 necessariae,
931 2669 996 2711 curn
1020 2649 1061 2710 sit
1083 2649 1235 2730 privativa
1257 2649 1301 2711 rei
1324 2648 1401 2710 visui
1421 2647 1549 2710 obstan-

194 2737 242 2815 tis,
268 2737 432 2818 opacitatis
452 2735 576 2813 scilicet,
602 2756 657 2798 nec
680 2739 748 2800 ideo
764 2739 943 2818 diapbannm
967 2739 1079 2818 aliquid
1103 2737 1153 2812 sit,
1178 2737 1327 2820 quialnce
1345 2737 1550 2810 collustratur,

191 2827 244 2888 sed
265 2827 336 2906 qnia
359 2826 578 2906 superficierum
603 2827 849 2907 confragositate,
875 2829 974 2890 colore
998 2835 1029 2889 et
1054 2846 1158 2889 crassa
1181 2825 1334 2888 densitate
1358 2833 1458 2900 vacat,
1483 2825 1550 2887 sine

191 2924 333 2995 respectu
357 2914 443 2976 lucis.
489 2915 554 2976 Inro
579 2915 630 2978 lux
653 2916 833 2978 collustrans
865 2916 1017 2996 pellucida
1047 2916 1206 2995 plurimum
1234 2914 1328 2976 officit
1351 2913 1438 2975 visui.
1487 2911 1550 2976 Sed

193 3003 229 3066 de
252 3003 301 3066 his
325 3021 417 3083 supra
439 3001 470 3064 in
492 3002 573 3064 notis
596 3005 635 3064 ad
659 3014 748 3086 capnt
779 3005 916 3085 primum.
964 3004 1106 3067 Ceterum
1130 3003 1166 3064 de
1190 3003 1277 3065 modo
1307 3001 1431 3064 visionis
1458 3001 1549 3081 paulo

191 3092 363 3156 accuratius
386 3091 479 3152 verba
502 3101 563 3166 tna,
588 3092 691 3168 Porta,
715 3093 934 3156 consideranda
957 3102 1036 3156 sunt.
1071 3105 1155 3169 Hinc,
1177 3091 1284 3172 inquis,
1310 3107 1402 3172 patet,
1432 3117 1548 3172 quonam

189 3194 241 3248 iat
260 3192 330 3247 visio
351 3192 430 3256 inno,
459 3188 489 3242 et
511 3189 619 3260 postea
643 3182 810 3262 explicans,
834 3191 1035 3260 intromittitur,
1063 3181 1175 3261 inquis,
1204 3190 1306 3245 idolum
1327 3206 1378 3260 per
1403 3189 1549 3260 pupillam,

189 3290 244 3352 per
268 3273 403 3332 foramen
427 3288 537 3344 uveae,
567 3281 708 3336 fenestrae
736 3281 876 3336 foraminis
903 3281 1006 3348 instar,
1032 3284 1172 3354 vicemque
1198 3281 1307 3336 obtinet
1332 3279 1465 3344 tabulae,
1487 3295 1549 3350 cry·

190 3370 326 3424 suffinae
347 3369 485 3440 sphaerae
504 3369 606 3439 portio.
630 3359 713 3438 Ergo
737 3360 762 3420 si
788 3369 818 3420 te
843 3361 918 3420 bene
946 3362 1049 3442 capio,
1073 3369 1106 3422 tu
1130 3359 1156 3424 si
1184 3357 1387 3438 interrogeris,
1410 3385 1464 3439 qno
1489 3368 1550 3422 loco

190 3449 268 3510 visio
288 3448 352 3522 fiat,
375 3447 580 3526 respondebis,
604 3458 632 3512 in
654 3456 796 3528 superficie
818 3459 974 3530 crystallini
998 3469 1052 3512 oen
1075 3450 1106 3512 in
1129 3449 1245 3511 tabula.
1275 3447 1366 3509 Dices
1382 3445 1461 3508 euim
1473 3445 1549 3507 visi·

191 3556 279 3600 ouem
302 3555 341 3597 ex
364 3554 399 3598 eo
423 3534 557 3615 picturae
580 3554 689 3615 genere
714 3554 795 3611 esse,
820 3537 898 3616 quod
922 3537 977 3599 hoc
1002 3545 1052 3601 tuo
1076 3539 1176 3620 capite
1200 3545 1287 3598 sexto
1303 3533 1468 3606 tradidisti,
1492 3552 1548 3614 ego

189 3646 284 3708 sopra
307 3643 374 3704 cap.
390 3623 432 3686 II.
457 3624 669 3688 demonstravi.
716 3626 751 3685 In
776 3625 826 3687 via
849 3644 922 3687 sane
946 3634 975 3688 te
1000 3647 1067 3690 esse
1100 3635 1200 3709 patet,
1234 3643 1304 3686 nam
1327 3624 1434 3686 eadem
1455 3621 1550 3683 verba

190 3733 284 3797 supra
305 3713 379 3776 Nro.
401 3711 432 3776 2.
457 3715 615 3794 usurpavi:
640 3715 678 3774 ad
701 3714 798 3775 locum
821 3732 892 3776 vero
917 3715 1099 3778 destinatum
1121 3715 1294 3796 pervenisse
1314 3712 1393 3774 band
1413 3708 1548 3772 dixerim

190 3803 273 3866 Sane
297 3803 324 3864 si
347 3803 397 3864 bic
421 3822 542 3883 scopum
565 3805 655 3866 fixum
673 3801 779 3877 habes,
804 3801 829 3864 si
853 3823 911 3864 non
927 3805 1006 3867 ultra
1021 3805 1228 3890 crystallinum
1247 3800 1414 3874 descendis,
1439 3797 1548 3860 errasti

189 3891 354 3956 sententia.
409 3891 587 3971 Respondes
620 3892 753 3974 quidem:
783 3902 813 3958 in
833 3903 934 3959 nostns
956 3905 1053 3976 opticis
1075 3904 1162 3958 insius
1184 3901 1355 3957 declaratum
1375 3905 1431 3954 est:
1470 3905 1546 3968 quae

191 3981 264 4046 mibi
289 3980 450 4060 diligenter
473 3979 616 4062 inquisita
629 3980 731 4042 videre
755 4001 814 4043 non
828 3983 964 4064 contigit.
1001 3981 1125 4046 Interim
1141 3979 1319 4060 conjecturis
1339 3995 1411 4040 usus
1430 3993 1544 4049 vereor,

190 4072 296 4134 nivel
320 4071 350 4131 in
374 4067 483 4150 opticis
507 4071 597 4132 fueris
620 4089 682 4131 rem
711 4069 808 4149 ipsam
832 4081 999 4134 assecutus.
1044 4069 1124 4135 Nam
1152 4088 1204 4133 cur
1235 4068 1284 4130 hic
1317 4067 1399 4130 nulla
1431 4063 1546 4126 refrac-

190 4161 305 4224 tionum
329 4157 466 4220 mentio?
499 4178 565 4220 curn
588 4167 680 4240 caput
707 4155 755 4221 10.
780 4161 971 4240 deputaveris
996 4159 1190 4243 crystallinae
1214 4156 1303 4220 lentis
1327 4152 1544 4224 affectionibus,

191 4264 281 4332 capnt
309 4247 360 4310 fl.
386 4235 529 4328 specillis,
554 4257 645 4330 capnt
672 4243 721 4310 13.
744 4247 824 4328 pilae
840 4250 1051 4331 crystallinae:
1077 4269 1128 4311 cur
1151 4247 1199 4310 hic
1222 4246 1334 4308 unllam
1356 4243 1446 4324 plane
1468 4239 1545 4302 visi-

190 4339 255 4404 onis
280 4337 363 4402 modi
387 4335 463 4398 facis
487 4335 691 4398 mentionem?
735 4335 777 4397 Et
800 4355 854 4418 per
877 4357 909 4398 se
933 4339 1065 4417 proclive
1090 4347 1152 4406 est,
1184 4336 1248 4397 viso
1273 4333 1399 4395 artificio
1419 4331 1471 4393 illo
1494 4337 1546 4392 tuo

190 4429 298 4511 capitis
322 4426 368 4488 tui
392 4424 481 4501 sexti,
506 4427 610 4487 statim
633 4424 690 4486 bac
713 4425 907 4504 persuasione
929 4427 1077 4508 occupari,
1102 4425 1248 4488 visionem
1261 4421 1381 4503 penitus
1395 4421 1452 4482 hoo
1469 4417 1546 4480 arti-

189 4517 253 4582 flcio
280 4515 398 4598 perfici.
445 4516 515 4594 Ipse
544 4533 615 4594 ego,
652 4515 786 4595 quamvis
820 4513 973 4593 duplicato
1004 4514 1148 4588 artificio,
1182 4513 1322 4592 adjuncto
1357 4526 1462 4588 nempe
1493 4507 1547 4570 illo

190 4628 273 4689 prop.
297 4625 388 4668 meae
413 4601 466 4668 23.
491 4603 692 4684 praemissae,
726 4604 805 4684 quod
838 4623 857 4664 a
884 4612 914 4664 te
944 4624 1000 4666 non
1029 4613 1077 4666 est
1105 4603 1234 4664 relatum
1266 4600 1361 4680 (qnod
1392 4597 1548 4662 confirmat

189 4717 284 4762 ruearo
308 4693 532 4776 suspicionem,
565 4712 631 4754 cunr
664 4691 789 4754 visionis
823 4692 929 4755 modus
962 4694 1025 4756 siue
1050 4714 1086 4754 eo
1113 4691 1302 4752 innotescere
1333 4707 1391 4750 non
1423 4686 1546 4768 possit),

187 4799 287 4852 tamen
317 4785 351 4848 in
382 4783 441 4844 hac
468 4781 662 4864 persuasione
694 4782 804 4844 multus
831 4781 889 4850 fni,
920 4781 1065 4845 visionem
1093 4799 1153 4845 non
1185 4797 1253 4841 esse
1286 4777 1442 4862 quicquam
1466 4776 1547 4840 aliud
