3684 5518
340 323 403 399 130
808 309 1000 394 euarrpomens'
1012 329 1038 378 rn
1057 324 1225 379 vroruonam.

339 511 425 572 lieret
448 509 606 582 retractio,
631 525 696 566 cum
719 505 860 584 pellucidi
883 504 1055 584 superficies
1080 513 1149 568 sunt
1173 505 1302 584 planae;
1326 501 1411 565 utin
1443 521 1552 585 aqqam
1586 501 1690 564 eadem

339 606 424 661 recta
447 598 553 658 iisdem
578 593 695 674 angulis
718 593 839 668 incidit,
866 593 971 672 quibus
995 593 1024 654 in
1050 595 1170 654 tundum
1195 611 1290 674 aquae
1318 593 1496 670 parallelum
1521 595 1559 654 ad
1584 612 1691 672 super-

340 688 446 749 ficiem.
488 685 546 745 Hic
570 681 739 744 differentia
763 681 941 744 incidentiae
966 681 1058 750 nulla,
1085 693 1117 744 at
1140 701 1197 743 uon
1222 680 1303 742 nulla
1326 681 1478 743 retractio.

428 771 656 851 Progrediamur
679 770 717 830 ad
741 789 792 830 eos
816 771 936 842 modos,
966 769 1015 849 qui
1039 771 1222 850 conjungunt
1251 763 1373 831 causam
1401 779 1557 850 utramque
1587 769 1691 829 densi-

341 871 437 926 tatem
461 869 492 920 et
515 858 717 920 incidentiam.

426 947 542 1009 Primus
571 965 639 1007 sese
672 946 760 1006 offert
783 945 823 1019 is,
856 945 905 1024 qui
930 966 948 1006 a
971 945 1165 1006 Rothmanno
1200 945 1256 1006 tuit
1288 943 1424 1023 objectus
1452 945 1584 1026 Tychoni
1614 945 1693 1006 iuter

339 1037 434 1101 initia.
472 1035 530 1109 Sit,
555 1033 659 1113 inquit,
685 1033 827 1095 retractio
851 1041 969 1095 tautum
984 1031 1015 1096 3¹
1039 1035 1068 1094 in
1092 1034 1257 1104 horizonte,
1281 1032 1447 1094 habebitin
1465 1031 1528 1096 45⁰
1550 1033 1692 1095 retractio

296 1109 300 1126 ¹
342 1121 425 1208 l¹l,‘.
472 1123 587 1185 Sensus
618 1123 669 1183 fiet
702 1121 786 1189 talis,
821 1121 1033 1183 retractionem
1067 1122 1227 1184 maximam
1259 1121 1476 1182 horizontalem
1509 1121 1652 1182 constitui
1675 1143 1694 1181 a

339 1212 430 1275 medii
454 1212 623 1280 densitate,
652 1229 717 1270 eam
740 1210 886 1288 paulatim
911 1212 1013 1290 spargi
1036 1229 1090 1290 per
1114 1228 1218 1271 omnes
1246 1210 1474 1270 incidentiarum
1504 1210 1630 1289 gradus,
1660 1217 1693 1270 ut

339 1309 449 1382 quanto
474 1300 607 1361 elevetur
631 1299 728 1360 lumen
744 1299 772 1359 in
789 1297 916 1359 arcubus
931 1299 1043 1370 circuli,
1067 1307 1155 1360 tanta
1172 1299 1365 1378 proportione
1385 1299 1550 1358 amaxima
1569 1298 1692 1359 decres-

339 1397 411 1452 cant
433 1389 630 1452 retractiones
649 1388 791 1468 reliquae,
817 1387 910 1447 donec
925 1389 954 1449 iu
969 1388 1082 1448 vertice
1105 1386 1310 1448 obliterantur.
1349 1386 1436 1447 Hunc
1451 1387 1569 1447 modurn
1584 1395 1693 1465 postea

339 1487 461 1557 uterque
485 1476 586 1557 Tycho
611 1484 642 1536 et
665 1476 873 1538 Rothmauuus
897 1483 1085 1554 agnoverunt
1108 1475 1312 1553 experientiae
1333 1493 1510 1553 repugnare.
1557 1475 1636 1536 Nam
1660 1474 1690 1534 in

340 1566 443 1628 tabula
468 1564 640 1626 Vitellianis
664 1582 748 1643 prop.
774 1561 804 1625 8.
831 1563 880 1624 lib.
901 1561 950 1626 10.
977 1565 1069 1625 etiam
1088 1564 1117 1624 in
1135 1583 1213 1644 aqua
1236 1564 1474 1644 praecipitantur
1497 1563 1693 1624 retractiones

340 1673 443 1716 versus
471 1653 670 1726 horizontem,
700 1671 754 1712 nec
782 1653 965 1730 respondent
994 1653 1153 1714 verticales
1183 1653 1247 1725 (vel
1276 1653 1376 1732 quasi)
1406 1651 1640 1713 horizontalibus
1663 1650 1693 1710 iu

340 1744 398 1804 hac
421 1741 614 1821 proportione
638 1759 758 1802 arcuum
782 1741 974 1803 incidentiae.
1021 1741 1054 1801 In
1079 1747 1148 1802 a'e're
1173 1760 1249 1820 quae
1273 1741 1347 1801 liunt
1370 1741 1577 1812 retractiones,
1601 1739 1694 1800 multo

339 1831 437 1910 magis
468 1849 574 1890 versus
603 1829 788 1890 horizontem
815 1830 1032 1906 procumbunt,
1062 1837 1095 1888 ut
1122 1829 1223 1889 ridere
1247 1829 1347 1890 estin
1372 1830 1500 1903 tabulis,
1525 1847 1601 1908 quae
1625 1835 1695 1888 sunt

340 1921 421 1981 inter
444 1919 715 1999 Progymnasmata
729 1917 880 1997 Tychonis
906 1914 1274 1990 for.79.12‹l.280.²¹)
1322 1915 1461 1979 Ceterum
1485 1918 1540 1978 hoc
1564 1916 1694 1977 subitum

341 2008 555 2068 incrementum
579 2005 660 2066 circa
683 2005 865 2066 horizontem
889 2007 995 2067 neuter
1019 2025 1055 2066 ex
1083 2006 1151 2084 ipsa
1181 2005 1276 2067 torma
1302 2025 1459 2067 mensurae
1487 2005 1606 2085 putavit
1628 2003 1693 2064 exi-

340 2103 437 2168 stere,
461 2094 579 2172 utrique
603 2094 764 2154 verisimile
790 2093 861 2161 tuit,
896 2103 948 2155 aut
971 2091 1191 2174 proportionari
1224 2094 1421 2156 retractiones
1453 2092 1695 2156 inclinationibus

343 2191 395 2244 aut
418 2181 537 2243 aliunde
561 2182 741 2243 intervenire
766 2200 874 2242 novam
894 2201 1025 2257 causam,
1052 2201 1159 2243 novum
1184 2202 1290 2264 nempe
1314 2201 1458 2262 vaporum
1477 2200 1595 2261 corpus.
1629 2181 1694 2258 Ego

341 2289 413 2332 vero
447 2270 532 2342 dico,
563 2289 733 2331 mensuram
764 2269 857 2330 talem
891 2290 959 2331 esse
991 2271 1225 2345 instituendam,
1257 2291 1294 2332 err
1328 2291 1386 2350 qua
1417 2271 1492 2332 haec
1525 2269 1696 2331 necessario

341 2365 506 2439 sequantur
529 2358 620 2418 nihilo
648 2358 876 2420 interveniente.
934 2361 1011 2421 Nam
1048 2359 1125 2420 satis
1157 2367 1240 2421 tutos
1271 2377 1325 2420 nos
1358 2360 1458 2420 reddit
1490 2359 1631 2436 analogia
1659 2357 1696 2416 ab

343 2465 422 2527 aqna
445 2445 482 2508 ad
507 2451 621 2514 adrem,
645 2454 679 2507 ut
702 2453 872 2508 statuamus
895 2447 1013 2508 unicam
1037 2448 1116 2508 aeris
1145 2447 1331 2526 superficiem
1360 2454 1455 2509 totam
1479 2448 1555 2508 hauc
1579 2447 1696 2525 culpam

341 2536 498 2597 sustinere.
511 2529 546 2613 *)
594 2533 627 2596 Sl
652 2535 783 2596 enimin
808 2553 894 2614 aqna,
920 2555 996 2614 quae
1021 2537 1115 2597 densa
1139 2544 1187 2596 est
1210 2537 1377 2610 admodum,
1403 2536 1600 2597 retractiones
1624 2553 1696 2594 sen-

342 2623 470 2685 sibiliter
492 2623 661 2684 cuucedunt
685 2641 789 2684 versus
813 2623 996 2686 horizontem
1026 2634 1131 2704 estque
1156 2625 1184 2685 in
1209 2624 1364 2686 horizonte
1397 2623 1541 2685 retractio
1564 2622 1697 2682 maxima

342 2711 461 2774 circiter
484 2706 553 2784 37⁰,
579 2711 712 2791 nihilque
736 2711 784 2772 hie
808 2712 971 2775 intervenit
993 2721 1115 2792 praeter
1138 2731 1234 2792 aquae
1259 2712 1454 2792 superficiem,
1480 2712 1573 2773 multo
1598 2709 1694 2788 magis
1732 2709 1734 2712 ’

341 2807 468 2879 vergeut
499 2799 697 2860 retractiones
722 2801 759 2860 ad
792 2799 989 2877 horizontem,
1024 2801 1073 2863 ubi
1107 2801 1243 2862 densitas
1276 2801 1385 2880 exigua
1417 2801 1522 2875 medii,
1556 2799 1697 2865 retractio

345 2888 542 2950 horizontalis
566 2888 711 2967 despecta
734 2898 765 2948 et
788 2888 884 2950 exilis

432 2977 534 3055 Atque
568 2977 713 3037 hacteuus
746 2984 778 3037 et
808 2977 863 3037 illa
896 2977 1000 3037 ultima
1030 2977 1181 3058 Tychonis
1210 2977 1320 3039 Brahei
1355 2975 1453 3056 opinio
1488 2976 1539 3036 tol.
1569 2971 1621 3038 95.
1645 2969 1696 3037 96.

343 3065 656 3144 Progymnasmatum,
690 3065 825 3142 quamvis
848 3059 919 3125 rero
948 3064 1076 3125 omnium
1100 3066 1245 3143 proxima,
1269 3066 1403 3126 refutata
1426 3064 1501 3125 tuit:
1536 3083 1612 3143 quae
1636 3063 1697 3123 tere

343 3159 393 3212 est
423 3151 590 3229 ejusmodi:
625 3153 840 3230 aprolixitatd
874 3153 1021 3214 transitus
1054 3154 1197 3214 constitui
1225 3154 1361 3214 modulos
1393 3146 1627 3226 retra'ctionum,
1661 3151 1697 3211 de
1769 3149 1773 3154 ’

343 3237 449 3318 quibus
473 3256 526 3317 per
554 3239 752 3318 quantitatem
786 3239 1013 3301 inclinationum
1046 3250 1181 3302 sumatur
1208 3261 1278 3320 pars
1307 3241 1549 3321 proportionalis.
1596 3241 1699 3301 tieret

342 3326 371 3388 iu
395 3326 548 3387 horizonte
573 3345 667 3406 aquae
692 3327 825 3400 infinita,
855 3328 981 3390 oriretur
1005 3347 1042 3389 ex
1066 3331 1266 3408 corpulentia,
1299 3339 1459 3412 augeretur
1482 3348 1548 3390 cum
1571 3329 1697 3407 protun-

431 3499 462 3573 *)
484 3505 598 3572 Duplex
619 3511 664 3556 est
689 3505 799 3574 vaporis
829 3507 914 3558 omnis
944 3506 1034 3559 ratio:
1066 3507 1128 3560 alia
1144 3524 1204 3560 cum
1235 3507 1327 3578 surgit
1347 3526 1382 3561 ex
1404 3508 1507 3560 Terrae
1537 3505 1696 3566 visceribus.

343 3585 436 3637 calore
458 3585 574 3653 quodam
596 3591 706 3637 terreno
727 3586 893 3638 subrectus:
915 3593 980 3638 tuno
1001 3585 1072 3638 enim
1092 3595 1121 3639 et
1141 3593 1269 3641 naturam
1291 3588 1378 3641 habet
1399 3587 1563 3640 ascendendi
1585 3586 1696 3639 ebullit·

344 3681 395 3734 que
417 3680 454 3716 ex
474 3664 612 3716 montanis
633 3664 721 3717 instar
742 3665 834 3728 tontis,
856 3671 886 3718 et
908 3681 926 3718 a
947 3666 1060 3736 fastigio
1087 3667 1256 3720 ebullitionis
1278 3668 1305 3720 iu
1326 3667 1444 3719 declivia
1469 3667 1571 3720 circulo
1599 3665 1695 3718 dithm-

345 3744 427 3806 ditur,
448 3742 565 3812 primum
588 3749 672 3813 atque
694 3743 782 3814 trigas
802 3751 961 3798 montanum
982 3747 1109 3814 patitur,
1121 3746 1267 3818 gignitque
1282 3747 1340 3798 tere
1357 3753 1454 3800 ventos
1469 3746 1521 3798 hoc
1538 3751 1630 3814 pacto.
1666 3745 1697 3796 lu

345 3824 398 3876 hoc
419 3823 514 3892 itaque
535 3828 612 3875 statu
642 3823 796 3892 pellucidua
818 3831 862 3876 est
889 3825 977 3878 instar
1007 3841 1106 3896 aquae.
1147 3826 1302 3894 Propterea
1330 3826 1474 3880 stellarum
1504 3825 1607 3878 lumina
1634 3831 1699 3876 tuuc

344 3902 463 3973 grandia
477 3909 624 3970 apparent
644 3909 674 3956 et
694 3903 849 3958 scintillant
868 3905 997 3958 multum:
1028 3921 1080 3974 quo
1103 3904 1199 3958 indicio
1225 3911 1322 3958 ventos
1344 3912 1374 3958 et
1394 3905 1483 3959 hieme
1504 3903 1699 3958 resolutionem

344 3982 456 4052 trigoris
478 3981 582 4034 instare
603 3982 696 4037 scitur.

431 4060 498 4114 Alia
518 4060 584 4113 item
612 4060 686 4115 ratio
707 4069 751 4115 est
778 4063 888 4131 vaporis
919 4063 1094 4118 consistentis
1115 4069 1145 4116 et
1171 4063 1327 4133 trigetacti,
1360 4063 1404 4133 qui
1431 4064 1531 4117 haeret
1551 4062 1624 4115 iners
1645 4077 1699 4113 uuo

344 4143 405 4194 loco
425 4140 522 4193 mistus
544 4139 623 4193 tumis
652 4141 845 4204 crassioribus,
877 4161 1027 4212 perquem
1049 4144 1193 4196 stellarum
1215 4143 1319 4196 lumina
1341 4145 1473 4205 obscura,
1494 4143 1597 4204 rubea,
1620 4148 1650 4193 et
1669 4148 1700 4192 ut

344 4219 479 4290 Virgilius
501 4219 553 4282 ait,
586 4220 746 4290 termginea
775 4230 928 4290 apparent,
961 4223 1006 4291 qui
1037 4222 1191 4291 pellucidus
1221 4239 1395 4293 nequaquam
1425 4231 1475 4275 est.
1518 4221 1589 4274 Illud
1611 4236 1699 4290 genus

345 4315 438 4352 rarum
459 4304 489 4351 et
509 4305 745 4352 momentaneum:
774 4301 826 4352 hoc
847 4301 953 4371 quidem
983 4302 1169 4370 quotidianum
1191 4309 1221 4354 et
1240 4319 1372 4372 perenne.
1418 4303 1487 4355 lllud
1510 4301 1568 4354 tere
1593 4308 1699 4352 montes

345 4378 460 4441 obsidet,
483 4378 535 4430 hoc
555 4379 708 4446 promiscue
730 4395 835 4432 ornnem
857 4381 1003 4434 Terrarum
1025 4381 1121 4433 taciem
1142 4381 1224 4451 tegit.

434 4457 501 4511 Cum
521 4457 615 4527 itaque
630 4474 712 4526 nego,
727 4475 845 4526 vapores
865 4475 1027 4512 concurrere
1041 4463 1075 4514 ad
1097 4461 1254 4514 formandas
1275 4459 1464 4522 retractiones,
1487 4461 1520 4511 de
1534 4459 1587 4511 hoc
1607 4463 1699 4526 poste·

269 4575 273 4578 -
345 4536 410 4590 riori
439 4552 544 4606 genere
573 4536 719 4606 intelligo:
750 4537 887 4605 quiahoc
914 4554 965 4605 pro
994 4555 1079 4592 causa
1106 4546 1244 4608 perpetua
1275 4541 1464 4594 adducebatur
1484 4539 1521 4592 ab
1542 4536 1700 4590 auctoribus

346 4615 428 4683 hujus
460 4614 608 4684 opinionis,
641 4617 724 4668 etiam
754 4617 831 4668 coelo
861 4616 1044 4672 serenissimo.
1087 4623 1126 4671 At
1150 4619 1226 4688 prius
1257 4635 1391 4688 vaporum
1417 4634 1506 4689 genus
1532 4617 1592 4685 ipse
1618 4616 1701 4668 etiam

347 4693 418 4747 iutra
439 4695 557 4748 adhibeo
579 4696 613 4747 ad
634 4695 753 4748 rariores
775 4696 906 4765 quasdam
928 4703 958 4747 et
978 4697 1171 4751 insolentiores
1191 4699 1373 4752 retentiones
1395 4697 1563 4752 efficiendas.
1615 4700 1700 4764 (Rele-

346 4771 561 4902 rendafleqt)haec
586 4773 715 4821 annotatio
736 4773 811 4823 etlam
831 4773 863 4822 ad
881 4787 948 4836 prop.
971 4769 994 4821 9.
1014 4776 1109 4825 numeri
1128 4772 1143 4822 o
1162 4776 1234 4838 hujus
1253 4777 1349 4838 capitis,
1369 4777 1406 4826 sic
1425 4782 1451 4826 et
1469 4775 1502 4825 ad
1521 4773 1701 4825 conclusionem

346 4853 419 4891 nume
478 4876 484 4888 .
