3684 5518
187 283 190 286 Ι
314 299 378 366 1Ιῖ
782 301 971 367 ΡιιιΙιροιιιιιι
989 303 1014 352 in
1033 301 1199 352 vitellianum.

311 478 418 542 eadem
437 486 531 553 recta,
556 497 620 540 curn
641 497 743 542 ornnes
758 478 819 540 sint
834 479 861 540 in
883 477 1031 540 communi
1049 478 1192 542 sectione.
1231 479 1395 542 Praeterea
1408 487 1441 540 et
1455 477 1505 548 (E.
1520 478 1577 550 XI,
1597 473 1663 550 19),

311 564 388 630 haec
411 567 574 630 communis
607 568 703 628 sectio
731 566 789 628 erit
820 565 1075 646 perpendicularis
1103 585 1193 646 super
1220 568 1346 630 eandam
1378 568 1590 644 refringentem
1615 567 1665 628 vel

312 656 563 734 repercutiantam
586 655 783 735 superficiem.
830 652 932 723 Quare
954 673 1072 716 rursum
1099 675 1202 718 omnes
1225 656 1270 717 rei
1293 656 1376 717 visae
1406 656 1552 734 imagines
1576 663 1666 718 eruut

311 743 341 804 in
364 743 602 824 perpendiculari
627 763 664 804 ex
686 763 718 805 re
738 743 768 804 in
790 743 977 821 superficiem
1000 762 1054 806 sen
1083 745 1295 822 refringentem
1319 763 1372 806 serr
1395 743 1663 822 repercutiantem:

305 831 399 912 idque
422 839 561 905 eatenus,
597 837 744 911 qnatenus
772 831 918 893 distantia
949 838 1127 911 punctorum
1149 834 1194 894 rei
1225 833 1309 894 visae
1333 833 1372 892 ad
1397 832 1509 909 dictum
1542 831 1663 892 modum

312 939 365 980 san
387 939 441 999 per
471 918 556 982 binos
589 919 690 980 oculos
722 938 774 980 sen
806 938 860 997 per
892 919 979 982 nnius
1011 920 1089 982 oculi
1121 921 1300 982 diametrum
1333 920 1502 982 latitudinis
1531 919 1663 999 capitur.

313 1005 446 1086 Cumque
471 1008 515 1081 (in
540 1008 655 1086 specie)
680 1006 851 1088 superficies
880 1008 1041 1086 sphaeram
1069 1009 1359 1088 perpendiculariter
1381 1028 1490 1070 secans
1513 1027 1567 1086 per
1590 1027 1664 1069 cen-

310 1103 388 1156 trum
411 1095 478 1174 ejns
501 1102 648 1169 transeat,
673 1114 766 1176 qnare
790 1103 821 1156 et
844 1095 950 1158 talium
974 1097 1097 1156 duarum
1122 1097 1286 1160 communis
1306 1098 1412 1172 sectio,
1438 1097 1494 1158 lroc
1514 1105 1562 1158 est
1586 1096 1667 1158 linea

310 1182 473 1262 imaginum
496 1183 593 1245 atrei
616 1183 744 1246 visibilis
767 1201 821 1262 per
844 1191 977 1245 centrum
1002 1185 1154 1248 transibit.
1694 1245 1698 1253 ,

396 1271 464 1333 Non
488 1271 579 1351 igitur
602 1273 722 1334 occulta
744 1279 855 1332 natura
877 1271 963 1345 lucis,
989 1290 1047 1332 non
1072 1281 1197 1336 naturae
1222 1273 1402 1358 universalis
1427 1271 1585 1350 ingenium,
1611 1271 1667 1334 sed

308 1359 376 1420 sola
398 1360 482 1422 visos
507 1360 637 1422 latitudo
661 1360 740 1422 inter
773 1379 882 1422 causas
911 1360 1073 1435 concurrit,
1108 1382 1161 1425 cur
1184 1363 1267 1424 visne
1301 1362 1461 1439 imaginem
1485 1367 1613 1439 reponat
1636 1359 1665 1420 in

308 1448 561 1527 perpendiculari.

399 1536 570 1616 Propositio
603 1535 722 1598 XVlll.
779 1533 868 1606 Quod
901 1535 928 1596 si
958 1535 1055 1598 visum
1087 1537 1177 1599 aliter
1214 1538 1363 1618 applices,
1401 1537 1446 1598 sic
1479 1545 1512 1596 at
1545 1536 1668 1608 (contra

308 1627 462 1698 naturam)
485 1625 639 1706 utriusque
664 1624 741 1686 oculi
765 1624 807 1686 sit
830 1624 934 1686 eadem
950 1617 1131 1704 'superficies
1161 1626 1339 1689 refractoria
1361 1625 1410 1688 vel
1433 1623 1666 1704 repercnsaoria,

652 1722 705 1786 rig.
727 1717 771 1768 5⁷·
1106 1715 1172 1791 jam
1213 1717 1302 1794 plane
1344 1715 1495 1775 diversum
1537 1711 1666 1774 accidet.

1069 1803 1145 1868 dIn
1170 1803 1311 1872 conr'eais
1336 1803 1412 1862 enim
1437 1800 1567 1880 speculis
1583 1808 1615 1860 et
1637 1799 1666 1860 in

1110 1892 1216 1954 mediis
1236 1890 1424 1954 densioribus
1444 1889 1589 1968 imagines
1610 1907 1668 1948 ex·

1110 1980 1219 2042 cedent
1247 2000 1264 2040 a
1292 1978 1532 2061 perpendiculari
1563 1984 1596 2038 et
1627 1976 1668 2037 ad

1108 2069 1205 2130 visum
1229 2068 1384 2130 accedent.
1431 2064 1522 2137 Quod
1543 2073 1577 2128 ut
1600 2063 1665 2126 cai-

1109 2175 1164 2236 que
1179 2165 1327 2236 prcmtum
1341 2163 1390 2217 est
1403 2154 1561 2234 explorare
1576 2160 1665 2232 atque

1108 2245 1201 2306 etiam
1221 2244 1293 2306 milri
1308 2261 1361 2322 per
1378 2243 1593 2321 experientiam
1608 2241 1667 2302 luit

1002 2321 1007 2340 ⁸
1106 2334 1283 2412 probatum:
1319 2333 1362 2392 ita
1381 2333 1445 2410 jam
1470 2331 1544 2393 lucis
1573 2347 1666 2392 cansa

1107 2420 1331 2482 demonstrabo.

1174 2506 1664 2587 Sitprimumsupcriiciessphae-

1107 2597 1171 2658 rica
1206 2615 1341 2658 convexa
1377 2593 1454 2666 EG,
1491 2602 1595 2656 centro
1627 2594 1663 2656 L.

1107 2684 1254 2746 Punctum
1287 2685 1409 2747 radians
1441 2683 1473 2745 in
1501 2682 1547 2756 D,
1582 2683 1664 2744 visus

1107 2774 1137 2833 in
1153 2771 1220 2848 CH,
1245 2793 1320 2852 quae
1344 2772 1385 2833 sit
1401 2772 1431 2832 in
1456 2770 1561 2832 eadem
1584 2771 1665 2832 linea

1106 2880 1173 2922 cum
1198 2861 1241 2934 L,
1276 2870 1310 2922 nt
1342 2859 1461 2921 scilicet
1491 2859 1664 2940 superficies

1106 2948 1298 3011 retractionis
1310 2968 1364 3028 per
1374 2956 1530 3026 utrumque
1546 2947 1663 3009 oculum

1108 3035 1133 3098 G
1165 3046 1198 3098 et
1229 3038 1259 3098 Η
1294 3039 1335 3098 sit
1375 3035 1491 3098 eadem.
1546 3036 1679 3096 Puncta.

1107 3143 1332 3203 repercussnurn
1357 3125 1417 3186 sint
1440 3124 1477 3195 Ε,
1502 3121 1542 3184 G.
1579 3123 1663 3186 Con-

1107 3223 1267 3276 neotantnr
1298 3213 1363 3287 DE,
1397 3210 1461 3286 EC,
1495 3210 1565 3286 DG,
1591 3209 1662 3285 GH,

1107 3310 1139 3362 et
1161 3303 1370 3365 continuentur
1394 3298 1457 3370 ΟΕ,
1472 3299 1664 3372 HG,.donec

1106 3397 1295 3452 concurrant.
1320 3390 1370 3452 Sit
1384 3408 1546 3450 concursus
1566 3408 1662 3467 punc-

306 3482 370 3536 tum
394 3475 427 3537 S.
475 3476 635 3548 Ducentur
663 3479 755 3540 etiam
778 3481 995 3560 *contingentes
1024 3478 1165 3540 circulum
1189 3478 1218 3540 in
1244 3477 1282 3552 G,
1309 3479 1344 3551 Ε,
1368 3479 1486 3557 sintque
1509 3475 1579 3547 AO,
1604 3475 1664 3538 OK

304 3572 337 3624 et
360 3573 576 3626 connectantur
609 3575 722 3644 puncta
746 3566 786 3640 G,
810 3568 837 3628 D
861 3579 963 3643 recta,
998 3587 1073 3646 quae
1105 3566 1296 3630 continuetur
1328 3568 1466 3646 utrinqne
1495 3566 1525 3626 in
1553 3565 1597 3638 M,
1621 3565 1661 3627 N.

304 3649 381 3714 Cum
405 3671 477 3732 ergo
501 3653 587 3714 DDK
611 3655 654 3716 sit
676 3657 812 3735 aequalis
837 3659 946 3736 angulo
972 3653 1073 3725 CEO,
1097 3655 1195 3716 minor
1221 3674 1293 3718 raro
1322 3655 1407 3716 DEN
1433 3654 1541 3734 angulo
1565 3653 1661 3728 DEK,

249 3771 252 3780 a
303 3739 398 3802 nrioor
428 3759 499 3819 ergo
524 3751 555 3804 et
578 3741 666 3804 DEN
698 3744 809 3823 angulo
834 3743 936 3819 0130,
969 3755 1000 3806 et
1032 3744 1078 3804 bis
1109 3744 1204 3804 minor
1236 3745 1294 3804 erit
1322 3744 1408 3804 DEN
1440 3743 1549 3821 angulo
1575 3740 1664 3804 CEM

303 3828 419 3906 majori.
467 3829 509 3890 Et
541 3849 607 3892 cum
640 3832 682 3894 sit
704 3829 795 3893 DGO
829 3834 965 3912 aequalis
998 3831 1107 3911 angulo
1136 3828 1231 3892 HGA
1261 3835 1313 3904 (err
1347 3833 1412 3910 lege
1442 3834 1662 3911 repercussus),

303 3917 399 3996 major
423 3935 495 3978 vero
519 3916 607 3979 DGD
631 3939 722 4001 quarn
745 3918 851 3994 DGO,
875 3921 972 4001 major
996 3939 1067 4000 ergo
1091 3917 1178 3981 DGE
1203 3937 1292 3998 quam
1315 3919 1419 3991 HGA,
1444 3929 1475 3981 et
1498 3919 1544 3982 bis
1568 3919 1663 3999 rnajor

302 4023 391 4085 quarn
416 4005 512 4068 HGM
534 4007 642 4068 minor.
689 4009 750 4070 Est
770 4027 842 4072 vero
865 4007 955 4071 EDG
979 4008 1151 4071 differentia
1179 4008 1260 4070 inter
1282 4009 1368 4072 NED
1392 4009 1536 4086 majorem
1560 4007 1662 4070 immi·

303 4101 408 4156 nutum
431 4101 464 4155 et
486 4093 574 4156 EGD
598 4095 752 4172 minorem,
778 4097 833 4158 aad
856 4099 1022 4160 auctiorem
1045 4096 1204 4184 redditum.
1253 4095 1370 4159 Contra
1387 4095 1469 4158 ESG
1493 4096 1664 4158 differentia

302 4189 352 4242 est
381 4181 459 4243 inter
489 4180 575 4244 CEG
607 4185 753 4263 majorem
787 4186 952 4248 auctiorem
991 4184 1141 4246 redditum
1171 4184 1280 4246 'eadern
1312 4203 1470 4258 mensura,
1502 4193 1534 4244 et
1565 4181 1662 4244 HGM

303 4269 446 4332 minorem
479 4269 667 4334 imminutnrn
696 4291 814 4334 rursum
845 4275 952 4336 eadem
985 4271 1168 4353 quantitate.
1216 4270 1318 4342 Quare
1341 4271 1424 4333 ESG
1449 4273 1542 4332 multo
1565 4271 1664 4350 major·

304 4364 354 4418 est
377 4375 465 4436 quam
488 4357 586 4419 EDG.
634 4359 674 4420 Ει
698 4369 747 4422 est
770 4360 852 4423 ESG
876 4361 956 4424 idem
980 4361 1029 4441 qui
1055 4358 1136 4422 csfl
1159 4363 1297 4440 aognlne,
1322 4381 1379 4440 quo
1403 4360 1572 4438 repercussi
1597 4357 1661 4426 OE.

304 4443 367 4505 HG
390 4446 540 4523 protracti
564 4455 754 4523 concurrunt,
780 4457 887 4529 eatque
911 4449 934 4512 S
959 4449 1043 4510 locus
1066 4447 1210 4526 imaginis
1234 4447 1337 4529 puncti
1360 4447 1388 4508 D
1414 4443 1505 4528 (Cap.
1531 4449 1588 4516 Ill,
1613 4445 1662 4520 8);

304 4531 393 4593 EDG
416 4551 487 4595 vero
512 4541 561 4596 est
582 4535 720 4614 angulus,
747 4555 804 4616 qno
828 4538 904 4598 radii
929 4543 1040 4600 exeunt
1061 4557 1081 4595 a
1103 4536 1131 4597 D
1155 4546 1276 4615 puncto.
1316 4535 1414 4615 Major
1438 4555 1509 4612 ergo
1534 4536 1661 4614 angulus

306 4619 345 4679 ad
370 4620 542 4700 imaginem,
568 4641 656 4703 qnam
681 4624 730 4703 qni
745 4626 785 4686 ad
807 4633 950 4704 punctum
969 4623 1102 4686 radians.
1142 4623 1268 4704 Propior
1287 4643 1358 4704 ergo
1377 4625 1527 4686 videbitur
1550 4623 1659 4702 imago,

305 4725 396 4785 quarn
422 4716 566 4787 punctum
594 4710 727 4774 radians.
773 4712 849 4776 Dico
873 4713 896 4776 S
925 4731 993 4776 asse
1024 4712 1103 4772 inter
1126 4712 1183 4774 DL
1211 4712 1489 4792 perpendicularem
1513 4731 1552 4772 ex
1575 4731 1606 4773 re
1631 4711 1660 4772 in

308 4801 454 4870 centrum,
478 4803 512 4858 at
533 4799 797 4877 perpendiculares
821 4819 875 4880 per
898 4800 989 4875 E,G
1013 4807 1126 4877 puncta
1149 4799 1352 4862 reflexionum.
