3566 5536
669 321 672 332 '
717 315 798 390 ctist
814 315 889 368 m·
1281 369 1284 375 .
1411 317 1474 402 735

128 515 179 570 per
200 497 319 570 auguris
333 503 362 552 et
377 514 427 568 per
447 497 578 562 oracula,
601 496 664 570 quid
679 515 721 552 me
736 497 837 562 lacere,
860 497 923 570 quid
938 495 1065 552 omittere
1078 503 1195 567 oportet.
1222 499 1338 556 Multam
1352 499 1476 572 equidem

128 578 205 632 robis
226 579 347 650 gratim
377 579 481 643 habeo,
513 597 546 631 eo
569 580 638 649 quod
659 578 719 648 ipse
741 595 848 650 quoque
876 585 997 634 vestram
1016 577 1045 632 in
1062 595 1105 632 me
1131 580 1247 650 cognovi
1267 581 1474 650 providentiam.

127 659 234 739 Itaque
258 657 364 719 iisdem
387 656 470 730 Diis,
495 658 545 738 qui
568 673 713 740 responsa
736 658 796 719 ista
825 657 955 732 dabant,
987 676 1087 718 earurn
1110 676 1208 720 rerum
1237 658 1474 742 animaliumque,

128 765 183 828 per
196 765 272 827 quae
288 747 522 826 significationes
537 747 676 821 edebant,
702 754 840 826 potestas
856 753 887 807 et
902 745 1026 808 directio
1040 746 1323 810 transscribebator.
1362 745 1476 812 Contra

129 855 211 908 vero,
233 835 259 896 si
283 842 467 916 patesceret,
502 835 641 898 animalis
665 842 719 898 aut
741 834 784 896 rei
806 835 1013 915 portendentis
1045 845 1158 898 motum
1183 844 1234 897 aut
1258 836 1475 916 apparitionem

129 945 166 987 ex
189 925 317 986 naturali
336 925 427 986 fluere
442 943 543 1000 cansa,
568 925 612 986 sic
630 931 665 986 nt
683 925 805 986 abesset
829 924 959 1004 suspicio
983 924 1217 1004 supernaturalis
1241 925 1477 1004 gubernationis,

129 1014 217 1076 animi
243 1013 443 1077 sollicitudine
467 1013 559 1088 soluti
578 1014 614 1074 ad
636 1013 765 1093 quietern
786 1032 853 1074 sese
876 1012 1104 1094 componebant.
1144 1013 1211 1076 Nisi
1228 1015 1305 1076 forte
1329 1015 1476 1078 naturalis
1548 1019 1551 1027 '

129 1103 236 1186 aliquis
265 1122 415 1166 connexus
450 1103 722 1182 deprehenderetur
754 1103 832 1165 inter
864 1103 980 1182 signorm
1009 1111 1041 1164 et
1068 1102 1239 1181 signatum
1273 1103 1318 1164 cui
1352 1103 1476 1166 arbitrio

128 1194 250 1257 liberae
275 1192 402 1271 alicujus
431 1202 461 1253 et
489 1192 605 1253 ratione
637 1191 750 1254 utentis
783 1211 893 1254 causae
926 1211 1000 1270 opus
1030 1210 1088 1254 non
1120 1200 1211 1254 esset.
1257 1191 1306 1254 Ex
1338 1193 1477 1271 neglectu

128 1281 315 1344 fundamenti
353 1280 440 1360 hujus
478 1289 552 1342 nata
584 1288 632 1342 est
668 1301 779 1360 magna
810 1299 882 1360 pars
916 1280 1108 1362 astrologiae.
1166 1278 1240 1344 Cum
1272 1281 1348 1344 enim
1381 1282 1477 1346 multa

127 1371 274 1433 coelestia
307 1377 428 1432 ostenta
456 1369 545 1432 fidem
578 1369 722 1434 fecissent
745 1371 781 1431 de
805 1369 872 1432 Diis
899 1390 954 1452 per
980 1369 1057 1430 haec
1089 1387 1219 1448 superna
1251 1390 1317 1433 cum
1348 1371 1478 1433 humana

128 1467 219 1540 gente
242 1459 450 1540 loquentibus:
476 1467 637 1538 coeperunt
660 1458 792 1538 imperiti
821 1459 1010 1541 quicquidin
1035 1459 1118 1522 coelo
1143 1457 1331 1538 contingeret
1354 1459 1477 1522 arbitrio

129 1546 271 1612 Deorum*
285 1549 377 1610 libero
401 1547 620 1610 transscribere
639 1549 726 1628 inque
742 1567 828 1610 omen
851 1549 990 1622 trahere3
1014 1548 1191 1627 praesertim
1215 1548 1240 1610 si
1266 1548 1400 1610 novitate
1426 1555 1478 1612 aut

129 1639 255 1700 raritate
288 1637 383 1698 nisum
416 1637 609 1700 vehementer
646 1637 839 1717 percelleret,
876 1645 911 1699 ut
942 1635 1070 1718 eclipses
1103 1636 1263 1712 luminum,
1297 1656 1478 1718 congressus

129 1728 290 1790 multarum
321 1726 496 1801 stellarum3
530 1727 578 1806 qui
602 1727 627 1788 si
652 1727 690 1787 ab
713 1726 799 1788 initio
822 1727 1069 1806 perpendissent,
1104 1725 1165 1788 ista
1197 1726 1296 1790 omnia
1319 1735 1388 1790 rata
1411 1728 1477 1807 lege

128 1823 253 1879 naturae
278 1815 446 1890 circumire,
478 1823 549 1876 tunc
573 1824 625 1877 aut
649 1815 861 1878 connexionem
891 1816 995 1878 harum
1022 1833 1121 1878 rerum
1154 1816 1327 1878 coelestium
1350 1835 1417 1878 com
1441 1815 1478 1877 iis

19 1971 20 1978 ,
130 1905 295 1980 eventibus,
321 1905 370 1985 qui
394 1905 479 1984 sequi
502 1905 610 1981 solent,
635 1905 664 1966 iu
687 1915 797 1966 natura
819 1905 1028 1985 quaesissent,
1059 1913 1111 1966 aut
1134 1905 1159 1965 si
1184 1904 1316 1966 invenire
1339 1923 1397 1966 non
1421 1924 1478 1985 po-

19 2049 20 2086 .
130 1994 268 2068 tuissent,
292 1994 321 2056 in
345 1993 423 2056 hanc
446 1993 655 2056 eredulitatem
679 2012 828 2073 nunquam
851 1994 1037 2056 incidissent
1080 1994 1141 2054 Ast
1163 1993 1214 2055 alil
1238 1993 1267 2054 in
1291 1994 1378 2074 pejus
1401 2012 1474 2073 pro-

130 2085 282 2156 fecerunt,
312 2083 349 2143 de
373 2082 506 2146 stultitia
529 2083 558 2143 in
583 2082 788 2163 impietatem:
822 2102 887 2144 cunr
910 2083 989 2146 enim
1021 2082 1158 2144 viderent
1188 2083 1344 2145 stellarum
1378 2092 1477 2146 motus

130 2191 167 2234 ex
197 2172 327 2235 naturali
360 2171 542 2234 necessitate
576 2172 761 2252 dependere,
797 2179 830 2234 ut
859 2179 960 2234 tamea
992 2181 1024 2234 et
1054 2169 1202 2252 portentis
1231 2172 1285 2234 hos
1317 2191 1476 2236 accensere

19 2301 20 2308 ι
128 2269 268 2344 possent,
300 2279 415 2323 rursum
437 2266 513 2332 drea
535 2259 595 2324 dno
617 2283 747 2343 μηχαιης
769 2261 1013 2334 introduxerunt,
1046 2279 1103 2322 non
1127 2260 1177 2342 qni
1200 2269 1299 2324 motus
1326 2262 1476 2324 coelorum

19 2365 20 2376 ¹
130 2351 222 2413 libere
255 2351 477 2414 conformarent
499 2351 537 2412 ad
570 2351 794 2430 significandum
828 2349 913 2412 nohis
942 2369 997 2430 per
1025 2349 1111 2424 illos,
1142 2347 1195 2412 sed
1227 2349 1276 2432 qni
1309 2351 1476 2430 exemplari

128 2447 261 2512 motuum
279 2439 469 2502 'coelestium
505 2448 659 2502 uterentur
699 2439 728 2501 in
767 2439 988 2504 conformandis
1029 2448 1061 2500 et
1100 2438 1345 2501 administrandis
1385 2439 1476 2502 rebus

128 2529 274 2592 humanis.
312 2529 390 2590 Hinc
406 2527 543 2590 suntilla
566 2528 723 2608 spirituum
741 2528 903 2588 'astralium
919 2529 1014 2590 molta
1036 2527 1149 2601 millia,
1172 2527 1273 2588 verius
1290 2528 1475 2591 diabolorum

129 2618 320 2680 infernalium
344 2616 490 2696 legiones,
516 2615 621 2697 quihus
647 2616 825 2678 execrabilis
847 2616 908 2680 ieta
930 2617 1046 2696 magia,
1080 2615 1157 2677 falso
1181 2615 1299 2678 nomine
1323 2616 1474 2686 coelestis,

130 2709 218 2769 docet
241 2705 395 2768 immolare
420 2713 504 2767 certa
526 2703 681 2777 sacrificia,
708 2703 829 2765 fundere
845 2713 944 2766 certas
963 2723 1078 2784 preces,
1102 2705 1254 2766 celebrare
1278 2713 1363 2768 certa
1386 2706 1475 2780 festa,

129 2814 184 2876 per
216 2794 279 2856 dies
313 2801 346 2855 et
377 2794 467 2855 horas
499 2794 687 2872 planetarum
719 2793 883 2857 accendere
920 2812 1040 2869 cereos,
1078 2792 1201 2856 induero
1233 2801 1336 2858 vestes
1368 2793 1477 2856 coloris

130 2881 324 2964 appropriati.
361 2882 508 2946 Nimirum
532 2882 589 2942 hac
612 2882 728 2943 demum
752 2881 868 2944 ratione
892 2883 1122 2963 cooperantibus
1146 2881 1262 2946 scilicet
1285 2883 1477 2946 daemonibus

129 2973 321 3034 verificantur
343 2971 397 3033 illa
425 2971 604 3032 stultissima
627 2979 658 3031 et
681 2969 807 3033 ridicula
835 2973 1053 3050 astrologorum
1085 2972 1207 3032 decreta
1230 2972 1266 3033 de
1289 2973 1477 3066 planetarum

130 3061 266 3124 domibus
290 3070 323 3121 et
345 3059 607 3122 dominationibus.
653 3059 723 3121 Jam
748 3060 864 3122 demum
889 3061 1011 3140 expedit
1033 3060 1221 3140 resipiscere.
1267 3062 1335 3124 Non
1359 3047 1479 3124 lue'rnnt

131 3152 207 3213 adeo
230 3149 359 3230 imperiti
382 3147 469 3229 primi
499 3149 603 3210 harum
628 3167 770 3228 nugarum
798 3150 990 3225 inventores,
1022 3159 1054 3212 ut
1076 3168 1129 3212 eos
1153 3167 1244 3228 snpra
1267 3150 1476 3222 incusavimus.

129 3239 273 3303 Addebat
295 3238 480 3301 intellectum
503 3237 664 3319 impietas3
689 3247 722 3298 at
740 3235 971 3300 vos-admodum
991 3240 1083 3320 pueri.
1108 3240 1284 3319 orastrologi
1301 3234 1475 3314 Christiani,

131 3329 180 3410 qui
205 3329 310 3390 nucleo
342 3328 434 3389 misso
466 3327 630 3390 haeretis'
622 3346 653 3389 ιιι
680 3328 851 3406 putamina,
888 3328 937 3408 qui
967 3329 1097 3390 cadaver
1128 3329 1343 3407 amplectimini
1376 3329 1478 3392 anima

132 3417 295 3490 eliminata,
321 3416 370 3498 qui
393 3417 588 3521 astrologiam
612 3417 689 3478 hanc
712 3417 838 3480 stultam
852 3419 1091 3496 etnugatrieem,
1116 3437 1191 3506 quae
1210 3417 1345 3482 domibus
1369 3419 1475 3499 plane·

131 3517 229 3568 tarum
252 3506 356 3576 utitur,
380 3507 528 3568 exercetis
551 3507 614 3569 sine
637 3491 746 3585 magia.
794 3505 853 3586 Eja
876 3505 1032 3586 pelliceam
1059 3505 1186 3582 abluite,
1211 3516 1243 3570 nt
1265 3527 1302 3570 ne
1319 3507 1477 3579 humorem

133 3605 232 3656 tamen
256 3595 310 3657 illa
331 3594 425 3658 bibat.

221 3701 377 3782 Apparere
400 3709 490 3782 puto,
520 3709 583 3764 tum
613 3701 730 3764 demum
762 3699 859 3763 locum
883 3719 950 3764 esse
973 3700 1258 3782 conjectationibus,
1288 3701 1339 3764 nbi
1362 3700 1478 3764 consti-

133 3790 218 3865 terit,
238 3799 377 3851 naturam
400 3790 530 3872 aliquam
552 3791 847 3872 intelligentemper
868 3791 944 3853 haec
967 3790 1069 3871 signa,
1098 3793 1128 3856 in
1151 3809 1227 3872 quae
1249 3809 1335 3852 mens
1357 3790 1478 3870 conjec-

81 3929 83 3934 .
131 3879 208 3943 toris
223 3877 340 3941 intenta
355 3887 412 3954 est,
434 3879 589 3942 nobiscnm
604 3881 685 3963 loqui
700 3881 788 3956 velle,
808 3881 892 3959 cujus
909 3880 1028 3963 quidem
1042 3883 1168 3944 arbitrio
1183 3886 1215 3941 et
1228 3879 1374 3961 potestati
1391 3879 1478 3959 sigas

133 3970 187 4032 illa
219 3967 354 4030 subiecta
387 3967 456 4030 sint
510 3968 561 4030 Sic
590 3979 685 4050 ,neus
698 3980 846 4046 Pharaoni,
861 3995 933 4051 qaae
947 3981 1070 4034 moturus
1084 3987 1154 4044 erat,
1170 3977 1331 4035 ormditin
1345 3979 1457 4044 somnio,
1462 3977 1475 4002 ⁸¹

134 4059 211 4122 Gen.
245 4052 296 4120 ll.
328 4077 357 4118 v.
392 4053 444 4120 25.
499 4057 552 4120 Sic
582 4057 877 4121 Nabuchodonosoro
902 4068 1033 4123 indicavit
1059 4058 1240 4133 insomnio,
1269 4085 1340 4139 quae
1360 4073 1478 4122 ventura

135 4157 258 4212 essent'
250 4175 277 4212 ιιι
301 4157 453 4212 novissimis
474 4156 651 4250 temporibus.
691 4148 769 4208 Dan.
801 4145 830 4208 2.
862 4167 892 4207 ν.
923 4143 976 4209 28.
1023 4148 1075 4211 Sic
1105 4148 1235 4230 loquitur
1264 4147 1361 4209 adhrw
1388 4145 1477 4209 hodie

132 4237 288 4299 nobiscnm
297 4254 365 4317 ρει
387 4256 488 4298 arcum
510 4227 585 4297 indis
608 4243 766 4338 certosque
788 4235 902 4311 reddit,
925 4255 984 4298 non
1005 4238 1168 4317 periturum
1198 4255 1294 4317 genus
1316 4235 1477 4298 humanum

134 4326 261 4388 diluvio:
287 4325 363 4388 Gen.
388 4322 418 4388 9.
466 4327 517 4390 Sic
548 4325 670 4386 exhibet
698 4325 785 4406 signa
811 4325 842 4386 in
865 4325 936 4388 Sole
966 4333 997 4388 et
1019 4327 1119 4402 Luna,
1151 4325 1266 4400 stellis,
1297 4333 1329 4387 et
1349 4325 1477 4388 virtutes

135 4415 285 4477 coelorum
305 4423 416 4490 movet,
438 4423 473 4477 ut
495 4415 671 4477 attollamus
693 4414 794 4495 capita
816 4421 922 4476 nostra
943 4424 975 4477 et
996 4415 1150 4478 videamus
1170 4434 1240 4478 num
1259 4414 1481 4496 appropinquet

135 4503 280 4566 redemtio
303 4513 416 4566 nostra.-
463 4504 614 4576 Quorsum
635 4503 787 4584 pertinent
809 4510 840 4565 et
862 4505 958 4566 omnis
981 4505 1099 4585 generis
1116 4512 1267 4586 portenta,
1290 4511 1425 4566 monstra
1445 4510 1477 4565 et

136 4593 279 4656 divinitus
307 4593 443 4655 immissa
471 4593 602 4669 somnia,
635 4593 775 4675 quicquid
802 4593 907 4656 horum
936 4595 1103 4657 hominibus
1132 4595 1212 4657 ultro
1245 4595 1383 4670 offertur,
1415 4613 1475 4656 non

136 4684 312 4765 quaesitum,
335 4683 379 4746 uti
402 4683 521 4765 quidem
543 4683 697 4763 procurari
717 4683 778 4744 ista
795 4701 855 4744 non
872 4691 1015 4763 possunt;
1040 4684 1070 4745 id
1093 4685 1257 4747 censuerim
1272 4703 1331 4746 non
1346 4683 1474 4746 absurde
1547 4684 1552 4695 '

136 4773 184 4834 vel
207 4775 272 4835 Deo
293 4773 353 4854 ipsi
376 4773 425 4834 vel
448 4773 595 4834 ministris
618 4773 733 4852 angelis
756 4770 804 4833 vel
827 4773 916 4861 alicui
939 4773 1070 4855 spiritui,
1100 4775 1150 4856 qni
1172 4771 1342 4837 hominibus
1365 4782 1397 4835 et
1418 4773 1475 4836 toti

137 4861 245 4926 mundo
269 4863 395 4942 quadam
418 4871 542 4925 naturae
565 4862 631 4941 lege
655 4879 806 4924 connexus
829 4862 974 4925 instinctu
995 4864 1109 4943 magis,
1134 4883 1223 4947 qnam
1244 4862 1474 4927 ratiocinatione
