3684 5518
311 301 376 370 206
779 301 970 366 Paralipomena
987 304 1013 352 tn
1031 301 1199 353 Vitelliouern.

311 479 476 560 simplicem
500 477 707 558 exprimentia,
731 477 907 556 productum
931 498 986 560 per
1009 474 1075 542 600
1099 477 1259 540 dividatur.
1285 473 1318 538 Si
1342 473 1456 554 grande
1471 470 1541 551 quid
1564 467 1667 551 prodit

312 591 332 632 a
353 568 446 649 priori
468 565 646 629 refractione
671 564 821 639 differens,
846 567 904 628 erit
926 567 973 628 bis
997 568 1161 647 repetenda
1184 564 1330 646 operatio,
1355 563 1504 623 interdum
1534 568 1583 620 ter
1610 558 1664 619 &c

401 655 452 720 Sit
474 656 502 716 16
528 651 589 717 600
611 661 678 714 1616
700 653 842 716 retractio
870 656 898 718 10
915 654 992 730 2800,
1017 656 1160 718 subtrahe
1184 649 1286 726 6610,
1312 659 1428 714 restant
1443 645 1573 711 600580
1588 643 1665 720 3200,

314 766 421 819 secans
443 739 508 808 206
533 743 587 804 dre.
612 743 640 804 in
665 737 732 804 4400
757 743 922 823 simplicem
946 745 1058 824 gradus
1082 740 1135 817 61,
1167 741 1306 822 producit
1339 735 1445 812 9064ς
1478 737 1528 817 661
1552 735 1667 797 divisus

313 855 368 917 per
390 829 455 896 600
488 831 562 892 16611
593 830 621 893 10
646 827 720 903 3100,
751 839 846 893 totam
877 835 988 912 gradus
1021 829 1075 896 61.
1122 833 1206 894 Η666
1234 851 1253 892 6
1284 824 1344 891 620
1374 828 1495 888 6661616
1526 823 1669 904 relinquit

313 921 374 986 610
396 919 450 984 58’
474 917 547 994 290,
573 921 656 999 cujus
680 939 788 982 666666
813 917 852 984 21
870 913 944 997 bc,
970 923 995 983 16
1019 923 1048 982 16
1072 918 1137 984 4500
1161 919 1375 982 retractionem
1398 915 1511 996 gradus
1531 909 1573 976 62
1589 913 1666 974 duc-

313 1021 372 1085 tus,
396 1009 538 1090 relinquit
561 1009 772 1070 refractionem
799 1009 826 1071 10
852 1007 916 1072 3500
946 1029 1000 1089 666
1025 1011 1119 1090 gradu
1144 1007 1195 1073 62.
1242 1008 1374 1070 Rursum
1408 1005 1450 1065 611
1479 1003 1509 1064 16
1532 995 1595 1065 840
1617 1019 1668 1061 66-

314 1098 422 1162 fractio
447 1094 578 1161 901300.
626 1097 777 1160 86616666
802 1099 839 1158 66
863 1095 942 1172 850;
967 1099 1077 1173 residui
1102 1117 1210 1159 666666
1237 1096 1294 1158 111
1323 1095 1376 1156 tro.
1400 1091 1619 1170 multiplicatus
1638 1089 1668 1149 in

313 1186 525 1250 refractionem
549 1185 716 1265 simplicem
741 1184 805 1250 6300
830 1183 1175 1267 616666006161666,
1206 1184 1340 1247 ostendit
1366 1181 1416 1243 110
1442 1177 1515 1254 8900,
1550 1197 1626 1259 6666
1651 1197 1670 1236 6

313 1275 406 1356 priori
435 1270 467 1336 90
490 1271 555 1337 4300
583 1270 766 1353 66621666
798 1275 914 1338 minuta
944 1276 1045 1337 differt
1068 1274 1096 1336 16
1121 1276 1196 1349 1666,
1233 1273 1283 1335 661
1310 1273 1375 1352 jam
1410 1260 1668 1340 secantesrelie-

314 1371 430 1426 menter
453 1371 602 1437 creseunt,
628 1380 698 1441 ergo
723 1373 826 1442 repete
850 1365 1056 1444 operationem
1079 1372 1187 1443 61666
1212 1359 1244 1425 90
1259 1357 1325 1424 6800
1347 1359 1457 1440 6616616
1481 1357 1593 1436 gradus
1604 1355 1668 1434 jam

318 1452 368 1516 110
393 1448 458 1516 3900
490 1449 634 1512 66616666
658 1469 754 1512 6666
782 1453 876 1530 gradu
900 1451 970 1516 850.
1018 1451 1134 1514 866666
1162 1444 1264 1531 11001,
1293 1449 1323 1510 16
1347 1445 1423 1523 6300,
1453 1444 1592 1525 producit
1619 1443 1670 1506 110

316 1537 380 1604 3600
400 1541 515 1619 justam
534 1539 756 1601 refractionem.
834 1609 840 1622 ,

403 1629 447 1691 Ut
477 1647 548 1690 vero
582 1627 793 1690 inclinationes
825 1629 1022 1692 retracturum
1051 1629 1081 1690 iu
1109 1629 1205 1690 Terra
1241 1623 1515 1696 accommodentur,
1553 1637 1673 1700 semper

314 1717 480 1797 multiplica
493 1717 552 1778 EA
575 1713 791 1779 1000557816
811 1718 894 1778 61666
907 1717 1002 1793 ΒΕΑ,
1023 1736 1076 1780 666
1091 1715 1315 1778 inclinationem
1330 1714 1528 1774 refractarum
1543 1711 1572 1771 in
1588 1716 1671 1770 aere.
1706 1789 1708 1796 Α

406 1806 490 1866 11666
516 1823 587 1884 ergo
610 1805 780 1867 taediosam
804 1805 1026 1886 inquisitionem
1050 1805 1193 1867 concludo
1219 1801 1406 1882 expositione
1426 1801 1511 1880 hujus
1527 1799 1670 1864 tabellae,
1705 1797 1707 1802 ’

318 1897 349 1957 16
372 1913 431 1974 666
454 1894 492 1954 66
517 1893 714 1974 661666116666
733 1893 857 1955 8616666
875 1893 1065 1975 Tycbonicns
1093 1913 1182 1974 quam
1215 1891 1349 1972 proxime
1383 1889 1562 1962 accedimus
1602 1889 1672 1948 tad-
1745 1963 1751 1976 Ι

318 1982 470 2045 tummodo
494 1981 574 2044 circa
593 1982 781 2044 altitudinem
797 1981 878 2044 86116
897 1979 956 2045 150
979 1991 1107 2063 6661666
1124 1982 1247 2044 minutis
1262 1980 1444 2052 differentes,
1471 1997 1538 2040 cum
1552 1975 1674 2039 interim

317 2071 539 2134 satisfaciamus
570 2071 642 2142 illis,
680 2091 755 2152 quae
788 2080 859 2133 sunt
890 2092 910 2131 6
932 2071 1072 2154 Tycboue
1104 2071 1185 2134 16166
1218 2069 1343 2131 eundem
1376 2068 1455 2129 diem
1479 2066 1671 2128 observatae.

317 2163 409 2222 Forte
432 2177 470 2220 ne
485 2159 633 2233 tantulum
653 2161 770 2239 quidem
785 2159 932 2235 different,
957 2161 993 2236 61,
1017 2181 1094 2241 6666
1108 2158 1313 2241 propositione
1337 2153 1367 2220 6.
1383 2156 1472 2235 hujus
1487 2156 1569 2217 dicta
1592 2161 1672 2228 sunt,

318 2255 400 2310 recte
424 2255 527 2308 essent
550 2247 702 2326 expedita.
741 2251 848 2328 Itaque
872 2268 923 2310 oro
943 2249 1096 2323 lectorem,
1121 2267 1157 2310 ne
1174 2247 1315 2308 abutatur
1337 2265 1405 2306 mea
1429 2246 1485 2305 bac
1504 2252 1568 2305 tam
1587 2248 1674 2304 sord-

318 2337 427 2418 pulosa
460 2334 650 2414 inquisitione
681 2337 710 2397 in
744 2336 942 2399 retractiones
971 2359 989 2398 a
1017 2337 1157 2421 Tychpue
1189 2335 1335 2416 proditas,
1375 2333 1414 2394 ad
1446 2331 1674 2394 convellendum

318 2433 415 2488 totum
440 2424 477 2485 de
502 2424 731 2486 retractionibus
756 2426 917 2505 negotium,
948 2445 1037 2506 quam
1061 2445 1117 2505 ego
1141 2425 1181 2486 ad
1213 2423 1445 2484 confirmandum
1478 2422 1510 2482 id
1541 2419 1673 2482 institui:

319 2514 400 2575 etsi
424 2513 500 2574 6666
520 2513 557 2574 de
579 2512 627 2574 his
651 2513 740 2575 rebus
759 2513 873 2593 judico,
897 2514 1056 2594 plurimum
1080 2513 1261 2584 conducam,
1295 2512 1364 2572 dum
1388 2511 1466 2590 quod
1490 2509 1592 2594 Tyclro
1616 2525 1674 2589 pu-

319 2601 398 2664 tavit
422 2621 461 2662 ex
484 2601 633 2681 inaequali
658 2601 737 2664 aeris
762 2602 900 2665 crassitie
924 2603 953 2663 16
978 2604 1099 2665 diversa
1122 2603 1186 2682 ejus
1210 2599 1368 2662 altitudine
1391 2599 1526 2678 prodire,
1564 2597 1595 2659 id
1619 2612 1675 2676 ego

320 2697 456 2753 autnon
480 2687 573 2752 multo
597 2689 679 2752 aliud
702 2710 739 2751 ex
763 2691 830 2771 ipsa
852 2692 955 2754 circuli
979 2689 1204 2771 recentiumque
1228 2688 1345 2750 ratione
1366 2687 1522 2767 principiis
1548 2687 1675 2748 demon-

320 2789 383 2842 stro
414 2779 503 2858 plane
534 2779 755 2841 consentaneis.
803 2780 838 2842 ld
869 2779 942 2842 mihi
975 2779 1106 2843 sufficiat
1141 2777 1303 2840 monuisse.
1351 2776 1421 2839 Seio
1459 2795 1549 2857 qnam
1586 2773 1675 2837 hodie

243 2921 245 2926 .
321 2867 406 2930 multi
436 2867 519 2930 caeci
548 2867 585 2928 de
614 2867 765 2930 coloribus
797 2869 963 2948 disputent,
995 2887 1142 2950 quamque
1172 2865 1295 2946 cupiant
1318 2865 1437 2946 prodire
1461 2865 1602 2945 aliquem,
1626 2862 1677 2944 qui

320 2955 498 3019 temerarios
521 2956 655 3036 ipsomm
678 2957 708 3018 16
730 2958 905 3038 Tychonern
927 2957 1061 3038 adeoque
1086 2958 1142 3018 hoc
1166 2955 1262 3035 ipsum
1285 2953 1498 3016 refractionum
1523 2953 1677 3032 negotium

323 3043 455 3106 insultus
483 3062 658 3126 quacunque
690 3045 806 3107 ratione
839 3045 972 3125 adjuret.
1020 3043 1079 3116 Qui
1104 3043 1222 3127 quidem
1247 3043 1272 3104 si
1295 3043 1427 3122 pueriles
1459 3061 1530 3104 6666
1560 3059 1678 3104 errores

326 3132 895 3214 61666666166666611666661161666
925 3134 1109 3208 habuissent,
1142 3133 1230 3212 culpa
1261 3130 1383 3193 carituri
1420 3125 1517 3207 e'raut,
1555 3149 1621 3193 cum
1647 3127 1676 3192 id

273 3291 275 3298 χ
322 3218 425 3281 multis
447 3219 565 3300 magnis
588 3220 660 3282 viris
684 3222 821 3284 accidat:
846 3232 880 3284 at
903 3221 1024 3302 quinio
1048 3221 1199 3302 66611666
1221 3221 1372 3300 prodeunt
1394 3229 1426 3283 et
1453 3220 1566 3282 crassis
1589 3218 1676 3281 libris

323 3307 527 3388 speciosisque
560 3307 658 3370 titulis
689 3310 906 3388 imperitinrum
933 3309 1081 3390 profectui
1112 3309 1294 3372 insidiantur
1330 3310 1378 3382 (ut
1411 3316 1460 3371 661
1488 3309 1577 3370 hodie
1607 3307 1677 3386 plus

323 3394 448 3475 periculi
470 3397 500 3457 16
524 3396 612 3477 66616
634 3397 779 3460 malorum
802 3398 953 3468 librorum,
977 3417 1067 3480 quam
1091 3398 1162 3460 olim
1185 3397 1213 3458 iu
1236 3397 1364 3476 penuria
1386 3397 1557 3472 bonorum),
1576 3396 1678 3458 sciant

324 3486 435 3564 itaque,
462 3483 527 3547 dari
550 3485 608 3547 sibi
631 3485 771 3566 spatium,
796 3507 867 3551 suos
890 3507 1007 3550 errores
1025 3486 1162 3567 publicos
1186 3505 1219 3548 se
1240 3485 1315 3565 ipsis
1338 3486 1516 3548 emendandi
1541 3483 1677 3565 publice:

329 3573 407 3654 quod
448 3573 497 3634 ubi
534 3573 634 3636 166666
673 3574 846 3638 distulerint
880 3577 1002 3650 diutius,
1041 3575 1177 3655 equidem
1213 3574 1291 3637 idern
1323 3574 1393 3636 mibi
1429 3576 1479 3638 vel
1516 3574 1680 3652 cuicunque

325 3661 378 3724 alii
401 3660 504 3723 licebit
525 3661 555 3724 in
579 3661 672 3742 16666,
698 3663 776 3744 quod
799 3663 857 3727 sibi
879 3664 924 3728 illi
948 3671 1119 3726 sumsemnt
1139 3663 1170 3724 in
1192 3663 1274 3724 viros
1298 3663 1520 3734 celeberrimos,
1554 3679 1678 3742 geome-

327 3751 405 3813 trica
427 3749 588 3812 infeliciter
610 3770 782 3831 aggressos.
821 3751 881 3823 Qui
905 3753 990 3816 labor
1013 3751 1149 3833 quamvis
1173 3749 1341 3830 despectus,
1365 3753 1396 3814 in
1419 3753 1479 3815 vili
1497 3753 1606 3834 quippe
1629 3751 1679 3812 in·

327 3839 476 3918 eptiarum
500 3839 630 3902 materia
654 3841 784 3903 iuturus:
810 3849 896 3904 tanto
920 3849 1021 3904 tamen
1037 3841 1095 3902 erit
1117 3839 1214 3920 magis
1228 3843 1430 3914 necessarius,
1445 3861 1532 3923 quam
1557 3847 1625 3904 erat
1643 3842 1679 3914 16,

328 3946 414 4008 quem
438 3929 467 3990 16
492 3928 569 4012 61166
592 3928 650 4007 1661
673 3939 885 4008 susceperunt:
912 3938 1023 4011 quanto
1046 3930 1114 4010 plus
1138 3936 1227 3990 nocet
1240 3928 1369 4007 publice,
1393 3931 1442 4011 qui
1462 3931 1587 3994 aliorum
1601 3930 1683 3991 bona

328 4023 360 4078 et
382 4015 555 4078 necessaria
577 4017 700 4080 inventa
723 4020 890 4081 convellere
921 4019 1027 4080 nititur
1049 4019 1078 4078 16
1105 4017 1238 4078 fraudem
1261 4017 1415 4096 veritatis,
1440 4039 1528 4102 quam
1550 4018 1682 4100 quirem

328 4105 545 4184 impossibilem
563 4104 687 4168 inventu
711 4106 768 4168 sibi
791 4108 954 4188 persuadet
976 4108 1138 4170 iuvenisse.
1169 4105 1320 4168 Desinunt
1342 4109 1435 4190 igitur
1449 4107 1579 4182 iuterim,
1603 4105 1682 4169 alio-

329 4210 393 4254 rum
417 4194 536 4256 silentio
560 4211 616 4254 sua
638 4213 744 4274 nempe
768 4197 952 4259 obscuritate
975 4215 1042 4258 sese
1062 4195 1192 4275 jactare.
1215 4188 1258 4268 ³²)

420 4281 669 4361 Propositio
696 4283 736 4346 X.
784 4285 944 4346 Problema
972 4285 1029 4346 111.
1076 4283 1128 4344 Ex
1164 4282 1430 4348 retractiouum
1468 4283 1682 4368 quantitate

330 4370 582 4449 investigare
606 4371 885 4450 proportionem
907 4374 1131 4435 mediorum
1155 4369 1412 4447 adinvicem,
1443 4380 1545 4454 puto
1569 4371 1682 4434 atris

331 4459 376 4518 ad
414 4477 561 4538 aquarn,
598 4478 718 4520 causa
753 4460 966 4524 densitatis
1004 4479 1107 4522 suae.
1153 4460 1363 4537 Propositione
1397 4457 1428 4525 6.
1453 4463 1541 4542 66166
1573 4461 1684 4541 6661116

331 4545 495 4608 indicatum
519 4555 576 4621 661,
609 4547 802 4628 multiplicari
835 4550 1001 4630 simplicem
1024 4547 1235 4610 refractionem
1259 4551 1325 4630 ejus
1357 4550 1569 4625 1661166116616,
1607 4569 1684 4631 6666

332 4642 383 4694 661
404 4635 481 4696 radii
504 4637 534 4696 16
558 4636 656 4698 medio
688 4637 817 4700 tenuiori
846 4657 935 4718 super
966 4637 1151 4716 superficiem
1185 4655 1381 4714 communem,
1418 4661 1436 4700 a
1468 4649 1591 4702 secante
1621 4639 1685 4718 ejus

333 4720 546 4799 inclinationis,
571 4743 647 4804 quae
671 4734 721 4787 est
742 4726 865 4788 refracti
897 4727 926 4790 in
954 4725 1051 4788 medio
1082 4725 1219 4788 densiore
1257 4747 1347 4808 super
1384 4729 1571 4808 superficiem
1600 4745 1685 4790 com-
