3674 5538
742 293 774 346 de
792 295 865 348 rebus
885 295 988 361 Optlcls.
1154 287 1157 296 '
1226 379 1231 399 Ι
1475 297 1540 366 ii?

170 468 272 542 metis,
297 489 360 550 qno
389 472 477 535 visus
500 477 553 534 aut
580 476 680 532 tectus
714 471 885 534 discrimine
913 480 983 534 sunt
1007 474 1045 534 ab
1069 473 1195 535 invicem
1228 475 1387 553 diremtae,
1420 486 1455 540 nt
1477 479 1541 541 sint

174 577 296 622 numero
326 555 373 623 24
403 562 435 622 in
469 579 528 622 uos
559 559 631 621 die?
664 559 771 622 Nonne
800 560 987 639 Epiphanius
1019 561 1086 641 pari
1119 561 1273 626 nobiseum
1306 566 1446 628 libertate
1480 567 1539 630 diei

176 648 333 728 noctisque
358 649 454 712 horas
475 648 546 712 fecit
565 667 623 710 nou
644 643 687 710 24
708 648 762 711 sed
786 645 964 712 duodecim?
987 651 1094 712 Nonne
1115 651 1192 712 haec
1211 660 1259 714 est
1282 654 1407 735 vulgata
1430 655 1537 718 divisio

179 737 254 800 assis
278 738 362 817 apnd
386 738 542 801 Romanos
566 737 653 799 illata
678 738 715 798 ab
739 737 846 798 iisdem
870 745 900 798 et
924 739 953 798 in
978 739 1209 800 Palaestinam?
1244 741 1314 804 Etsi
1337 743 1400 806 lieri
1424 751 1536 822 potest,

178 833 212 888 ut
231 824 309 888 haec
332 826 493 890 divisionis
516 827 595 889 ratio
618 823 745 905 primurn
769 836 837 888 orta
861 826 951 888 fuerit
981 847 999 888 a
1027 828 1158 890 naturali
1186 829 1305 908 quidem
1339 833 1394 894 sed
1423 833 1536 912 imper-

179 913 258 976 ieeta
281 913 430 978 divisione
454 916 524 978 anni
547 918 576 978 in
604 911 644 976 1²
669 915 847 988 lunationes,
873 915 950 977 unde
974 924 1006 976 et
1033 917 1199 978 astronomi
1221 919 1377 981 zodiacum
1400 921 1537 998 perfecta

179 1003 295 1065 ratione
319 1004 426 1084 partiri
456 1012 620 1084 coeperunt
642 1003 670 1065 in
698 999 738 1065 12
762 1003 858 1082 signa.
906 1004 975 1068 Non
999 1013 1099 1066 tamen
1123 1025 1218 1085 neque
1242 1008 1359 1086 signum
1383 1009 1535 1090 multoque

178 1091 277 1154 minus
301 1092 438 1156 semissis
464 1093 549 1156 nnius
573 1091 653 1172 signi
676 1101 725 1153 est
747 1093 896 1172 integrum
919 1092 1031 1173 aliquid
1055 1113 1187 1173 suaeque
1210 1103 1336 1156 naturae
1360 1097 1450 1159 metis
1473 1099 1534 1160 cir-

180 1181 393 1261 cumscriptum
423 1190 456 1243 et
479 1203 498 1242 a
524 1180 647 1262 reliquis
679 1180 738 1244 sibi
769 1181 999 1244 cohaerentibus
1033 1181 1207 1258 diremtum,
1240 1202 1336 1263 neque
1369 1185 1444 1248 bora
1476 1185 1535 1248 diei

179 1270 319 1332 definitor
341 1277 410 1332 ortu
431 1271 481 1333 vel
504 1271 589 1332 unius
613 1270 662 1330 vel
685 1270 798 1332 dimidii
823 1271 909 1348 signi,
936 1271 1000 1332 solo
1023 1271 1243 1334 numerantium
1264 1272 1389 1336 arbitrio
1414 1281 1536 1336 constat

180 1359 226 1420 hic
249 1359 392 1422 horarum
415 1359 446 1421 in
470 1359 518 1421 die
542 1377 692 1422 numems.
736 1359 816 1422 Nam
839 1359 944 1420 Lunae
968 1359 994 1420 si
1024 1359 1080 1420 tibi
1108 1359 1221 1422 incidet
1250 1370 1407 1442 respectus
1430 1363 1534 1442 (quam

179 1455 281 1510 tamen
316 1448 482 1526 despexisti
509 1447 539 1509 in
571 1449 686 1510 refluxu
718 1447 840 1521 maris),
873 1447 926 1509 illa
958 1447 1077 1510 collatis
1109 1448 1172 1510 suis
1201 1468 1267 1513 cum
1299 1449 1372 1512 Sole
1403 1451 1534 1514 motibus
1637 1455 1638 1459 ’

179 1536 258 1599 diem
282 1555 340 1598 non
359 1536 389 1598 iu
409 1531 453 1600 24
473 1537 527 1598 sed
545 1537 576 1598 in
591 1533 635 1600 30
658 1535 779 1598 circiter
795 1543 899 1616 partes
919 1543 1024 1598 secat:
1049 1543 1082 1598 ut
1105 1538 1258 1616 proportio
1279 1539 1320 1600 sit
1340 1539 1399 1601 disi
1415 1538 1533 1603 Solaria

178 1625 218 1686 ad
244 1625 415 1695 Lunarem,
450 1644 525 1705 quae
554 1621 597 1689 29
628 1625 668 1686 ad
698 1621 757 1698 30,
791 1645 844 1686 seu
877 1624 1047 1687 accuratius
1076 1643 1151 1704 quaa
1175 1622 1217 1688 57
1242 1627 1280 1688 ad
1304 1623 1356 1691 59.
1404 1629 1463 1690 Vel
1496 1647 1534 1690 ex

178 1713 277 1776 Plinio
292 1713 436 1790 disceres,
455 1715 540 1777 illam
555 1731 613 1776 non
629 1731 715 1776 asses
732 1713 786 1774 sed
801 1713 964 1776 dodrantes
978 1714 1146 1776 semuncias
1162 1714 1291 1794 adjicere
1306 1715 1374 1793 diei,
1390 1723 1536 1798 quantum

178 1810 210 1864 et
232 1803 363 1864 refluxus
397 1802 517 1882 adjicit,
539 1803 630 1882 'qnod
658 1802 781 1865 nautica
810 1821 884 1882 gens
917 1803 1058 1865 crassiori
1081 1801 1219 1868 Minerva
1251 1804 1355 1868 horam
1387 1805 1532 1885 appellat.

179 1889 466 1954 bertanscotam
490 1891 558 1966 tibi,
589 1891 633 1954 sic
656 1890 695 1952 ab
723 1890 851 1953 invicem
880 1891 1032 1971 sejunctas
1056 1910 1123 1953 esse
1147 1891 1203 1954 has
1227 1887 1270 1956 sl
1294 1893 1353 1956 diei
1378 1893 1477 1970 bores,
1500 1901 1535 1958 ut

178 1987 248 2044 sunt
270 1979 401 2042 totidem
425 1999 498 2042 oves
522 1980 628 2042 eadem
652 1981 760 2042 semita
783 1987 957 2060 pergentes,
989 1998 1114 2060 quarum
1141 1981 1296 2062 unicuique
1321 2001 1407 2044 soum
1429 1990 1532 2064 caput,

177 2087 233 2130 sua
256 2069 372 2144 canda;
397 2089 456 2150 qno
479 2069 572 2149 igitur
595 2069 748 2149 exemplo,
774 2088 833 2149 qua
849 2069 991 2144 ratione,
1017 2087 1074 2149 quo
1093 2069 1159 2148 jure
1183 2070 1240 2131 tibi
1262 2069 1407 2133 uicesima
1430 2072 1535 2152 quinta

178 2157 251 2220 hora
274 2174 333 2222 non
357 2157 442 2238 ipsa,
473 2159 526 2220 sed
560 2164 688 2238 quatuor
718 2157 784 2236 ejus
812 2157 996 2237 quadrantes
1029 2165 1140 2238 augent
1172 2159 1349 2221 nnmerum?
1381 2159 1533 2222 Haeccine

178 2253 231 2308 tua
253 2263 334 2308 nova
356 2255 389 2308 et
421 2245 607 2309 admirabilis
639 2245 757 2326 quidem
781 2254 829 2308 est
861 2245 1065 2320 arithmetica,
1099 2265 1154 2308 sex
1177 2265 1244 2309 cum
1276 2249 1442 2330 quadrante
1464 2267 1534 2312 esse

178 2335 318 2415 septem?
355 2335 467 2398 Viden'
504 2341 539 2396 nt
566 2333 717 2406 somnies,
751 2333 893 2398 Fabrici?
924 2331 1027 2406 Quare
1059 2333 1277 2414 expergiscere
1300 2345 1332 2398 et
1363 2335 1534 2418 hujusmodi

175 2423 409 2502 phantasmata,
442 2424 634 2487 tenebrarum
656 2423 790 2498 soboles,
819 2424 845 2486 si
874 2424 1003 2504 posthac
1031 2424 1223 2496 occurrerint,
1256 2424 1387 2506 vigilans
1424 2425 1533 2489 lumine

176 2513 287 2576 mentis
315 2513 433 2588 lustra;
464 2513 491 2573 si
514 2512 569 2575 tibi
593 2513 681 2574 fidem
709 2513 810 2592 poscis
834 2535 853 2574 a
880 2512 1042 2574 lectoribus
1072 2519 1186 2575 motum
1210 2513 1335 2576 Terrae·
1352 2515 1531 2578 confutanti.

265 2599 354 2672 Quod
377 2609 524 2681 superest,
549 2601 626 2662 banc
649 2602 874 2682 responsionem
893 2620 990 2664 meam
1009 2601 1097 2682 aequi
1120 2599 1248 2682 bonique
1272 2603 1411 2665 consule:
1437 2621 1533 2684 neque

176 2697 206 2752 te
228 2690 394 2770 poeniteat,
418 2689 629 2770 Ephemeridis
652 2690 739 2770 hujus
762 2689 912 2752 vestibulo
936 2690 1036 2764 inseri,
1063 2691 1099 2752 ds
1123 2690 1209 2769 cnjus
1223 2689 1280 2752 fide
1304 2709 1391 2754 nemo
1416 2691 1533 2772 teipso

175 2780 288 2841 rectius
311 2777 424 2860 poterit
449 2779 601 2859 judicare,
632 2778 660 2840 si
682 2778 813 2842 volueris
846 2777 1092 2858 diligentiamque
1124 2779 1271 2840 hactenus
1296 2786 1470 2860 usurpatam
1494 2779 1534 2840 ad

174 2867 396 2930 observandum
420 2867 568 2930 attuleris.
617 2867 683 2929 Hac
706 2867 798 2947 igitur
820 2867 898 2928 inter
920 2866 1034 2946 primos
1059 2867 1173 2942 fruere,
1203 2867 1318 2930 coelum
1343 2875 1374 2930 et
1396 2875 1533 2930 meteora

174 2957 293 3029 confer,
324 2975 455 3031 errores,
485 2955 511 3018 si
535 2975 609 3036 quos
633 2955 743 3037 liquido
772 2955 1021 3036 deprehenderis,
1053 2955 1125 3017 mihi
1153 2955 1261 3035 detege
1289 2974 1394 3037 meque
1419 2962 1451 3018 et
1473 2957 1531 3018 hac

174 3043 338 3126 atquibus
362 3045 430 3108 aliis
462 3045 577 3126 poteris
609 3043 776 3107 rationibus
805 3047 833 3106 in
868 3045 1053 3106 emendando
1077 3043 1261 3106 Tabulamm
1288 3062 1378 3125 opere
1410 3045 1531 3126 publico

172 3134 279 3197 sedulo
304 3134 425 3214 adjuva.
472 3133 562 3198 Vale.
610 3133 708 3195 Lincii
732 3129 798 3196 Gal.
825 3131 935 3195 Octob.
960 3133 1049 3195 Anno
1075 3127 1170 3197 1616.

261 3239 335 3291 Haec
353 3245 412 3291 eunt
437 3253 502 3306 quae
526 3239 650 3303 Kaplerns
678 3253 733 3290 conr
759 3240 845 3289 amicis
871 3239 902 3289 de
922 3237 1013 3302 Optioa
1041 3251 1088 3288 rua
1115 3239 1175 3304 egit.
1213 3236 1331 3302 Superest
1348 3243 1377 3288 ut
1404 3239 1534 3304 epistolam

170 3312 352 3376 mblnngamoe
380 3325 430 3377 qna
457 3311 519 3362 adiit
546 3311 686 3362 illectorem
714 3310 838 3360 Bavariae
868 3309 1142 3368 Maximilianum,
1175 3309 1346 3361 transmittens
1373 3324 1434 3378 opus
1461 3325 1534 3364 snum

169 3382 335 3434 blonacbium
354 3383 475 3434 suadente
493 3381 623 3433 Herwarto
641 3379 732 3445 (comp.
752 3397 777 3445 p.
797 3378 852 3443 82).

456 3489 655 3553 Serenissime
679 3490 823 3568 Princeps
845 3487 974 3550 Domine
999 3482 1252 3550 Clementissime.

314 3577 382 3643 Ser.
406 3577 488 3642 Cels.
512 3579 644 3642 Vestrae
669 3577 793 3640 humilia
816 3597 884 3639 mea
908 3574 1033 3638 servitia
1055 3573 1279 3654 subjectissime
1303 3575 1417 3638 defero.
1464 3619 1469 3630 .

264 3665 508 3731 clementissime
530 3667 669 3730 Domine.
717 3665 873 3729 Excitavit
895 3684 941 3727 me
965 3665 1047 3726 sama
1074 3661 1309 3726 clarissimomm
1333 3670 1365 3725 et
1387 3663 1532 3726 doctissi-

172 3775 288 3820 morum
312 3757 457 3833 viromm,
481 3755 531 3836 qni
554 3757 583 3818 in
608 3755 675 3818 Ser.
701 3751 784 3818 Cels.
809 3755 891 3817 Tuae
915 3751 1078 3815 ditionibus
1102 3753 1304 3832 reperiuntur,
1327 3758 1362 3813 nt
1383 3750 1533 3832 insignem

173 3844 240 3908 Ser.
268 3843 351 3908 Cels.
376 3845 459 3908 Tuae
491 3845 625 3906 favorem
648 3845 678 3906 in
708 3843 860 3916 literatos,
895 3861 953 3922 quo
977 3842 1042 3903 solo
1071 3841 1209 3903 homines
1239 3839 1320 3902 docti
1350 3839 1531 3915 alliciuntur,

174 3935 360 4006 admirarer,
395 3953 489 4014 eaque
520 3935 557 3995 de
590 3951 683 3995 cansa
713 3931 747 3994 S.
777 3930 813 3994 G.
839 3932 935 3993 Tuam
961 3929 1117 4010 praesenti
1148 3928 1335 4002 munusculo,
1367 3926 1560 4007 exemplari

175 4023 292 4086 scilicet
315 4042 374 4085 nno
397 4023 457 4084 mei
480 4021 625 4104 opusculi,
649 4021 727 4101 qnod
751 4021 806 4082 sub
831 4018 865 4082 S.
883 4017 973 4082 Caes.
992 4017 1067 4098 Maj.
1096 4015 1238 4095 auspiciis
1261 4033 1356 4095 nuper
1378 4015 1409 4078 in
1430 4015 1532 4096 publi-

176 4131 240 4175 cnrn
264 4110 347 4184 dedi,
370 4118 492 4174 strenae
517 4111 582 4174 loco
607 4110 646 4172 ad
669 4110 820 4172 instantes
844 4107 998 4171 Calendas
1024 4104 1243 4186 subjectissime
1266 4104 1401 4166 salutare
1426 4102 1532 4166 fuerim
1654 4105 1658 4110 '

176 4221 276 4264 suana
319 4199 416 4280 Spem
434 4199 513 4262 enim
536 4198 659 4277 concepi
683 4215 829 4260 summam
845 4216 882 4258 ex
900 4203 948 4258 tot
966 4194 1205 4258 doctissimorum
1223 4193 1354 4256 viromm
1373 4190 1530 4271 exemplis,

176 4287 207 4354 S.
232 4287 269 4354 G.
295 4289 331 4352 Τ.
357 4289 415 4352 hoc
445 4295 535 4351 tenue
564 4285 732 4349 affectionis
756 4304 841 4348 meae
873 4283 1060 4364 justissimae
1092 4280 1297 4344 testimoninm
1319 4279 1351 4344 in
1378 4279 1532 4343 meliorem

174 4387 290 4460 partem
313 4376 551 4440 clementissime
574 4376 842 4454 interpretatorem
858 4381 890 4434 et
904 4373 971 4435 huic
993 4371 1096 4434 libello
1121 4389 1179 4433 non
1203 4370 1322 4450 quidem
1336 4368 1375 4431 ob
1398 4366 1531 4431 auctoris

173 4468 387 4540 eruditionem,
423 4483 498 4546 qnae
522 4483 596 4526 sans
620 4469 669 4525 est
697 4462 875 4543 perexigua,
901 4462 955 4524 sed
979 4460 1016 4522 ob
1040 4459 1136 4522 multa
1159 4456 1336 4520 admiranda
1357 4456 1416 4519 Dei
1439 4475 1533 4536 opera

170 4557 319 4622 hactenus
345 4553 487 4634 frigidius
509 4571 673 4633 perpensa,
707 4569 829 4633 quorum
861 4551 891 4612 in
922 4569 957 4612 eo
988 4547 1247 4620 commemoratio,
1281 4546 1378 4608 locum
1401 4543 1532 4627 aliquem

167 4647 197 4712 in
219 4642 467 4710 instructissima
488 4661 544 4704 sua
565 4639 752 4703 bibliotheca
775 4639 1008 4719 assignaturam.
1057 4633 1119 4697 Oro
1149 4640 1252 4697 antem
1273 4631 1307 4696 S.
1333 4631 1370 4698 Ο.
1396 4633 1430 4698 Τ.
1455 4632 1530 4698 sub-

162 4733 356 4820 jectissime,
382 4737 419 4794 nt
441 4729 519 4792 banc
542 4728 687 4792 audacem
710 4727 972 4807 compellationem
999 4722 1038 4785 ab
1065 4722 1224 4801 ignotast
1254 4722 1382 4786 obscuro
1413 4721 1531 4786 bomine

163 4823 309 4892 ammenti
334 4817 439 4883 animo
463 4817 618 4898 suscipiat,
643 4815 795 4896 adquam
819 4833 878 4876 non
902 4813 1063 4875 curiositas
1087 4810 1203 4890 aliqua,
1227 4811 1284 4872 sed
1305 4830 1374 4874 mea
1395 4808 1529 4875 conditio
