3684 5518
774 307 856 374 Caput
873 307 905 358 V.
926 307 954 360 8.

190 495 254 548 esto
286 484 404 547 tabella
438 499 534 565 opaca
563 480 641 556 DG,
679 483 823 547 foramine

191 585 295 656 patens
338 573 392 634 EF
434 571 602 652 angustiori
645 589 734 650 quam
775 579 824 632 est

191 665 303 742 globus.
353 660 481 722 Visibile
502 661 556 722 ‚sit
584 659 639 719 HI.
686 659 823 739 Papyrus

187 754 216 814 iu
230 753 268 828 Κ,
286 750 338 812 ubi
357 749 533 811 intersectis
551 756 704 827 postrema
719 745 822 811 radia-

186 840 298 902 tiouum
322 857 361 898 ex
382 839 421 900 Η.
469 834 603 907 Quodsi
626 835 740 896 tabella
762 835 821 895 ab·

185 936 277 1001 esset,
292 945 346 1006 per
361 924 414 990 20.
434 925 633 1005 praemissam
647 922 662 984 I
681 923 820 1006 pingeret

184 1035 218 1078 se
240 1016 349 1079 ultima
367 1033 487 1076 suarum
510 1012 709 1074 radiatiouum
723 1011 818 1073 inter-

184 1101 319 1166 sectione
340 1101 371 1162 iu
394 1102 434 1170 L,
464 1108 495 1162 et
516 1101 547 1161 H
572 1107 713 1180 puuctum
737 1099 767 1159 io
789 1099 820 1159 Κ

183 1199 304 1272 puncto,
321 1191 423 1251 radios
432 1207 504 1250 vero
519 1205 659 1249 concrum
674 1187 818 1248 laterales

184 1281 377 1353 intersectos,
403 1278 531 1340 alterum
555 1278 584 1336 in
608 1275 733 1336 alterius
751 1275 820 1336 loca

183 1367 427 1431 intersectionem
470 1365 661 1445 projicerent.
731 1363 818 1426 Nunc

183 1456 324 1538 opposita
350 1454 465 1516 tabella
495 1472 553 1515 nou
576 1452 643 1532 plus
668 1451 818 1513 radiorum

184 1565 221 1607 ex
249 1545 280 1606 H
312 1543 417 1606 defluit
446 1543 476 1603 in
514 1541 692 1620 sphaeram,
729 1557 818 1619 quam

183 1641 326 1716 quantum
348 1649 402 1710 per
423 1630 477 1691 Er
499 1637 601 1709 potest
624 1637 655 1689 et
678 1636 818 1708 quantum

184 1724 245 1784 lere
274 1722 302 1782 iu
333 1720 363 1780 K
394 1719 518 1781 confluit
550 1719 708 1796 (quantum
741 1715 818 1776 alias

183 1810 273 1872 etiam
288 1807 352 1870 siue
367 1807 485 1886 objectu
496 1806 669 1886 perforatae
684 1803 817 1865 tabellae

181 1899 316 1980 proxime
346 1895 376 1956 K
406 1895 564 1956 terminum
594 1891 816 1954 intersectionis

183 1985 305 2048 ultimae
330 1983 562 2056 accumulatur),
587 1991 620 2043 et
642 1998 734 2042 conus
755 1980 815 2040 iste

182 2073 311 2155 quadam
345 2071 438 2133 veluti
474 2070 630 2151 putatione
664 2068 814 2139 minuitur,

181 2173 215 2225 ut
244 2162 341 2224 nullos
373 2161 554 2221 intersectos
576 2158 607 2220 iu
630 2157 658 2218 L
684 2155 814 2235 jaculari

181 2251 260 2314 ibive
305 2247 509 2310 confusionem
553 2263 660 2327 parere
705 2243 813 2322 possit.

185 2336 327 2400 Vicissim
349 2335 551 2397 radiationum
574 2335 645 2395 sxl
669 2351 761 2394 conus
785 2333 814 2392 in

181 2427 209 2488 L
231 2425 434 2488 terminandus
468 2423 558 2503 plane
587 2427 739 2484 castratus
766 2426 815 2481 est

182 2515 301 2594 objectu
324 2511 380 2574 DE
403 2511 536 2572 tabellae
559 2509 745 2572 nobilissima
767 2507 813 2569 sui

181 2609 276 2681 purte,
301 2617 406 2679 nempe
421 2599 588 2662 radiatione
607 2616 661 2677 per
679 2605 815 2658 centrum

180 2692 210 2752 A
233 2697 265 2751 et
287 2688 454 2751 clarissimo
478 2705 618 2748 mucrone
637 2687 673 2760 L,
698 2692 815 2746 tuntum

183 2779 288 2852 abest,
321 2785 355 2838 ut
384 2775 541 2856 quicquam
571 2773 600 2835 in
628 2774 658 2835 Κ
690 2779 818 2853 spargat
879 2837 885 2846 ,

185 2869 223 2928 ad
254 2864 455 2928 confusionem
488 2863 664 2924 faciendam.
709 2859 817 2922 Relin-

185 2955 285 3036 quitur
308 2961 408 3014 eotem
431 2951 650 3013 radiationibus
668 2949 738 3010 exi
761 2968 818 3011 non

186 3043 323 3124 emplius,
348 3060 435 3121 quarn
459 3041 537 3119 quod
559 3058 613 3121 per
630 3039 684 3100 EF
707 3039 821 3118 ingredi

185 3137 298 3212 potest.
336 3131 414 3192 Illud
439 3148 509 3190 vero
534 3127 673 3210 quicquid
698 3135 745 3188 est
768 3126 928 3206 radiorum,
952 3151 1020 3194 sese
1039 3151 1094 3214 per
1116 3130 1306 3196 latitudinem
1328 3137 1389 3198 MN
1414 3153 1538 3198 succes·

186 3222 251 3284 sive
274 3219 439 3280 intersecat
461 3235 515 3297 per
541 3213 591 3279 19.
616 3215 827 3295 praemissam,
853 3225 884 3280 et
908 3220 972 3298 jam
997 3221 1211 3284 intersectione
1242 3222 1325 3284 lacta
1347 3223 1459 3286 transit
1481 3221 1539 3286 AL

186 3307 349 3389 inciditque
373 3306 403 3368 in
425 3323 571 3388 papyrum
594 3305 625 3366 in
644 3304 674 3365 Κ
696 3304 836 3383 positam,
861 3306 982 3387 propius
1007 3327 1095 3389 quam
1120 3316 1168 3370 est
1187 3309 1223 3384 L,
1248 3321 1279 3371 et
1297 3331 1356 3372 nou
1378 3311 1416 3373 od
1440 3330 1537 3392 punc-

187 3405 258 3469 tum,
282 3396 336 3456 sed
360 3393 498 3474 sparsim,
523 3393 594 3474 quia
616 3393 645 3454 in
664 3393 726 3454 MN
746 3394 810 3472 jam
836 3393 918 3457 lacta
937 3405 986 3458 est
1007 3397 1193 3460 intersectio.
1231 3399 1397 3477 Propterea
1420 3401 1539 3479 pictura

185 3507 205 3546 a
227 3483 373 3545 lateribus
406 3483 536 3544 obseura
569 3490 600 3543 et
631 3481 757 3543 confuse
789 3490 845 3546 est.
892 3481 981 3554 Quod
1010 3486 1037 3547 si
1067 3504 1255 3567 pepyrnma
1287 3487 1382 3550 latere
1415 3489 1537 3568 propius

187 3573 359 3643 admoveas,
381 3571 493 3633 rectius
517 3571 637 3650 quidem
659 3570 820 3650 pingentur
843 3571 951 3647 latera,
975 3592 1126 3655 nunquam
1150 3583 1250 3636 tamen
1274 3577 1442 3657 exquisite:
1467 3575 1538 3655 qnia

132 3688 136 3696 ·
186 3659 415 3724 intersectioues
448 3677 506 3721 uon
539 3666 658 3721 tautum
680 3657 709 3720 io
738 3660 916 3738 protundum
943 3661 1006 3724 MN
1043 3662 1137 3742 (quod
1169 3681 1275 3742 parum
1306 3665 1449 3737 relerret)
1482 3663 1536 3724 sed

187 3750 279 3811 etiam
304 3749 332 3810 in
357 3749 451 3810 latum
474 3755 667 3826 sparguntur.

276 3835 409 3916 Cumque
432 3837 461 3896 in
485 3835 538 3898 Es*
567 3837 611 3912 sit
644 3837 726 3897 lacta
757 3835 933 3898 intersectio
956 3835 999 3898 ΙΕ
1023 3845 1055 3898 et
1077 3837 1119 3898 IF
1142 3855 1207 3898 cum
1230 3837 1308 3904 HK,
1341 3837 1540 3899 terminentur

186 3944 257 3988 vero
281 3925 359 3987 radii
382 3924 518 4004 (objectu
542 3925 648 4004 papyri
673 3926 701 3985 in
725 3923 765 3998 K,
789 3924 817 3984 N
842 3924 908 3985 loco
937 3941 1098 3986 concursus
1127 3925 1293 3998 radiorum)
1317 3925 1347 3986 in
1370 3925 1433 3988 MN
1456 3925 1539 4005 prius

188 4033 276 4094 quam
299 4013 357 4075 AL
380 4021 552 4087 transeant,
584 4031 639 4092 por
665 4009 716 4075 ts.
739 4010 952 4092 praemissam,
985 4030 1056 4093 ergo
1080 4032 1118 4075 ex
1141 4013 1255 4076 dextris
1279 4015 1293 4074 l
1317 4013 1392 4078 fiunt
1415 4013 1539 4076 sinistra

188 4103 262 4176 MN,
284 4121 341 4164 uec
363 4102 427 4163 lieri
450 4108 565 4181 potest,
588 4109 622 4162 ut
645 4119 725 4162 nova
747 4099 881 4161 sectione
905 4101 1013 4162 dextra
1035 4100 1176 4164 evadant.

274 4193 446 4271 Angustam
470 4197 571 4252 autem
603 4189 792 4252 fenestellam
815 4187 869 4250 EN
892 4196 1013 4268 oportet
1035 4208 1118 4258 esse.
1153 4209 1190 4251 ne
1214 4189 1304 4252 latior
1328 4189 1410 4252 lacta
1442 4188 1539 4250 officio

188 4280 244 4342 lroc
266 4298 321 4341 suo
345 4277 486 4340 excidat:
512 4277 679 4357 proximam
703 4277 802 4358 globo,
826 4295 862 4338 ue
887 4277 975 4339 nimis
999 4297 1104 4358 parum
1128 4287 1160 4341 et
1182 4278 1335 4341 confusius
1359 4278 1477 4360 quidem
1501 4276 1538 4338 de

189 4366 409 4447 hemisphaerio
431 4367 510 4429 intro
534 4366 643 4436 radiet.

275 4465 523 4521 Corollarium.
558 4469 687 4535 Apparet
705 4463 769 4518 hinc
790 4481 827 4518 ex
846 4470 929 4534 parte
950 4479 1015 4518 usus
1036 4463 1175 4518 foraminis
1196 4479 1284 4518 ureae
1305 4465 1333 4518 in
1354 4465 1451 4518 oculo:
1473 4461 1538 4518 inm

190 4561 271 4616 quare
293 4548 386 4602 latera
406 4545 514 4600 resinae
534 4545 648 4615 propius
670 4545 782 4598 &mota
802 4543 966 4616 crystallino
987 4559 1068 4614 quem
1088 4544 1198 4599 fundus.

273 4630 491 4714 Propositio
521 4631 642 4695 XXIV.
698 4629 839 4693 Badies
870 4631 971 4692 intra
1002 4631 1156 4692 densius
1192 4629 1347 4692 medium
1385 4647 1538 4692 conver·

191 4733 322 4802 gentes
362 4739 491 4782 versus
529 4721 622 4782 idem
664 4718 816 4798 aliquod
857 4727 1046 4799 puuctum,
1088 4717 1317 4797 superficies
1359 4718 1538 4782 conoides

192 4810 439 4896 hyperbolica
457 4809 608 4872 medium
623 4807 833 4869 terminans
852 4805 1060 4887 colligitad
1074 4823 1177 4868 unum
1191 4805 1340 4887 aliquod
1358 4813 1536 4888 punctum,
