3676 5540
341 248 409 320 638
821 255 1218 323 nasamones-mem

344 427 383 492 de
404 431 517 494 virtute
539 429 625 492 unita
648 429 773 492 foederi.
818 431 907 494 Nunc
928 439 1030 494 antem
1052 434 1111 496 etsi
1139 441 1260 497 movent
1285 431 1405 514 quidem
1428 438 1570 496 mierum
1590 427 1700 492 ειιιι-

343 537 458 591 nerem,
481 537 539 579 uon
564 527 665 580 tamen
689 529 810 582 movent
833 531 866 580 ut
893 523 1016 600 agentia
1044 522 1194 584 naturalia
1223 523 1365 584 virtutem
1388 519 1520 601 aliquam
1543 517 1583 579 ob
1605 533 1700 596 prae-

342 607 473 670 sentiam
494 605 629 685 patibilis
651 607 695 668 rei
719 608 911 678 effundentia,
935 611 988 672 sed
1013 609 1056 672 sic
1079 620 1202 672 movent
1220 620 1368 681 naturam,
1391 620 1426 670 ut
1438 607 1562 688 objecta
1574 613 1702 669 crevent

341 715 459 770 sensns,
484 695 534 758 lux
557 695 675 770 oculos,
701 715 792 758 sonus
817 697 969 771 anditum,
993 698 1075 761 calor
1099 708 1223 762 tactum
1269 699 1373 779 Neque
1393 697 1471 758 euim
1490 697 1596 758 boram
1610 691 1699 774 quic-

341 803 430 864 quam
455 790 540 845 unte
564 791 613 845 est
629 782 777 858 debilius,
802 796 913 866 quanto
934 787 1062 866 plurium
1077 797 1184 849 sensus
1199 785 1297 867 aperti
1320 793 1391 846 eunt
1413 785 1452 846 ad
1476 782 1700 863 excipiendum,

341 873 394 932 sed
428 871 558 933 tributus
591 879 640 934 εει
672 872 718 934 hia
751 875 888 936 omuibus
921 876 1048 936 effluxos
1080 875 1200 958 quidam
1233 873 1380 934 naturalis
1412 881 1447 932 et
1476 871 1703 934 immateriatus

341 959 498 1042 qualitatis
522 960 588 1040 ejus
610 979 700 1042 quam
723 962 888 1042 possident,
913 963 997 1042 cujus
1021 964 1139 1044 species
1162 963 1227 1024 sine
1242 961 1461 1040 defatigatione
1481 980 1556 1022 suae
1570 957 1703 1038 originis

342 1049 413 1110 ierit
439 1067 546 1111 sensus
577 1050 616 1110 ad
640 1049 888 1128 defatigationem
918 1055 1023 1134 iraque.
1068 1053 1127 1114 Hic
1160 1057 1319 1132 exspectat
1347 1048 1546 1130 pbilosopbua
1578 1047 1703 1128 aliquis,

341 1145 375 1199 ut
397 1155 474 1219 quae
497 1137 526 1198 in
551 1138 695 1218 exemplis
719 1139 781 1200 dixi
804 1141 842 1201 de
865 1140 957 1201 variis
980 1159 1078 1202 rerum
1101 1139 1306 1222 qualitatibus,
1331 1157 1368 1200 ea
1389 1137 1419 1198 in
1436 1137 1536 1200 stellis
1549 1135 1703 1214 applicem

341 1226 381 1286 ad
405 1243 508 1287 earum
533 1226 662 1287 lumina:
688 1227 788 1308 itaque
812 1247 888 1308 quae
911 1227 960 1288 bic
982 1246 1028 1289 me
1052 1237 1141 1308 putat
1164 1227 1403 1306 subjuncturum‚
1436 1233 1529 1286 antee
1556 1242 1589 1284 se
1619 1224 1704 1284 dicet

342 1315 436 1386 scire;
460 1313 597 1376 nimirum
622 1315 719 1376 adhuc
742 1316 872 1378 militare
895 1325 1001 1378 contre
1022 1334 1069 1377 me
1093 1315 1238 1379 rationem
1261 1315 1354 1394 Pici,
1374 1333 1440 1376 cum
1471 1313 1608 1376 binorum
1630 1312 1703 1392 pla·

345 1409 485 1464 netarum
508 1402 676 1482 conjunctio
700 1404 792 1466 nihilo
816 1405 933 1466 auctius
957 1405 1071 1466 efficiat
1094 1407 1190 1466 lumen
1216 1414 1420 1482 utrorumque,
1445 1403 1529 1483 quia,
1553 1411 1703 1482 quantum

342 1491 545 1570 possederant
573 1492 717 1570 separati,
746 1503 863 1554 tautum
887 1492 1044 1555 conferunt
1067 1493 1098 1554 iu
1129 1511 1333 1570 congressum,
1387 1491 1454 1569 Ego
1483 1507 1702 1569 veronaque-

344 1578 563 1660 quamtloquor
587 1579 624 1640 de
648 1579 757 1642 lumine
780 1581 810 1642 in
833 1599 995 1660 praesens,
1019 1581 1103 1660 cujus
1127 1590 1175 1642 est
1197 1599 1271 1640 saue
1295 1589 1328 1640 et
1350 1580 1433 1642 calor
1456 1586 1488 1639 et
1510 1577 1638 1638 claritas
1663 1575 1704 1636 ad
1823 1581 1824 1598 ¹

342 1667 462 1728 modum
485 1667 637 1746 corporis,
670 1687 727 1730 non
756 1670 795 1730 ad
824 1667 1074 1750 propinquitatem
1103 1677 1236 1732 mutuam
1260 1669 1404 1742 duorum,
1434 1683 1559 1747 quorum
1581 1663 1705 1746 quidem

342 1755 421 1816 alter
444 1756 534 1817 alteri
556 1774 614 1816 nou
639 1756 681 1816 sit
703 1776 796 1819 causa
819 1759 947 1819 luminis.

430 1843 566 1905 Luminis
589 1863 660 1904 vero
685 1852 716 1906 et
739 1852 906 1908 ceterorum
930 1845 1115 1908 sensibilium
1139 1843 1334 1906 similitudine
1358 1861 1430 1906 usus
1454 1859 1520 1904 snm
1543 1840 1584 1902 ad
1599 1839 1701 1918 expli-

344 1931 496 1994 cationem
525 1932 570 1992 rei
599 1931 755 1994 obscurae.
806 1933 928 1996 Etenim
956 1933 985 1996 in
1021 1933 1230 2013 conjunctione
1263 1932 1386 1994 duorum
1420 1931 1613 2012 planetarum
1644 1945 1702 1990 uon
1823 1991 1824 2014 ἒ

341 2021 407 2101 jam
432 2021 529 2082 lumen
554 2019 609 2082 sed
631 2019 700 2099 ipsa
720 2022 794 2083 haec
809 2022 926 2098 relatio,
951 2023 1016 2102 ipse
1032 2022 1119 2096 situs,
1145 2039 1231 2100 quem
1246 2019 1487 2098 conjunctionem
1501 2016 1702 2098 appellamus,
1823 2021 1824 2098 ζ

343 2108 455 2188 objecti
478 2107 574 2169 vicem
598 2107 686 2188 gerit.
733 2108 831 2180 Quale
854 2109 957 2189 itaque
980 2111 1146 2190 objectum,
1179 2109 1251 2170 talis
1283 2109 1313 2170 in
1346 2116 1455 2170 natura
1477 2105 1636 2172 sublunari
1654 2115 1705 2166 est
1823 2101 1824 2160 l

342 2213 459 2258 sensus.
505 2193 665 2275 Objcctum
689 2217 727 2260 ex
750 2199 928 2261 relationum
951 2199 1050 2260 classe
1073 2209 1136 2273 est,
1165 2197 1267 2276 itaque
1289 2205 1323 2256 st
1344 2205 1484 2258 naturam
1508 2194 1702 2256 sublunarem

344 2284 372 2345 vi
402 2283 584 2364 percipiendi
613 2285 776 2348 relationes
809 2288 885 2350 istas
918 2287 1086 2366 praeditam
1114 2305 1185 2348 esse
1217 2303 1340 2346 necesse
1369 2292 1427 2347 est.
1473 2282 1517 2345 Et
1545 2293 1581 2342 ut
1609 2281 1703 2350 verbu

345 2371 453 2446 dicam,
479 2378 618 2434 naturam
641 2370 832 2436 sublunarem
857 2374 939 2436 brevi
961 2375 1039 2455 pede
1063 2373 1225 2436 metiuntur
1242 2371 1361 2452 quidam
1379 2370 1564 2451 philosophi,
1589 2371 1704 2431 nullum

344 2479 413 2522 esse
438 2479 568 2530 sensnm,
591 2460 703 2523 nollem
728 2459 824 2525 rerum
846 2463 1078 2542 intelligibilium
1098 2461 1322 2543 perceptionem
1345 2460 1557 2523 existimantes
1580 2467 1704 2538 praeter

344 2569 397 2612 eas
425 2567 500 2631 quaa
531 2549 618 2611 bomo
647 2549 784 2628 possidet
811 2551 984 2615 facultates.
1036 2551 1085 2613 Ex
1112 2551 1169 2612 bac
1196 2547 1391 2629 persuasione
1419 2548 1514 2612 oritur
1542 2547 1703 2609 temeritas

340 2637 534 2719 oppugnandi
559 2656 607 2698 res
631 2639 903 2703 manifestissimas.
1109 2649 1112 2657 '

427 2725 486 2788 Dic
509 2725 580 2786 mibi
602 2726 685 2802 Pice,
710 2746 766 2807 quo
791 2747 882 2790 sensu
906 2725 988 2788 canis
1012 2725 1142 2804 vestigia
1165 2723 1277 2786 domini
1294 2722 1440 2804 percipit:
1464 2741 1537 2785 uum
1551 2719 1702 2782 odoratu?

339 2817 385 2879 At
408 2814 508 2878 bercle
532 2813 659 2876 hominis
678 2826 740 2876 tarn
770 2817 936 2896 exquisitus
964 2815 1106 2876 odoratus
1134 2831 1193 2876 non
1223 2820 1282 2874 est.
1328 2811 1454 2890 Aliquid
1482 2810 1578 2889 igitur
1610 2807 1702 2870 discis

340 2903 370 2966 in
394 2899 478 2977 cane,
503 2903 581 2981 quod
606 2922 663 2963 nou
689 2903 839 2966 didiceras
862 2905 892 2966 in
916 2901 1050 2976 homiue;
1075 2921 1129 2964 nec
1148 2899 1330 2962 credidisses
1345 2899 1382 2962 de
1397 2919 1472 2960 caue
1488 2897 1702 2962 referentibus,

340 2991 398 3053 nisi
423 2991 452 3052 iu
476 3009 538 3051 rem
558 3001 752 3070 praesentem
776 2992 897 3072 saepius
921 2990 985 3071 ipse
1008 2989 1154 3051 venisses.
1199 2989 1257 3051 Dic
1282 2989 1436 3068 amplius,
1458 3003 1551 3067 quere
1582 2985 1702 3046 radices

342 3088 376 3141 et
397 3079 480 3142 bulbi
499 3078 657 3141 herbarum
682 3081 798 3142 colores
823 3079 975 3160 excipiunt
998 3079 1125 3150 effusos,
1148 3079 1238 3153 croci,
1259 3077 1383 3140 Brasilii
1405 3076 1495 3154 ligni,-
1511 3081 1647 3146 ceteros,
1670 3083 1705 3133 ut

342 3167 399 3228 hos
422 3167 452 3230 in
476 3167 578 3228 florem
602 3177 711 3246 postea
733 3169 939 3232 transferant?
974 3167 1067 3229 Dices
1090 3185 1226 3240 succum,
1258 3185 1345 3246 qoem
1369 3164 1525 3232 hauriunt.
1556 3161 1703 3223 infectum

346 3273 424 3317 esse.
470 3255 538 3316 Non
562 3255 756 3320 satisfecisti:
782 3258 954 3338 quantulum
978 3263 1034 3329 est,
1060 3255 1137 3335 quod
1156 3254 1416 3336 carpophyllorum
1430 3250 1583 3314 radicibus
1603 3249 1703 3313 adim·

345 3342 447 3404 ditur?
471 3352 615 3421 quantum
638 3355 744 3407 contra
766 3348 871 3408 domm
895 3363 933 3414 err
956 3343 1039 3406 ceule
1063 3343 1272 3423 profunditur?
1296 3342 1345 3403 ubi
1369 3339 1545 3420 proportio?
1589 3335 1701 3410 Quare,

342 3451 409 3493 cum
433 3429 586 3492 diluantur
609 3434 726 3495 colores
748 3435 846 3509 affusi,
870 3432 992 3510 limpido
1015 3431 1138 3494 humore
1162 3431 1252 3506 bulbi,
1278 3449 1368 3492 succo
1391 3438 1587 3504 terraenae
1610 3427 1704 3488 etiam
1823 3483 1824 3486 ,

343 3519 467 3581 diluitur
490 3519 520 3579 in
545 3520 618 3580 flore
641 3522 745 3586 coloni
791 3519 891 3592 Quare
916 3521 975 3582 alio
999 3519 1125 3582 artificio
1149 3536 1273 3598 sparsae
1298 3519 1433 3580 existunt
1456 3517 1486 3580 in
1503 3517 1578 3578 liure
1597 3525 1703 3594 guttae
1823 3525 1824 3594 J

342 3609 511 3682 coloratae,
549 3608 609 3668 alio
642 3619 725 3672 totus
756 3611 813 3671 flos
844 3608 1009 3672 imbuitur?
1053 3609 1243 3688 Imoqnare
1276 3625 1334 3668 uon
1369 3604 1516 3686 digeritur
1549 3605 1704 3665 coloratus
1823 3597 1824 3646 l

342 3716 465 3772 succos,
497 3703 530 3756 ut
560 3705 667 3758 exutus
691 3698 753 3758 suis
776 3696 1012 3778 proprietatibus
1036 3695 1126 3757 cedat
1148 3695 1178 3757 in
1203 3713 1310 3775 corpus
1332 3694 1476 3774 plantae,
1508 3692 1704 3772 quod·vides

341 3785 379 3846 de
402 3784 471 3846 aliis
496 3783 629 3847 alimenti
653 3785 889 3866 proprietatibus
911 3785 997 3846 lieri?
1042 3785 1149 3864 Itaque
1173 3785 1283 3851 fatere,
1315 3781 1545 3868 impressionem
1568 3780 1702 3860 aliquam

341 3872 472 3934 existere
505 3871 534 3932 in
564 3873 733 3952 spiritalem
765 3874 913 3955 quendam
943 3873 1119 3935 facultatem
1149 3871 1365 3934 formatricem:
1399 3887 1489 3952 quam
1518 3869 1571 3930 alii
1601 3869 1704 3930 dicunt
1823 3947 1824 3960 1

338 3961 486 4024 rationem
510 3959 710 4026 seminariam.

431 4045 494 4110 Sed
519 4047 589 4126 quid
612 4068 668 4128 ego
692 4049 812 4112 humilis
836 4049 915 4111 inter
936 4049 1059 4129 plautus
1081 4047 1174 4129 repo?
1220 4048 1443 4124 Praegnantem
1467 4043 1594 4124 adspice
1615 4063 1701 4106 crem

339 4135 449 4198 Jacobi
475 4134 682 4199 Patriarchee.
736 4136 921 4216 Variegatos
950 4135 1005 4198 illa
1035 4137 1159 4198 baculos
1191 4136 1246 4198 sub
1280 4133 1366 4214 aquis
1398 4132 1533 4213 limpidis
1565 4133 1704 4194 contuita

341 4222 471 4302 speciem
495 4223 525 4284 iu
549 4223 663 4286 foetum
693 4225 850 4288 derivavit.
898 4223 1053 4294 Quomodo
1084 4223 1201 4304 speeies
1232 4224 1308 4284 baec
1338 4242 1358 4282 a
1385 4221 1494 4284 baculo
1524 4221 1554 4282 in
1583 4221 1704 4298 oculum

340 4310 471 4382 venerit,
501 4329 559 4370 uon
584 4329 710 4390 quaero;
740 4314 865 4392 vulgare
895 4321 953 4376 est.
1000 4314 1045 4375 At
1072 4313 1218 4392 quomodo
1248 4313 1286 4373 ab
1320 4311 1406 4372 oculo
1439 4309 1468 4371 in
1502 4318 1648 4382 uterum,
1673 4310 1702 4370 io

342 4397 544 4461 formatricem
560 4399 746 4476 facultatem,
771 4401 799 4462 io
815 4401 939 4472 loetum,
964 4401 1119 4480 quomodo,
1145 4401 1275 4481 iuquam,
1301 4399 1339 4460 ab
1363 4399 1421 4460 hoe
1437 4399 1545 4460 baculo
1561 4397 1703 4460 edilium

341 4485 503 4566 angulum?
532 4485 588 4546 lroc
620 4497 691 4568 eget
722 4488 938 4570 explicatione,
967 4498 1052 4568 eget,
1080 4489 1215 4568 iuquam,
1246 4487 1443 4569 impressione
1473 4487 1607 4567 quadam
1635 4487 1705 4566 plus
1823 4541 1824 4544 ,

341 4579 590 4722 qnamddmdddc
616 4663 734 4726 modum
764 4663 829 4724 dico
858 4669 891 4722 ει
917 4661 1035 4723 colores
1064 4664 1253 4744 planetarum
1287 4666 1336 4736 (ut
1366 4663 1466 4726 obiter
1499 4662 1704 4742 respondeam

341 4743 414 4804 Pico
437 4746 476 4806 ad
490 4764 537 4822 ea,
562 4767 636 4829 quae
658 4750 767 4812 alicubi
786 4749 905 4829 objicit)
926 4756 956 4810 et
975 4749 1057 4826 ipsos
1077 4771 1177 4814 eorum
1200 4763 1380 4832 congressus
1395 4761 1427 4814 et
1446 4751 1705 4832 configurationes
1823 4781 1824 4828 r
