3700 5530
330 229 401 316 ΜΟ
855 251 1037 302 Aunotatlones
1056 248 1163 301 Editorls

334 426 496 480 ιιίιιιὶιιιιι
513 423 560 488 ipsi
576 422 678 479 Luna.
703 423 801 488 qualem
820 429 847 476 et
864 425 920 490 ipsa
936 438 953 480 s
970 425 1046 478 Luna
1065 425 1092 477 ir
1115 421 1311 488 protuudbsibus
1335 422 1417 480 nostis
1438 420 1549 480 mebris
1564 424 1618 480 tots
1634 419 1687 476 im

233 517 235 522 ’
335 505 445 560 tenpore
463 495 557 558 recipit

425 567 505 618 Editio
525 564 571 628 Op.
596 564 650 614 (iel.
675 564 820 617 Florentius
842 567 888 618 vol.
908 565 982 623 vru,
1007 581 1031 630 p.
1051 563 1093 616 96.
1121 564 1221 620 exhibet
1239 563 1368 628 epistolam
1385 563 1487 628 Ksplcri
1510 562 1544 617 ad
1561 561 1689 614 luliacum

336 638 448 690 Medicas
466 633 502 699 (d.
522 635 579 688 Oct.
599 632 680 696 ltro)
698 638 724 686 in
742 650 793 701 quc
809 637 875 688 bsuc
892 638 1004 689 dumam
1024 636 1246 695 „Dicemuorid
1266 641 1362 699 partem
1381 636 1417 690 sir
1435 635 1550 698 explicat.
1568 631 1690 688 neruum

294 743 296 748 -
337 717 363 760 et
379 709 463 760 literas
481 720 548 764 suas,
566 721 627 772 quas
646 707 677 758 de
695 707 736 756 illo
755 709 788 760 ad
806 708 946 760 Galilssum
964 708 1077 766 dederat.
1096 714 1213 772 spectans
1232 703 1267 769 (r.
1287 722 1308 756 s.
1327 721 1352 770 p.
1371 702 1455 767 tto:

425 797 496 868 Legi
519 796 641 851 Galilaei
661 797 759 852 literas
774 801 809 852 ad
823 797 1040 852 illustrissimam
1054 795 1276 853 Dominationem
1290 798 1428 859 Vestam,
1450 803 1480 850 et
1493 796 1569 850 illum
1584 793 1690 866 praeci-

335 895 390 950 pue
411 879 509 939 locum,
530 878 579 930 ubi
600 877 755 940 existimat,
782 895 824 932 me
845 879 927 932 nimio
951 877 1119 950 properandi
1141 877 1231 931 studio
1258 876 1424 931 transiliisse
1445 877 1534 930 locum
1554 876 1691 948 insignem

336 961 364 1011 in
384 957 432 1011 illo
453 955 549 1010 hostili
569 957 672 1028 scripto
693 957 845 1012 adversarii
866 959 916 1022 sui,
938 959 985 1012 ubi
1008 959 1035 1011 in
1055 957 1192 1028 palpabili
1214 957 1391 1028 perversione
1412 957 1488 1026 scopi
1510 955 1564 1010 mei
1583 955 1691 1026 praeci·

337 1054 421 1108 puum
442 1037 648 1092 fundamentum
670 1053 749 1092 suum
769 1037 864 1108 ponit:
894 1037 972 1108 quasi
994 1055 1049 1108 ego
1074 1052 1205 1092 erroneas
1231 1037 1404 1102 omaslones,
1427 1037 1525 1111 quibus
1547 1036 1691 1090 Galilaeae

336 1118 373 1172 sit
393 1119 534 1186 deceptus,
555 1133 624 1188 pag.
646 1115 685 1171 34
705 1117 908 1172 dissertationis
928 1134 1007 1172 meae
1027 1121 1059 1186 (ι.
1073 1139 1092 1174 ι.
1113 1140 1136 1188 p.
1157 1121 1219 1186 506)
1237 1117 1387 1180 clarissime
1408 1117 1584 1178 detexissent,

424 1215 468 1267 Ad
488 1214 560 1266 haec
579 1215 751 1284 respondeo:
774 1214 841 1267 Cum
862 1216 897 1267 ad
919 1214 1076 1268 Galilaeum
1097 1215 1253 1279 scriberem,
1274 1215 1405 1285 ignarus,
1427 1230 1463 1267 ιιι
1485 1215 1533 1267 ille
1553 1213 1692 1283 publicam

337 1295 428 1348 recem
458 1294 546 1346 vellet
575 1293 722 1364 epistolam
751 1309 853 1357 meam,
884 1295 977 1348 nullus
1008 1294 1146 1358 dubitari,
1178 1295 1243 1365 quin
1271 1294 1400 1348 Galilaea
1428 1293 1480 1362 ipsi
1508 1293 1578 1348 citra
1603 1310 1693 1348 meam

338 1371 545 1428 instructionem
565 1373 647 1426 facile
671 1374 837 1444 apparitura
850 1383 926 1428 esset
946 1373 1059 1428 sinistra
1080 1373 1207 1446 acceptiq
1219 1374 1272 1428 mei
1292 1379 1406 1435 textus:
1429 1374 1529 1428 ceteris
1549 1391 1616 1428 rero
1637 1391 1694 1427 uon

336 1455 471 1525 putabam
491 1469 534 1505 me
555 1451 683 1516 scribere,
706 1460 735 1507 et
756 1453 778 1506 si
800 1455 884 1507 etiam
905 1455 1034 1507 ederetur
1055 1455 1183 1524 epistola,
1206 1471 1259 1508 non
1281 1453 1437 1506 defuturum
1458 1453 1511 1507 sibi
1525 1453 1692 1516 Galilaeum,

338 1533 386 1587 sed
407 1541 476 1588 nota
496 1532 639 1597 luculente
653 1533 802 1588 lectoribus
817 1534 898 1586 facile
914 1536 1085 1590 detecturum
1099 1534 1223 1589 fraudem
1238 1550 1287 1588 seu
1302 1531 1471 1590 commissam
1491 1551 1542 1590 seu
1556 1533 1693 1596 amissam,

338 1630 425 1683 eoque
447 1612 532 1666 deleri
563 1619 650 1666 totam
676 1611 754 1668 illam
783 1613 887 1668 fraudis
917 1613 1101 1668 detectionem
1121 1633 1159 1669 ex
1179 1613 1316 1683 epistolae
1343 1629 1422 1668 meae
1448 1620 1599 1684 conceptor
1629 1630 1694 1666 cou-

338 1700 432 1749 tentus
452 1691 530 1748 illam
552 1692 724 1762 absorpsisse
751 1692 843 1748 verbis
864 1693 957 1750 hisce:
988 1695 1033 1756 „in
1053 1693 1162 1764 reliqua
1181 1693 1288 1756 ridec,“
1312 1700 1342 1748 et
1368 1699 1469 1764 postea
1494 1693 1694 1766 paragrapho:

342 1772 468 1836 „luserit
487 1779 581 1826 tamen
601 1771 675 1826 ista
694 1773 947 1844 sycophantia¹⁴
971 1771 1028 1838 dc,
1049 1773 1133 1828 item:
1158 1774 1214 1839 ,Ec
1233 1773 1398 1842 imperabit“
1422 1773 1470 1828 ιιι.

428 1869 482 1924 Sed
496 1869 562 1940 quia
580 1869 687 1923 mavult
701 1869 845 1926 Galilaeae
859 1872 926 1926 meis
942 1887 1023 1942 quam
1037 1870 1094 1925 suis
1115 1871 1206 1926 verbis
1219 1876 1319 1941 patere
1332 1872 1431 1926 lectori
1451 1885 1560 1926 sensum
1573 1885 1696 1928 meorum

342 1951 487 2003 verborum
508 1965 575 2020 pag.
590 1947 630 2002 34
649 1949 860 2014 dissertationis,
884 1967 938 2022 age
953 1968 990 2006 ex
1003 1967 1065 2004 meo
1086 1959 1219 2022 concepto
1241 1951 1397 2004 exscribam
1417 1952 1535 2006 delecta.
1565 1949 1612 2004 Sic
1624 1951 1697 2004 enim

340 2036 403 2084 erat
423 2029 554 2100 scriptum
574 2027 670 2082 initio:
697 2029 819 2092 „Exstat
839 2029 960 2100 epistola
980 2046 1050 2095 mea,
1072 2030 1123 2086 illa
1143 2029 1301 2102 loquatur.“
1345 2031 1407 2100 lpse
1432 2030 1557 2087 transilit
1577 2029 1698 2104 triginta

341 2121 397 2167 tres
418 2109 538 2180 paginas
560 2117 590 2162 et
609 2108 638 2162 in
658 2109 757 2166 ultima
776 2109 876 2180 arripit
901 2111 993 2165 nescio
1015 2110 1091 2180 quid,
1121 2128 1174 2182 quo
1200 2109 1385 2171 infelicissime
1411 2111 1555 2166 intellecto
1580 2109 1696 2180 stupidi-

342 2195 430 2244 tatem
449 2189 542 2258 prodit
561 2188 676 2258 ingenii.
716 2189 869 2244 Existimat
893 2207 935 2246 sne
957 2190 1024 2246 disci
1050 2191 1165 2260 planum
1190 2191 1242 2246 boc
1268 2191 1374 2256 dicere,
1403 2193 1476 2262 quod
1496 2190 1569 2248 aues
1593 2191 1698 2246 lentem

340 2270 436 2321 dicunt
456 2267 623 2321 exteriorem
643 2270 728 2321 etad
748 2268 847 2323 stellas
869 2285 1036 2324 conversam.
1078 2271 1162 2334 Toto,
1189 2279 1221 2323 ut
1240 2270 1325 2333 sides,
1347 2272 1424 2324 coelo
1450 2279 1535 2325 errat
1575 2271 1639 2340 ago
1661 2285 1697 2324 cx

343 2348 420 2402 novis
440 2347 563 2417 planetis
591 2346 680 2400 discos
707 2348 842 2413 feceram,
863 2367 919 2404 non
940 2367 977 2404 ex
1001 2350 1098 2411 ritrirr
1125 2351 1234 2403 illorum
1261 2349 1375 2418 planum
1397 2349 1463 2418 (nou
1483 2349 1548 2404 vitri
1567 2341 1696 2420 planum)

343 2429 377 2481 ad
399 2427 495 2481 Jovem
516 2443 675 2480 conversum
689 2443 751 2481 esse
773 2428 905 2483 dixeram.
934 2429 980 2484 Sic
1003 2436 1149 2500 „supraet
1163 2430 1236 2484 inte
1255 2429 1381 2484 irradiari
1402 2429 1695 2501 perpendiculariter“.

238 2579 242 2586 ι
342 2506 479 2578 intelligit
499 2507 547 2560 ille
568 2507 711 2562 surdaster
731 2509 765 2561 de
786 2509 870 2574 vitro,
893 2511 964 2579 quod
979 2511 1047 2563 duas
1068 2509 1156 2564 habet
1176 2509 1341 2580 superficies,
1365 2510 1533 2582 superiorem
1554 2518 1584 2564 et
1604 2509 1697 2564 inieri-

343 2604 435 2650 orem;
457 2603 517 2640 cum
530 2605 583 2659 ego
598 2589 631 2640 de
651 2587 774 2656 planctis
795 2589 935 2643 irradiatis
950 2590 1056 2660 loquar,
1078 2592 1187 2660 quando
1202 2603 1288 2659 supra
1301 2591 1398 2644 Jovens
1418 2595 1531 2644 sumunt
1545 2597 1575 2643 et
1589 2591 1697 2660 quaudo

343 2668 424 2724 infra.
452 2667 490 2724 Et
511 2669 581 2741 quod
602 2667 727 2734 irradiat,
748 2667 922 2724 intellectum
943 2677 987 2724 est
1000 2669 1110 2743 Jupiter
1131 2669 1266 2724 irradians
1288 2670 1396 2736 vitrum,
1419 2687 1479 2724 cum
1492 2669 1519 2722 in
1534 2686 1595 2732 meo
1616 2685 1697 2723 sensu

342 2747 391 2804 Sol
412 2747 497 2802 fuerit
517 2744 653 2805 irradians
673 2748 812 2817 planetas.
841 2748 887 2804 Sic
900 2749 1022 2804 diversos
1043 2751 1159 2816 colores,
1181 2750 1304 2804 diversas
1322 2749 1464 2820 planities,
1486 2751 1579 2805 omnia
1591 2749 1699 2819 accepit

341 2830 375 2882 de
395 2828 476 2892 vitro,
498 2843 553 2898 ego
574 2829 607 2884 de
628 2827 751 2898 planctis
772 2827 819 2882 be.

430 2909 514 2970 Haec
530 2925 566 2962 ex
596 2907 684 2962 veteri
714 2915 847 2978 concepto
868 2909 896 2962 in
921 2908 1042 2980 gratiam
1063 2909 1199 2973 Galilaci,
1230 2908 1277 2980 qui
1302 2925 1339 2962 ca
1361 2909 1461 2964 maluit
1489 2909 1603 2963 edisseri
1632 2909 1698 2962 meis

344 3003 426 3058 quam
447 2987 504 3040 suis
525 2987 626 3042 verbis.
667 2987 721 3042 Per
742 3005 772 3041 se
794 2987 865 3042 enim
894 2988 1010 3060 indigna
1036 2996 1114 3054 sunt,
1146 3005 1218 3061 quae
1247 2989 1412 3044 referantur.
1453 2987 1607 3059 Repudiavi
1629 2989 1700 3042 enim

344 3068 371 3121 in
391 3067 559 3122 Narratione
589 3083 652 3122 mea
680 3065 723 3121 his
753 3068 881 3122 nundinis
911 3084 1018 3123 excusa
1043 3075 1101 3124 tam
1131 3069 1204 3124 hanc
1233 3085 1338 3134 meam,
1370 3083 1452 3142 quam
1480 3068 1558 3123 illam
1580 3068 1699 3122 Galilaei

344 3145 578 3216 speculationem:
600 3155 630 3201 et
649 3148 704 3202 huc
724 3146 834 3212 inclino,
856 3155 889 3202 ut
910 3150 1026 3213 medam,
1049 3165 1109 3202 cum
1129 3149 1275 3205 Medicaea
1295 3156 1361 3204 sunt
1380 3147 1505 3220 proxime
1525 3149 1623 3204 dorem
1643 3155 1700 3202 tam

344 3226 485 3280 evidentia
504 3226 574 3290 risu,
596 3244 705 3299 semper
725 3245 788 3281 esse
814 3245 900 3298 supra
918 3229 1033 3290 Jorem;
1059 3243 1206 3283 curavero
1233 3236 1299 3283 sunt
1325 3227 1515 3298 inconspicua,
1542 3235 1609 3282 tunc
1629 3227 1702 3282 infra

344 3323 424 3368 esse;
446 3307 518 3376 quod
539 3306 562 3359 si
582 3323 676 3360 renim
700 3315 791 3371 esset,
817 3315 980 3381 sequeretur
1000 3309 1096 3362 Jorem
1121 3308 1210 3378 ipsum
1236 3325 1311 3376 esse,
1340 3309 1386 3380 qui
1407 3308 1458 3362 illa
1478 3309 1563 3362 etiam
1583 3309 1703 3379 globosa

344 3385 498 3440 existentia
518 3385 661 3450 illuminet,
683 3392 712 3440 et
732 3387 825 3458 potius
847 3387 984 3442 illuminet
998 3391 1030 3442 de
1051 3389 1213 3460 propinquo,
1237 3405 1319 3459 quam
1333 3387 1381 3444 Sol
1401 3389 1435 3442 de
1455 3388 1617 3460 longinquo.
1648 3388 1701 3442 Sed

346 3465 538 3534 exspectanda
558 3471 622 3520 suut
641 3467 725 3536 plura
746 3467 947 3537 experimenta.
987 3529 996 3545 .

431 3545 511 3600 Haec
531 3548 567 3600 ad
587 3546 858 3602 communicationem
877 3548 1021 3607 literarum
1043 3548 1164 3605 Galilaei
1190 3548 1296 3618 scripta
1326 3547 1519 3605 lllustrissisua
1544 3547 1702 3602 Domiustio

344 3627 448 3683 Vestra
467 3625 534 3681 boni
552 3627 688 3690 consuat,
711 3626 755 3680 cui
775 3644 818 3684 ιιι
838 3630 1003 3686 commendo.

435 3718 479 3784 ll)
498 3737 522 3786 p.
543 3717 603 3770 tus.
641 3721 787 3773 Galilaeus:
815 3721 920 3788 Fulgor,
949 3725 989 3788 qui
1008 3723 1034 3772 ln
1053 3723 1164 3788 deliquiis
1183 3728 1301 3786 apparet,
1328 3723 1354 3771 in
1373 3722 1447 3772 Luna
1463 3721 1538 3786 longe
1560 3721 1640 3770 mincr
1657 3727 1702 3778 cst,

345 3793 459 3843 subrutus
479 3807 509 3842 sc
527 3794 600 3857 qussi
628 3807 731 3850 ιιιιιιι,
759 3792 799 3842 bic
827 3807 884 3844 vero
913 3791 1003 3857 (partis
1022 3793 1110 3844 Lunae
1137 3789 1295 3852 tenebrosae)
1323 3793 1413 3843 clarior
1437 3800 1463 3842 et
1488 3792 1623 3842 emnium.
1659 3791 1703 3840 Est

345 3865 445 3928 insuper
463 3864 504 3914 llle
516 3863 641 3914 mutabilis
655 3878 685 3915 sc
696 3863 751 3914 loco
762 3864 867 3920 mobilis,
886 3871 993 3929 vagatur
1005 3878 1030 3913 ι.
1043 3880 1088 3929 per
1100 3865 1189 3919 Lunae
1206 3864 1339 3914 melem...
1353 3878 1383 3915 ex
1396 3879 1443 3928 quo
1456 3865 1522 3918 omui
1535 3862 1619 3927 procul
1631 3862 1702 3913 dubio

346 3935 373 3986 id
392 3935 506 3986 accidere
532 3933 696 4001 intelligimus
715 3949 745 3984 ex
762 3934 886 3986 radiorum
910 3933 1033 3988 Solarium
1059 3937 1201 3991 vicinitate.
1230 3937 1386 4001 tangentium
1412 3936 1557 3985 crassiorem
1580 3933 1703 3998 quandam

344 4007 480 4072 regionem,
500 4019 564 4070 quaa
576 4005 675 4058 Lunam
694 4005 863 4056 orbiculariter
881 4006 965 4068 ambit,
986 4023 1016 4058 ex
1029 4021 1077 4072 quo
1090 4011 1209 4058 contactu
1228 4018 1318 4056 aurora
1336 4007 1459 4071 quaedam
1470 4006 1498 4055 in
1511 4006 1606 4056 sicinus
1617 4004 1703 4054 Lunae

345 4076 434 4143 plagas
453 4076 595 4134 effunditur.
624 4092 675 4128 non
693 4091 765 4128 secus
784 4090 815 4128 ac
833 4079 858 4126 in
878 4077 960 4128 Terris
978 4085 1031 4128 tum
1049 4093 1139 4136 manc,
1167 4083 1220 4128 tum
1239 4079 1335 4141 vesperi
1358 4077 1556 4141 crepusculinum
1583 4077 1705 4142 spargitur

345 4149 448 4205 lumsus
474 4148 573 4213 quade
591 4162 618 4197 re
636 4149 759 4198 fflsiusin
784 4149 845 4200 libro
865 4148 896 4198 de
914 4147 1106 4212 systemate
1133 4148 1244 4198 mundi
1273 4149 1479 4212 pertractabimus
1498 4145 1544 4198 ac.
1582 4147 1628 4198 His
1647 4162 1703 4197 eon-

346 4218 423 4270 clndit
441 4218 569 4270 Galilseus
586 4217 653 4270 hanc
671 4218 761 4270 Nuntii
780 4226 878 4283 partem
906 4219 937 4270 de
956 4220 1046 4271 Luna:
1073 4220 1115 4278 „Is
1133 4221 1197 4270 inter
1216 4218 1277 4268 duos
1295 4219 1371 4270 boscc
1394 4219 1478 4284 globos
1496 4224 1610 4270 senatur
1626 4225 1703 4274 tenor.

346 4291 479 4355 atquibus
503 4290 653 4353 temporibus
678 4291 784 4340 maxime
803 4305 820 4340 a
837 4290 913 4342 Luna
936 4290 1074 4343 illustratur
1091 4290 1190 4349 Tellus,
1216 4290 1303 4340 iisdem
1329 4291 1410 4340 miuus
1432 4291 1487 4340 rice
1505 4303 1578 4341 versa
1596 4304 1614 4342 a
1630 4289 1705 4340 'lens

346 4361 496 4413 illuminetur
514 4361 596 4417 Luna.
616 4367 642 4411 et
660 4375 674 4409 ι
694 4353 788 4410 contri.

436 4432 518 4495 Atque
536 4431 602 4481 baec
619 4445 702 4495 pauca
720 4432 751 4482 de
769 4431 817 4482 bac
835 4445 862 4484 ro
880 4433 905 4482 iu
924 4434 1049 4496 praesenti
1067 4433 1122 4484 loco
1147 4432 1216 4482 dlcts
1241 4430 1379 4488 sufficient,
1398 4431 1475 4482 fusius
1494 4430 1561 4481 enim
1578 4432 1605 4481 in
1623 4437 1705 4481 nocuo

346 4499 537 4565 Syrtemate
552 4501 671 4564 Mundi,
691 4503 733 4552 ubi
745 4503 908 4566 compluribus
922 4503 1095 4554 stratonibus
1108 4509 1135 4553 st
1147 4503 1320 4566 experimentis
1339 4501 1491 4552 validissima
1504 4501 1597 4551 Solaria
1608 4501 1706 4552 luminis

347 4588 362 4626 ι
380 4572 459 4624 Terra
476 4573 575 4623 reflexio
595 4573 733 4624 ostendum
750 4573 807 4628 illis,
825 4574 866 4638 qul
885 4586 941 4624 eam
960 4574 1123 4626 ascellarum
1142 4573 1234 4626 ιιιιιι
1256 4573 1391 4628 arcendam
1410 4585 1465 4622 cass
1480 4573 1609 4634 jactitant,
1630 4587 1661 4622 er
1679 4588 1706 4623 sc

347 4645 515 4708 potissimum,
543 4644 645 4708 quoda
669 4651 738 4696 motu
766 4649 792 4695 et
810 4643 936 4694 alumine
959 4645 992 4695 sit
1018 4657 1107 4700 vacus.
1145 4645 1246 4710 Vagam
1263 4658 1289 4692 n.
1317 4643 1385 4698 utam
1402 4656 1435 4696 ac
1453 4643 1551 4694 Lunam
1578 4643 1707 4708 splendore

348 4721 520 4778 superantem,
544 4729 595 4764 nou
614 4721 699 4769 ιιιιιι
722 4714 830 4768 sordium
852 4714 1081 4778 mundanarumque
1105 4717 1207 4770 tracum
1225 4715 1351 4768 ιιιιὶιιιι
1370 4727 1425 4766 asra
1442 4713 1669 4766 demonstrabimus
1684 4723 1710 4766 et
1820 4705 1821 4710 '

348 4785 501 4838 ustmffibcs
519 4797 616 4850 quoque
633 4785 769 4838 ratontbus
787 4787 911 4840 ιιιιιιιιιι
930 4784 1137 4842 confirmabimus.
