3674 5538
689 253 790 303 thsraa
808 248 910 314 Keplorl
929 247 1079 314 titanumque
1096 255 1197 300 ιιιιιιιιιο

724 427 753 486 in
785 424 958 497 altitudine,
993 429 1027 483 ut
1055 423 1081 483 si
1111 423 1157 484 HI
1190 423 1231 484 sit
1258 419 1318 494 20,
1357 421 1400 485 IK
1433 429 1535 486 tamen
1569 443 1627 486 nou

724 523 828 592 posset
869 531 935 572 esse
977 511 1093 589 longior
1128 529 1215 592 qnam
1259 507 1318 572 187
1353 511 1503 576 milliaria.
1555 513 1626 575 Jnm

726 619 795 660 rere
815 600 894 662 aeris
910 599 1038 661 altitudo
1058 600 1146 677 paulo
1165 599 1232 678 plus
1253 599 1374 662 dimidio
1393 599 1514 664 milliari
1533 602 1628 666 habet

591 722 611 728 -
684 708 790 767 geum
814 697 862 750 est
886 688 1027 752 inanima.
1061 687 1227 768 Equidem,
1251 694 1285 750 nt
1307 688 1413 752 umbra
1435 689 1539 754 Lunae
1562 697 1626 754 tarn

724 777 892 858 propinqua
926 776 1030 838 veniat
1068 776 1297 856 claritatemque
1335 777 1494 855 extinguat
1533 785 1624 856 aeris,

725 885 850 928 necesse
875 873 923 926 est
945 864 1069 944 eclipsin
1093 883 1169 944 pene
1193 865 1319 926 totalem
1342 866 1433 927 cerui.

815 953 939 1028 Scribis,
964 953 1081 1014 Lunam
1102 953 1131 1014 in
1152 952 1255 1032 eclipsi
1271 951 1352 1015 Solis
1373 954 1515 1016 distincte
1533 952 1623 1026 cerui,

726 1061 791 1104 cnm
825 1051 873 1103 est
904 1041 1036 1103 latitudo
1067 1040 1208 1103 borealis.
1256 1040 1313 1102 Hic
1337 1041 1361 1102 si
1389 1043 1425 1103 de
1454 1051 1518 1102 toto
1543 1041 1625 1101 disco

727 1129 853 1210 intelligi
873 1131 928 1200 ris,
952 1129 1038 1211 cupio
1058 1129 1264 1208 experimenta
1278 1131 1326 1191 vel
1350 1131 1547 1192 auctoritates
1571 1129 1625 1190 aba

272 1231 302 1282 te
327 1217 462 1280 indicari·
503 1212 557 1276 Sin
580 1225 691 1286 aulem,
715 1238 791 1299 quae
813 1229 976 1299 sequuntur
998 1218 1181 1297 (,qu0mod0
1205 1217 1285 1280 orbis
1309 1221 1414 1282 Lunae
1438 1227 1500 1280 tum
1525 1217 1624 1279 orbem

271 1309 351 1370 Solis
383 1305 528 1378 subeat“)
562 1305 598 1366 iis
633 1303 734 1383 priora
766 1307 915 1388 explicare
948 1305 1089 1381 voluisti,
1123 1307 1243 1368 videtur
1266 1307 1338 1368 mihi
1371 1325 1527 1370 commune
1557 1323 1624 1367 esse

271 1397 407 1459 omuibus
431 1392 592 1474 eclipsibus
617 1411 791 1475 quacunque
816 1395 985 1457 latitudine.

361 1485 438 1545 Puto
462 1482 563 1562 itaque
586 1499 675 1542 unum
701 1483 785 1546 nobis
809 1484 955 1556 sulficere,
980 1490 1014 1544 nt
1036 1481 1164 1562 insignis
1188 1482 1279 1545 luerit
1302 1482 1382 1546 aeris
1404 1481 1532 1564 puritas.
1578 1481 1626 1544 Ea

275 1573 389 1634 dnobus
413 1571 581 1632 nominibus
606 1569 732 1650 adjuvit,
758 1573 884 1654 primum
908 1573 1001 1633 Terra
1025 1569 1230 1634 vehementius
1255 1571 1312 1633 fnit
1335 1570 1439 1634 aSole
1463 1570 1625 1644 illustrata,
1746 1637 1753 1648 ‚

275 1661 414 1742 quamsi
444 1659 586 1721 nebuloso
620 1666 689 1722 aire
719 1661 827 1723 fnisset
856 1661 982 1732 restita,
1020 1659 1125 1720 lortius
1154 1660 1255 1740 itaque
1289 1659 1422 1723 vicissim
1450 1669 1481 1721 et
1509 1659 1624 1722 Lunam

278 1749 452 1812 illustrarit.
491 1749 607 1809 Deinde
631 1755 684 1810 adr
707 1751 803 1811 minus
827 1749 1000 1811 occaecavit
1024 1755 1221 1826 spectatores,
1247 1749 1273 1810 si
1298 1750 1395 1810 minus
1413 1767 1534 1810 crassus
1558 1749 1624 1824 init,

275 1839 372 1900 minus
397 1838 546 1898 radiorum
575 1837 727 1899 combibit.
774 1839 820 1898 De
844 1837 993 1918 speculari
1021 1835 1236 1920 aequabilitate
1267 1839 1358 1899 maris
1389 1835 1517 1911 Oceani,
1549 1855 1625 1916 quae

274 1945 328 2007 per
353 1927 498 2005 insignem
522 1927 642 2006 palmae
666 1927 770 2000 fuerit,
791 1927 855 2006 jam
879 1945 955 2006 pene
979 1925 1060 1986 cedo.
1107 1924 1185 1988 Nam
1210 1925 1235 1986 si
1266 1945 1349 1989 mare
1380 1927 1532 2007 speculum
1557 1925 1622 2000 fuit,

273 2016 426 2096 speculum
458 2015 616 2078 rotundum
647 2014 717 2089 fuit,
749 2015 825 2094 quod
862 2014 1009 2094 dispergit
1036 2013 1137 2074 radios
1165 2011 1246 2076 Solis
1275 2033 1487 2094 repercussos:
1521 2015 1623 2094 itaque

276 2103 454 2166 imbecillius
483 2103 599 2164 Lunam
627 2103 754 2182 pingunt
780 2110 811 2165 et
841 2103 1002 2165 illustrant.
1050 2101 1111 2162 Sed
1142 2119 1252 2182 operae
1282 2105 1409 2183 pretinm
1437 2111 1486 2164 est
1513 2103 1623 2177 videre,

227 2259 228 2262 ,
276 2191 344 2272 quis
367 2193 450 2254 locus
473 2192 584 2252 Terrae
610 2191 708 2266 fuerit,
732 2192 810 2253 unde
833 2192 982 2272 repercuti
1007 2190 1146 2252 debuere.

361 2280 412 2343 Ad
442 2280 498 2341 hoc
527 2297 600 2358 opus
638 2288 684 2342 est
719 2279 887 2359 cognitione
928 2279 1071 2341 novilunii
1107 2279 1179 2342 veri.
1226 2277 1349 2341 Stadiua
1378 2279 1505 2342 Lovanii
1537 2279 1623 2358 ponit

273 2371 304 2433 h.
329 2367 382 2432 22.
408 2363 471 2444 29‘,
497 2368 575 2448 quod
606 2376 689 2430 esset
711 2368 897 2430 Lissabouae
923 2369 951 2430 h.
977 2365 1029 2431 20.
1054 2363 1119 2432 let
1166 2367 1228 2430 Sed
1251 2367 1400 2449 Tychonis
1428 2367 1526 2430 verior
1554 2369 1620 2429 cal-

275 2460 360 2521 culus
384 2457 470 2519 addit
493 2457 583 2518 horas
608 2457 726 2519 circiter
749 2457 841 2533 duas,
866 2466 900 2519 ut
924 2457 1015 2519 t'uerit
1035 2455 1224 2519 Lissabonae
1247 2456 1278 2518 h.
1303 2475 1329 2518 c.
1355 2454 1407 2520 23.
1454 2455 1554 2517 Locus
1579 2453 1620 2533 Θ

274 2543 354 2625 12¹1,
381 2553 411 2620 l<
434 2567 475 2619 o.‚
506 2545 622 2607 Decliu.
652 2541 692 2606 7⁰
718 2546 787 2608 circ.
817 2545 970 2608 australis.
1019 2545 1107 2608 Luna
1134 2563 1205 2606 vero
1228 2545 1342 2606 babens
1371 2545 1560 2608 latitudinem
1583 2539 1622 2605 2⁰

271 2635 443 2699 declinabat
472 2633 542 2697 circ.
572 2629 620 2720 5⁰.
674 2635 780 2715 ltaque
810 2633 864 2697 Sol
895 2635 1049 2696 verticalis
1079 2634 1137 2696 fnit
1165 2634 1241 2709 illis,
1271 2633 1377 2714 quibus
1404 2641 1471 2696 erat
1499 2633 1554 2696 lat.
1584 2629 1623 2696 7⁰

270 2733 364 2788 anstr.
390 2724 429 2786 ab
453 2732 626 2804 aequatore,
651 2723 739 2786 Luna
761 2723 831 2796 illie,
855 2725 961 2804 quibus
985 2717 1024 2784 5⁰
1046 2729 1151 2792 austu..
1176 2723 1226 2802 qui
1253 2722 1288 2784 lb
1311 2722 1359 2784 vel
1385 2719 1442 2785 15⁰
1466 2721 1623 2784 distabant

270 2815 308 2876 ab
336 2812 457 2892 Hispali
486 2831 592 2875 versus
622 2811 776 2876 orientem.
829 2813 929 2874 Locus
959 2811 1048 2890 igitur
1082 2829 1275 2891 repercussus
1306 2811 1380 2886 luit,
1412 2809 1462 2872 ubi
1492 2809 1623 2874 latitudo

270 2898 310 2966 6⁰
331 2909 408 2966 aust.
455 2902 535 2963 Nam
558 2900 613 2962 sub
633 2901 686 2962 lat.
707 2897 746 2962 7⁰
767 2901 870 2963 radius
893 2919 1095 2980 repercussus.
1121 2899 1191 2980 qnia
1214 2899 1479 2980 perpendicularis,
1504 2900 1622 2962 relere-

269 2991 358 3052 batur
380 2990 460 3052 ultra
483 2990 599 3052 Lunam
624 2989 652 3050 in
676 2989 920 3070 septentrionem.
963 2987 1039 3058 Quis
1063 2997 1111 3050 est
1134 2989 1227 3061 locus,
1251 2989 1336 3069 cujus
1361 2989 1441 3051 latit.
1467 2983 1506 3050 6⁰
1528 2997 1619 3062 aust,

270 3078 464 3158 longitudinis
487 3077 657 3139 differentia
675 3078 713 3140 ab
728 3077 848 3158 Hispali
866 3078 896 3140 iu
915 3083 1011 3140 ortum
1038 3074 1117 3139 15⁰?
1141 3076 1271 3139 Terraue
1292 3097 1330 3138 au
1355 3077 1461 3139 mare?
1485 3077 1617 3157 Mappae

268 3167 402 3228 indicant
426 3165 521 3228 einum
544 3165 626 3227 illurn
649 3165 799 3247 ingentem
823 3165 927 3228 occani
951 3165 1156 3236 occidentalis,
1181 3166 1210 3228 in
1235 3185 1292 3246 quo
1312 3165 1344 3228 S.
1361 3165 1494 3228 Thomas
1518 3165 1618 3226 insula

270 3255 393 3336 ejusque
413 3273 489 3334 pene
513 3253 717 3318 meditullium.
765 3252 792 3315 Ο
816 3274 879 3316 rem
903 3253 1077 3316 ridiculam!
1102 3275 1139 3316 an
1163 3273 1221 3316 non
1245 3254 1302 3317 hoc
1325 3264 1373 3317 est
1396 3254 1501 3316 literas
1536 3251 1619 3316 disco

270 3345 373 3406 Lunae
397 3343 583 3405 inscribere?
623 3343 702 3406 Nam
726 3345 751 3406 si
775 3362 812 3406 ea
834 3343 909 3405 hora
931 3343 1018 3406 uarie
1047 3343 1148 3423 aliqua
1180 3343 1287 3406 fuisset
1310 3343 1361 3404 illo
1386 3343 1452 3406 loco
1482 3349 1615 3416 versata,

270 3433 336 3510 ejus
369 3432 474 3494 umbra
505 3432 572 3493 visa
603 3440 687 3494 esset
713 3435 743 3495 in
773 3433 870 3494 Luna.
917 3431 982 3493 Aut
1014 3433 1176 3494 secundum
1209 3439 1341 3494 veterum
1375 3431 1557 3493 senteutiam
1582 3430 1619 3491 de

269 3523 374 3582 Lunae
411 3520 535 3582 maculis
572 3519 841 3583 accommodatius:
867 3520 891 3581 si
930 3520 1028 3582 insula
1056 3520 1097 3582 ibi
1134 3520 1242 3582 fnisset
1271 3517 1291 3582 2
1322 3521 1370 3582 vel
1399 3517 1419 3582 3
1448 3519 1619 3580 milliarium

270 3609 425 3684 diametro,
449 3628 486 3671 ea
505 3607 651 3672 maculam
670 3609 699 3672 in
715 3610 802 3672 Luna
821 3608 1036 3688 praestitisset,
1061 3608 1138 3689 qnod
1154 3608 1230 3670 hanc
1251 3609 1370 3688 quidem
1384 3607 1619 3672 illustrationem

271 3699 392 3762 attinet.

357 3785 427 3850 Jam
456 3786 631 3848 electionem
658 3785 713 3846 tibi
743 3786 780 3845 do
814 3786 974 3847 admittere
1007 3785 1084 3847 velis
1116 3785 1194 3847 hanc
1221 3803 1343 3847 cansam
1372 3787 1410 3846 de
1443 3801 1618 3864 repercussu

270 3876 418 3958 speculari
442 3873 522 3937 Solis
555 3873 706 3936 radiorum
729 3873 759 3933 in
783 3873 916 3949 Lunam,
951 3892 1016 3934 cum
1047 3873 1152 3936 videas
1185 3881 1289 3954 partes
1321 3873 1403 3953 globi
1427 3874 1538 3935 Terras
1560 3890 1616 3933 nou

270 3981 445 4044 repugnare,
470 3970 502 4024 et
525 3963 612 4024 detur
635 3961 713 4042 quod
737 3963 867 4039 postulo,
890 3980 997 4041 nempe
1011 3965 1131 4041 γαληιηε
1156 3981 1194 4024 an
1213 3963 1302 4025 malis
1325 3963 1460 4042 rejicere,
1484 3979 1519 4022 eo
1539 3959 1618 4043 qnod

270 4053 380 4133 exigna
401 4051 500 4134 portio
524 4051 635 4112 Terrae
659 4068 717 4112 nou
740 4050 833 4130 major
857 4048 877 4112 8
901 4049 1078 4112 milliaribus
1107 4058 1202 4112 totam
1232 4051 1311 4114 banc
1334 4051 1439 4112 Lunae
1468 4047 1617 4112 illumiua-

270 4141 382 4204 tiouem
405 4140 584 4212 sustineret;
610 4145 641 4199 et
664 4137 799 4214 credere,
823 4137 998 4220 potissimas
1021 4147 1124 4218 partes
1155 4139 1382 4200 illuminationis
1408 4137 1499 4200 luisse
1523 4135 1617 4198 totins

271 4229 358 4291 faciei
383 4227 522 4303 Telluris,
546 4235 577 4288 et
600 4225 638 4286 ab
663 4225 729 4304 ejus
752 4225 817 4289 luce
841 4225 1068 4289 communicata.

360 4315 456 4389 Vale,
486 4333 590 4394 meque
622 4314 861 4376 commendatum
891 4313 980 4377 habe.
1004 4349 1047 4361 --
1084 4313 1139 4377 27.
1164 4317 1238 4398 Apr.
1272 4310 1365 4377 1605.
1413 4314 1491 4376 Nob.
1516 4313 1618 4392 Magn.

271 4403 353 4465 Tuae
903 4400 1151 4464 officiosissimus
1646 4397 1653 4406 ⁴

1250 4489 1379 4552 Jonane
1400 4488 1530 4572 Kepler,

1269 4576 1513 4640 Mathematicus.

362 4695 401 4746 Da
421 4697 518 4761 Scripto
545 4697 586 4748 lllo
617 4698 775 4758 ,umreudtl
796 4696 908 4760 (Antonii
921 4699 1050 4749 Laurentii
1063 4700 1094 4749 de
1107 4699 1194 4750 Monte
1206 4697 1347 4762 Pulciauo),
1364 4700 1429 4765 qnod
1446 4701 1517 4750 lultlo
1535 4699 1622 4751 harum

271 4765 397 4818 literarum
414 4765 536 4829 Keplsrua
559 4767 634 4824 dicit.
658 4767 765 4831 pluribus
788 4769 871 4833 agitur
887 4771 912 4819 in
932 4769 992 4818 libro
1010 4767 1113 4833 Keplarl
1132 4771 1164 4820 de
1182 4770 1255 4821 atella
1278 4784 1350 4822 nora.
1382 4769 1483 4820 Literna
1500 4770 1623 4822 limaret
