3700 5530
782 277 864 346 emus
880 277 923 333 m
950 276 974 330 a.
1491 281 1556 353 327

201 452 396 518 dimetiuntur
417 471 483 516 eam
507 453 685 518 distantiam
709 475 727 516 a
750 448 877 531 vertice,
903 475 978 538 qnae
1003 455 1089 520 oculo
1114 453 1143 516 in
1168 457 1323 535 superlicio
1348 458 1458 522 Terrae
1482 479 1556 522 oon-

201 543 307 606 stitutu
342 563 375 605 se
402 543 543 606 insinuat.
589 543 797 606 Differentiam
830 545 984 626 utriusque
1018 543 1122 626 anguli
1153 544 1257 608 dieunt
1286 545 1412 626 speciali
1440 548 1558 612 nomine

202 631 419 712 parallaxin
453 651 507 694 seu
540 632 863 696 commutationem
897 634 1021 710 visos3
1054 643 1087 696 ut
1120 631 1164 694 ita
1195 635 1362 713 parallaais
1394 637 1561 718 inquiratur
1643 687 1647 696 .

203 719 320 802 quidem
343 721 382 784 ob
405 721 621 784 addiscendam
643 721 734 784 situm
757 722 865 784 sideris
888 722 918 784 iu
942 724 1088 788 diametro
1112 723 1231 800 mundi,
1263 724 1331 803 ipsa
1354 744 1425 788 vero
1448 745 1503 807 per
1525 747 1558 794 se

206 809 260 874 sub
291 828 403 891 genere
436 809 613 891 angulorum
643 811 820 875 visoriorum
847 813 897 874 vel
926 813 1003 876 situs
1034 833 1127 876 eausa
1160 812 1328 893 superficiei
1360 815 1559 896 eomprehen-

202 899 301 964 datur.
875 955 880 962 .

292 987 406 1068 Centro
429 989 460 1052 A
483 989 634 1052 scribatur
666 988 795 1052 eiroulus
826 1009 954 1070 maguus
977 992 1006 1053 in
1031 992 1187 1074 superficie
1307 1025 1361 1093 ppt·
1382 1023 1443 1078 102.

201 1079 313 1142 Terrae
345 1077 400 1142 BG
433 1087 465 1142 et
501 1078 579 1142 alius
610 1078 641 1140 in
679 1079 834 1159 superficie
869 1081 1000 1143 extimae
1038 1083 1186 1162 sphaerae
1443 1103 1445 1107 ·

200 1168 325 1230 fixarum
347 1167 440 1244 DEF,
465 1166 586 1248 sintque
605 1168 647 1242 A,
670 1167 707 1241 B,
731 1169 760 1230 D
784 1170 814 1232 in
843 1170 949 1232 eadem
976 1179 1077 1246 reeta,
1109 1190 1185 1254 quae

199 1276 254 1338 per
277 1257 420 1320 verticem
436 1256 494 1320 loci
517 1264 674 1331 trauseat3
698 1257 796 1338 sitque
817 1260 882 1322 loeo
906 1259 1082 1322 intermedio
1102 1261 1185 1324 eidus

201 1347 231 1408 in
252 1343 283 1410 G
306 1355 395 1410 extra
416 1345 527 1410 lineam
545 1346 605 1407 AD
629 1344 814 1412 verticalem.
847 1347 895 1410 Ex
913 1349 945 1410 A
967 1349 1058 1428 igitur
1081 1359 1184 1413 eentro

202 1444 234 1498 et
254 1435 282 1497 B
306 1437 372 1499 loeo
396 1435 564 1515 superficiei
591 1436 702 1498 Terrae
731 1435 891 1515 ejiciantur
919 1447 1021 1500 rectae
1045 1439 1074 1500 iu
1100 1437 1185 1502 Get

202 1525 411 1590 continuentur
429 1525 459 1586 in
477 1523 515 1598 Ε,
534 1525 568 1588 F.
614 1524 751 1606 Denique
771 1537 874 1591 centro
893 1528 932 1603 A,
958 1527 1105 1592 distantia
1121 1526 1184 1591 AG
1211 1535 1212 1538 ’

200 1615 349 1680 scribatur
374 1612 433 1676 GH
458 1633 545 1676 araus
565 1613 595 1675 in
619 1615 690 1678 orbe
714 1617 831 1681 sideris.
879 1616 1056 1680 Astronomi
1080 1617 1186 1697 igitur²

198 1716 233 1768 nt
255 1705 326 1781 dixi,
352 1703 504 1785 inquirunt
527 1703 622 1783 primo
645 1706 786 1785 angulum
810 1703 903 1768 DAG
925 1706 974 1768 rel
998 1725 1099 1768 areum
1116 1705 1183 1780 DE,

198 1795 279 1858 illins
300 1794 402 1874 auguli
421 1812 603 1864 mensuram,
623 1792 678 1855 hoo
700 1801 749 1856 est
768 1814 869 1858 areum
888 1795 1053 1857 distantiae
1074 1795 1200 1872 sideris

199 1883 356 1948 avertice
379 1881 460 1944 exA
485 1889 588 1944 centro
613 1883 802 1962 apparentis,
827 1885 876 1964 qui
900 1894 949 1947 est
967 1882 1033 1956 DE,
1058 1903 1112 1966 per
1135 1903 1180 1959 ea,

200 1993 277 2056 quae
300 1971 386 2034 initio
411 1972 498 2052 hujus
521 1971 631 2051 eapitis
655 1973 841 2035 dictasunt.
887 1974 1005 2036 Deinde
1030 1973 1183 2056 inquirunt

201 2062 343 2142 angulum
365 2060 449 2124 DBF
476 2061 524 2122 vel
556 2079 657 2124 meum
685 2060 754 2134 DF,
783 2061 863 2124 illiue
887 2063 988 2143 anguli
1012 2081 1183 2126 mensuram

202 2155 285 2230 (oum
306 2150 333 2213 B
357 2148 572 2213 insensibiliter
596 2149 676 2212 absit
700 2150 738 2212 ab
761 2150 792 2214 A
815 2160 932 2227 centro,
958 2153 1182 2233 comparatione

202 2243 287 2306 faeta
308 2239 367 2302 BA
391 2239 432 2302 ad
458 2239 546 2316 BD),
576 2239 634 2303 hoo
662 2248 711 2302 est
742 2259 844 2304 areum
874 2241 1038 2305 distantiae
1068 2240 1177 2304 sideris
1201 2261 1220 2304 a
1243 2244 1355 2306 vertice
1384 2265 1422 2308 ex
1444 2247 1471 2308 B
1496 2249 1561 2313 loeo

202 2328 370 2410 superficiei
394 2331 581 2409 apparentis.
629 2328 723 2412 Cujus
746 2331 791 2392 rei
815 2349 909 2396 eausa
931 2332 1007 2394 haee
1031 2338 1093 2401 est,
1128 2331 1198 2411 quia
1221 2332 1321 2407 sidus,
1354 2335 1380 2395 si
1404 2335 1435 2398 iu
1464 2337 1563 2417 ipsam

202 2419 262 2484 DA
283 2418 461 2482 vertitatem
483 2420 594 2484 lineam
621 2420 783 2496 incideret,
807 2429 842 2484 nt
865 2421 891 2483 si
915 2420 945 2484 in
975 2427 1087 2501 puncto
1110 2419 1140 2480 Η
1163 2430 1260 2497 esset,
1285 2421 1341 2484 sub
1364 2425 1478 2488 vertioe
1502 2427 1561 2490 looi

201 2509 241 2579 D,
264 2508 354 2590 plane
378 2509 452 2572 nihil
476 2517 677 2572 commutaret
697 2511 795 2573 loouru
819 2510 925 2574 visum.
972 2510 1054 2573 Nam
1078 2508 1103 2569 si
1125 2509 1156 2570 Η
1179 2509 1277 2586 sidus,
1301 2511 1328 2572 Β
1353 2511 1451 2587 visus,
1475 2524 1507 2578 et
1530 2517 1562 2578 A

202 2607 338 2660 eentrum
361 2597 473 2660 Terrae
497 2606 599 2662 essent
622 2599 653 2660 iu
676 2599 783 2660 eadem
811 2608 916 2660 recta:
947 2599 1124 2662 continuata
1146 2598 1202 2658 ΒΗ
1226 2605 1259 2659 et
1282 2597 1342 2662 ΑΗ
1363 2600 1393 2662 iu
1417 2621 1507 2664 unum
1531 2604 1561 2666 D

202 2695 346 2767 punctum
367 2685 531 2762 inuideret,
555 2694 586 2749 et
610 2693 659 2750 est
681 2687 743 2750 ΑΗ
765 2687 845 2750 linea
874 2687 987 2750 visoria
1009 2706 1047 2749 ex
1071 2693 1189 2762 centro,
1213 2686 1270 2748 BH
1291 2705 1363 2749 vero
1387 2688 1500 2752 visoria
1523 2710 1562 2754 ex

203 2776 369 2854 superficie.
415 2775 523 2858 Itaque
546 2795 584 2840 ex
607 2784 732 2856 utroque
755 2776 838 2838 visua
863 2775 929 2838 loeo
952 2776 1033 2839 idem
1056 2773 1111 2836 sub
1135 2774 1202 2836 lixis
1227 2775 1309 2838 loeus
1325 2777 1354 2837 D
1378 2777 1560 2857 signaretur.

203 2863 291 2928 Buno
322 2865 426 2946 itaque
462 2865 620 2928 terminum
657 2865 824 2928 astronomi
857 2864 973 2946 eligunt
1010 2882 1148 2938 arcuum,
1184 2863 1213 2925 in
1245 2863 1352 2944 quibus
1387 2867 1561 2946 parallaxes

204 2961 408 3028 numerantur,
432 2952 502 3034 quia
525 2954 563 3016 ab
581 2954 639 3018 hoo
662 2954 810 3018 communi
833 2953 962 3016 termino
984 2953 1112 3033 primum
1135 2951 1282 3031 incipiunt
1300 2953 1430 3018 existere
1453 2956 1560 3035 paral·

204 3042 290 3105 laxes
314 3041 343 3104 iu
367 3062 470 3104 omnes
493 3043 613 3123 plagas.
660 3043 704 3105 Ut
726 3043 881 3124 quiajam
904 3042 988 3104 sidua
1012 3042 1041 3104 in
1067 3038 1099 3104 G
1120 3041 1280 3122 apparebit
1303 3061 1341 3104 ex
1355 3043 1437 3106 Ain
1460 3044 1497 3120 Ε,
1522 3065 1562 3109 ex

202 3130 285 3193 Bin
307 3131 343 3205 F,
368 3140 402 3193 ut
423 3131 480 3194 DE
503 3133 551 3194 vel
575 3130 662 3194 ΒΑΕ
686 3131 728 3194 sit
751 3132 847 3194 minor
874 3151 963 3213 quam
987 3131 1043 3194 DF
1066 3131 1115 3192 vel
1137 3129 1233 3200 DAF,
1257 3130 1351 3193 velF
1374 3132 1458 3196 loeas
1482 3133 1560 3195 exB

204 3218 361 3299 superlioie
394 3220 477 3284 visus
509 3221 667 3300 elongetur
689 3241 709 3282 a
735 3220 763 3282 D
795 3221 909 3283 vertice
941 3222 1010 3300 plus
1042 3237 1133 3301 quem
1158 3218 1187 3280 Ε
1215 3217 1300 3282 loeus
1330 3239 1368 3282 ex
1394 3222 1425 3284 A
1455 3229 1560 3286 centro

204 3307 350 3382 visibilis,
382 3327 469 3391 quem
500 3308 577 3372 alias
607 3327 727 3373 verum
759 3309 878 3372 locum
909 3309 1023 3372 dieunt.
1069 3309 1135 3372 Est,
1159 3307 1238 3371 enim
1265 3308 1385 3372 axioma
1416 3311 1558 3391 optieum,

205 3397 284 3478 quod
314 3417 390 3478 quae
422 3399 587 3462 remotiora
618 3407 704 3474 sunt,
737 3399 854 3461 minora
886 3406 1070 3478 appareant:
1106 3397 1164 3458 hoe
1203 3403 1252 3459 eet
1292 3397 1398 3461 minori
1435 3400 1560 3463 visionis

206 3484 315 3565 angulo
339 3496 510 3552 cernantur.
544 3484 609 3550 'Sit
631 3485 692 3550 HG
716 3505 804 3550 arcus
832 3487 996 3550 distantiae
1025 3485 1133 3548 sideris
1156 3506 1176 3547 a
1197 3485 1311 3549 vertioe
1334 3488 1364 3548 in
1388 3506 1442 3550 suo
1465 3488 1560 3568 ipsius

205 3573 288 3650 orbe,
313 3575 362 3655 qui
385 3595 450 3640 oum
474 3577 596 3656 propior
614 3577 656 3640 sit
680 3575 799 3657 apudB
823 3595 912 3657 quarn
932 3576 1056 3656 apndA
1079 3574 1271 3650 sensibiliter,
1296 3583 1459 3656 propterea
1482 3577 1562 3658 quod

204 3663 263 3726 AB
288 3664 512 3728 semidiameter
535 3666 678 3728 statuitur
702 3683 771 3727 esse
795 3664 947 3728 sensibilis
971 3664 1009 3728 ad
1036 3661 1099 3727 AG
1123 3663 1301 3726 distantiam
1329 3664 1456 3740 sideris,
1490 3682 1562 3744 ergo

205 3750 299 3814 HAG
321 3755 449 3833 angulus
472 3754 569 3818 minor
592 3755 650 3818 erit
673 3753 857 3817 sensibiliter
880 3751 1104 3836 anguluHBG.
1143 3749 1244 3822 Quare
1263 3760 1295 3813 et
1316 3752 1398 3830 illius¹
1421 3770 1563 3816 mensura

205 3841 262 3904 Du
291 3842 474 3907 sensibiliter
506 3843 565 3906 erit
599 3844 696 3906 minor
735 3861 824 3923 quam
858 3841 914 3905 DF
945 3860 1086 3904 mensura
1115 3839 1213 3918 hujus.
1258 3837 1303 3902 Et
1333 3841 1438 3902 harum
1469 3841 1563 3920 igitur

207 3929 425 3995 differentia
447 3932 500 3994 EF
524 3932 632 3996 dieitur
656 3933 694 3996 ab
727 3930 908 3994 astronomis
939 3927 1146 4013 parallaxis
1175 3926 1282 4006 hujus
1314 3928 1453 3991 sideris
1475 3928 1506 3990 in
1532 3925 1562 3990 G

205 4019 307 4098 positi.
1426 4071 1428 4076 .

297 4109 356 4172 Est
379 4115 479 4172 autem
503 4108 557 4172 Er
580 4126 721 4173 mensura
744 4107 846 4188 auguli
867 4106 953 4170 EGF
975 4107 1024 4169 vel
1046 4103 1153 4177 BGA,
1184 4110 1347 4184 propterea
1378 4106 1457 4186 quud
1488 4124 1562 4185 pro·

207 4198 306 4278 portio
329 4197 388 4260 BA
411 4198 450 4259 ad
473 4197 531 4260 AB
555 4206 604 4262 est
626 4197 829 4270 insensibilis,
854 4196 989 4276 ejusdem
1012 4213 1083 4258 vero
1107 4194 1165 4256 BA
1187 4191 1341 4274 proportio
1365 4194 1404 4256 ad
1428 4192 1491 4256 AG
1514 4202 1564 4256 est

207 4287 360 4350 sensibilis
384 4306 422 4349 ex
445 4286 610 4368 supposito,
635 4304 706 4365 ergo
726 4293 758 4349 et
775 4285 929 4365 proportio
949 4283 1010 4348 GA
1024 4284 1064 4346 ad
1077 4281 1135 4344 ΑΕ
1150 4289 1199 4344 est
1220 4281 1414 4358 insensibilis,
1437 4283 1563 4364 proinde

209 4376 337 4456 angulus
368 4376 407 4438 ad
432 4374 462 4439 G
485 4375 659 4455 aequivalet
686 4375 725 4436 ad
753 4392 873 4438 sensum
897 4374 1020 4454 angulo,
1052 4371 1100 4453 qui
1124 4389 1215 4451 super
1237 4367 1291 4432 EF
1314 4369 1354 4432 ad
1377 4379 1511 4434 centrum
1533 4373 1564 4432 A

209 4465 352 4528 constitui
376 4473 487 4545 potest.
527 4465 619 4542 ¹Idem
642 4462 735 4525 etlam
758 4462 803 4524 sie
824 4469 927 4542 patet:
957 4481 1025 4526 oum
1051 4461 1107 4524 DF
1130 4460 1172 4522 sit
1194 4478 1334 4521 mensura
1357 4460 1459 4540 anguli
1482 4459 1565 4522 DBB

210 4554 249 4614 ad
273 4573 413 4630 sensum,
438 4553 494 4614 sed
516 4551 605 4616 DBG
628 4551 756 4631 angulus
779 4551 915 4632 aequalis
940 4551 981 4614 sit
1004 4549 1122 4631 angulis
1145 4545 1245 4621 EAG,
1270 4545 1360 4610 AGB
1383 4547 1509 4611 internis
1533 4557 1565 4610 et

210 4641 506 4797 rvllrvru
528 4633 1565 4806 stulturol.t.trr.lu.ttl’.rltlrsr‘lr

213 4825 261 4882 est
282 4839 423 4892 measure
445 4818 558 4890 residui
580 4817 669 4896 AGB
693 4817 743 4880 vel
765 4817 793 4882 ei
816 4816 951 4900 aequalis
972 4813 1059 4878 EGF
1081 4812 1121 4876 ad
1144 4829 1275 4875 sensum.
