<?xml version="1.0" encoding="UTF-8"?>
<!DOCTYPE html PUBLIC "-//W3C//DTD XHTML 1.0 Transitional//EN"
    "http://www.w3.org/TR/xhtml1/DTD/xhtml1-transitional.dtd">
<html xmlns="http://www.w3.org/1999/xhtml" xml:lang="en" lang="en">
 <head>
  <title>
</title>
<meta http-equiv="Content-Type" content="text/html;charset=utf-8" />
  <meta name='ocr-system' content='tesseract 3.04.00' />
  <meta name='ocr-capabilities' content='ocr_page ocr_carea ocr_par ocr_line ocrx_word'/>
</head>
<body>
  <div class='ocr_page' id='page_1' title='image "./joanniskepleria02unkngoog/joanniskepleria02unkngoog_0339.png"; bbox 0 0 3718 5528; ppageno 0'>
   <div class='ocr_carea' id='block_1_1' title="bbox 272 254 1153 324">
    <p class='ocr_par' dir='ltr' id='par_1_1' title="bbox 272 254 1153 324">
     <span class='ocr_line' id='line_1_1' title="bbox 272 254 1153 324; baseline -0.017 -2"><span class='ocrx_word' id='word_1_1' title='bbox 272 265 278 278; x_wconf 89' lang='lat'><em>&#39;</em></span> <span class='ocrx_word' id='word_1_2' title='bbox 294 254 360 322; x_wconf 79' lang='grc'><strong>312</strong></span> <span class='ocrx_word' id='word_1_3' title='bbox 541 313 546 321; x_wconf 91' lang='grc'>,</span> <span class='ocrx_word' id='word_1_4' title='bbox 784 259 956 310; x_wconf 71' lang='lat' dir='ltr'><strong>Armonomias</strong></span> <span class='ocrx_word' id='word_1_5' title='bbox 974 257 1036 310; x_wconf 81' lang='lat' dir='ltr'><strong>Part</strong></span> <span class='ocrx_word' id='word_1_6' title='bbox 1055 258 1153 324; x_wconf 82' lang='lat' dir='ltr'><strong>Optiea.</strong></span> 
     </span>
    </p>
   </div>
   <div class='ocr_carea' id='block_1_2' title="bbox 271 433 1655 1395">
    <p class='ocr_par' dir='ltr' id='par_1_2' title="bbox 296 433 1651 605">
     <span class='ocr_line' id='line_1_2' title="bbox 296 433 1651 517; baseline -0.001 -18"><span class='ocrx_word' id='word_1_7' title='bbox 296 437 488 517; x_wconf 88' lang='lat' dir='ltr'><strong>opusculum,</strong></span> <span class='ocrx_word' id='word_1_8' title='bbox 523 435 600 515; x_wconf 90' lang='lat' dir='ltr'><strong>quod</strong></span> <span class='ocrx_word' id='word_1_9' title='bbox 624 435 661 496; x_wconf 91' lang='lat' dir='ltr'><strong>de</strong></span> <span class='ocrx_word' id='word_1_10' title='bbox 686 433 754 496; x_wconf 87' lang='lat' dir='ltr'><strong>anni</strong></span> <span class='ocrx_word' id='word_1_11' title='bbox 777 435 981 517; x_wconf 80' lang='lat' dir='ltr'>magnitudine</span> <span class='ocrx_word' id='word_1_12' title='bbox 1005 437 1135 500; x_wconf 91' lang='lat' dir='ltr'><strong>meditor</strong></span> <span class='ocrx_word' id='word_1_13' title='bbox 1157 436 1224 499; x_wconf 89' lang='lat' dir='ltr'><strong>Deo</strong></span> <span class='ocrx_word' id='word_1_14' title='bbox 1247 436 1342 498; x_wconf 88' lang='lat' dir='ltr'><strong>vitam</strong></span> <span class='ocrx_word' id='word_1_15' title='bbox 1371 441 1404 499; x_wconf 89' lang='lat' dir='ltr'><strong>et</strong></span> <span class='ocrx_word' id='word_1_16' title='bbox 1432 435 1513 498; x_wconf 88' lang='lat' dir='ltr'><strong>vires</strong></span> <span class='ocrx_word' id='word_1_17' title='bbox 1537 453 1651 516; x_wconf 82' lang='lat' dir='ltr'><strong>suppe-</strong></span> 
     </span>
     <span class='ocr_line' id='line_1_3' title="bbox 297 521 798 605; baseline -0.01 -17"><span class='ocrx_word' id='word_1_18' title='bbox 297 527 424 600; x_wconf 87' lang='lat' dir='ltr'><strong>ditante,</strong></span> <span class='ocrx_word' id='word_1_19' title='bbox 449 527 538 605; x_wconf 88' lang='lat' dir='ltr'><strong>plaue</strong></span> <span class='ocrx_word' id='word_1_20' title='bbox 561 525 743 586; x_wconf 87' lang='lat' dir='ltr'><strong>necessaria.</strong></span> <span class='ocrx_word' id='word_1_21' title='bbox 756 521 798 598; x_wconf 65' lang='grc' dir='ltr'><strong>Ἠ1)</strong></span> 
     </span>
    </p>

    <p class='ocr_par' dir='ltr' id='par_1_3' title="bbox 271 613 1655 1395">
     <span class='ocr_line' id='line_1_4' title="bbox 385 613 1654 696; baseline 0.001 -20"><span class='ocrx_word' id='word_1_22' title='bbox 385 614 549 696; x_wconf 92' lang='lat' dir='ltr'><strong>Dionysius</strong></span> <span class='ocrx_word' id='word_1_23' title='bbox 572 613 823 676; x_wconf 82' lang='lat' dir='ltr'><strong>Halicarnasseus</strong></span> <span class='ocrx_word' id='word_1_24' title='bbox 847 613 899 676; x_wconf 89' lang='lat' dir='ltr'><strong>lib.</strong></span> <span class='ocrx_word' id='word_1_25' title='bbox 915 615 955 676; x_wconf 94' lang='grc' dir='ltr'><strong>Ι1.</strong></span> <span class='ocrx_word' id='word_1_26' title='bbox 980 626 1075 689; x_wconf 82' lang='lat' dir='ltr'><strong>Aiunt,</strong></span> <span class='ocrx_word' id='word_1_27' title='bbox 1101 615 1206 695; x_wconf 83' lang='lat' dir='ltr'><strong>inquit,</strong></span> <span class='ocrx_word' id='word_1_28' title='bbox 1236 627 1264 680; x_wconf 88' lang='lat' dir='ltr'><strong>iu</strong></span> <span class='ocrx_word' id='word_1_29' title='bbox 1284 625 1543 696; x_wconf 75' lang='lat' dir='ltr'><strong>conseptunomuli</strong></span> <span class='ocrx_word' id='word_1_30' title='bbox 1563 629 1654 678; x_wconf 87' lang='lat' dir='ltr'><strong>totum</strong></span> 
     </span>
     <span class='ocr_line' id='line_1_5' title="bbox 296 704 1653 776; baseline -0.003 -15"><span class='ocrx_word' id='word_1_31' title='bbox 296 707 387 762; x_wconf 86' lang='lat' dir='ltr'><strong>Solem</strong></span> <span class='ocrx_word' id='word_1_32' title='bbox 407 705 539 759; x_wconf 81' lang='lat' dir='ltr'><strong>defecisse</strong></span> <span class='ocrx_word' id='word_1_33' title='bbox 561 709 591 758; x_wconf 87' lang='lat' dir='ltr'><strong>et</strong></span> <span class='ocrx_word' id='word_1_34' title='bbox 609 706 739 758; x_wconf 86' lang='lat' dir='ltr'><strong>tenebras</strong></span> <span class='ocrx_word' id='word_1_35' title='bbox 763 704 930 759; x_wconf 85' lang='lat' dir='ltr'><strong>omnimodas</strong></span> <span class='ocrx_word' id='word_1_36' title='bbox 961 707 1047 776; x_wconf 86' lang='lat' dir='ltr'><strong>plane</strong></span> <span class='ocrx_word' id='word_1_37' title='bbox 1067 714 1099 761; x_wconf 84' lang='lat' dir='ltr'><strong>ut</strong></span> <span class='ocrx_word' id='word_1_38' title='bbox 1129 712 1212 760; x_wconf 89' lang='lat' dir='ltr'><strong>noctu</strong></span> <span class='ocrx_word' id='word_1_39' title='bbox 1240 707 1340 761; x_wconf 87' lang='lat' dir='ltr'><strong>Terras</strong></span> <span class='ocrx_word' id='word_1_40' title='bbox 1361 706 1498 768; x_wconf 55' lang='lat' dir='ltr'><strong>tenuisse</strong></span> <span class='ocrx_word' id='word_1_41' title='bbox 1526 705 1653 774; x_wconf 75' lang='lat' dir='ltr'><strong>idemque</strong></span> 
     </span>
     <span class='ocr_line' id='line_1_6' title="bbox 298 781 1653 864; baseline -0.005 -14"><span class='ocrx_word' id='word_1_42' title='bbox 298 803 326 850; x_wconf 88' lang='lat' dir='ltr'><strong>at</strong></span> <span class='ocrx_word' id='word_1_43' title='bbox 346 795 374 848; x_wconf 87' lang='lat' dir='ltr'><strong>in</strong></span> <span class='ocrx_word' id='word_1_44' title='bbox 395 796 508 848; x_wconf 78' lang='lat' dir='ltr'><strong>decessu</strong></span> <span class='ocrx_word' id='word_1_45' title='bbox 529 793 652 862; x_wconf 84' lang='lat' dir='ltr'><strong>ejusdem</strong></span> <span class='ocrx_word' id='word_1_46' title='bbox 673 793 785 848; x_wconf 78' lang='lat' dir='ltr'><strong>tastum.</strong></span> <span class='ocrx_word' id='word_1_47' title='bbox 836 784 953 845; x_wconf 83' lang='lat' dir='ltr'><strong>Fabula</strong></span> <span class='ocrx_word' id='word_1_48' title='bbox 985 785 1080 847; x_wconf 84' lang='lat' dir='ltr'><strong>videri</strong></span> <span class='ocrx_word' id='word_1_49' title='bbox 1108 793 1221 864; x_wconf 91' lang='lat' dir='ltr'><strong>posset.</strong></span> <span class='ocrx_word' id='word_1_50' title='bbox 1268 785 1313 846; x_wconf 82' lang='lat' dir='ltr'><strong>At</strong></span> <span class='ocrx_word' id='word_1_51' title='bbox 1343 785 1431 846; x_wconf 84' lang='lat' dir='ltr'><strong>fidem</strong></span> <span class='ocrx_word' id='word_1_52' title='bbox 1460 783 1601 846; x_wconf 86' lang='lat' dir='ltr'><strong>conciliat</strong></span> <span class='ocrx_word' id='word_1_53' title='bbox 1624 781 1653 844; x_wconf 87' lang='lat' dir='ltr'><strong>ei</strong></span> 
     </span>
     <span class='ocr_line' id='line_1_7' title="bbox 271 871 1654 954; baseline -0.001 -20"><span class='ocrx_word' id='word_1_54' title='bbox 271 871 433 935; x_wconf 76' lang='lat' dir='ltr'><strong>‘calculus</strong></span> <span class='ocrx_word' id='word_1_55' title='bbox 457 871 650 947; x_wconf 89' lang='lat' dir='ltr'><strong>Prutenicus,</strong></span> <span class='ocrx_word' id='word_1_56' title='bbox 676 871 811 952; x_wconf 90' lang='lat' dir='ltr'><strong>quamvis</strong></span> <span class='ocrx_word' id='word_1_57' title='bbox 835 892 893 933; x_wconf 90' lang='lat' dir='ltr'><strong>non</strong></span> <span class='ocrx_word' id='word_1_58' title='bbox 918 875 1007 952; x_wconf 87' lang='lat' dir='ltr'><strong>plane</strong></span> <span class='ocrx_word' id='word_1_59' title='bbox 1031 873 1239 936; x_wconf 87' lang='lat' dir='ltr'><strong>certissimus:</strong></span> <span class='ocrx_word' id='word_1_60' title='bbox 1271 873 1320 954; x_wconf 91' lang='lat' dir='ltr'><strong>qui</strong></span> <span class='ocrx_word' id='word_1_61' title='bbox 1343 882 1445 935; x_wconf 84' lang='lat' dir='ltr'><strong>tamen</strong></span> <span class='ocrx_word' id='word_1_62' title='bbox 1469 873 1499 934; x_wconf 91' lang='lat' dir='ltr'><strong>in</strong></span> <span class='ocrx_word' id='word_1_63' title='bbox 1523 873 1581 934; x_wconf 87' lang='lat' dir='ltr'><strong>hac</strong></span> <span class='ocrx_word' id='word_1_64' title='bbox 1603 871 1654 932; x_wconf 90' lang='lat' dir='ltr'><strong>in·</strong></span> 
     </span>
     <span class='ocr_line' id='line_1_8' title="bbox 300 961 1653 1044; baseline -0.001 -22"><span class='ocrx_word' id='word_1_65' title='bbox 300 961 480 1023; x_wconf 76' lang='lat' dir='ltr'><strong>certitudine</strong></span> <span class='ocrx_word' id='word_1_66' title='bbox 511 980 619 1021; x_wconf 87' lang='lat' dir='ltr'><strong>aunum</strong></span> <span class='ocrx_word' id='word_1_67' title='bbox 650 961 740 1040; x_wconf 88' lang='lat' dir='ltr'><strong>plane</strong></span> <span class='ocrx_word' id='word_1_68' title='bbox 774 962 914 1034; x_wconf 87' lang='lat' dir='ltr'><strong>eundem,</strong></span> <span class='ocrx_word' id='word_1_69' title='bbox 950 963 1147 1026; x_wconf 79' lang='lat' dir='ltr'><strong>interstitium</strong></span> <span class='ocrx_word' id='word_1_70' title='bbox 1177 982 1321 1024; x_wconf 87' lang='lat' dir='ltr'><strong>annorum</strong></span> <span class='ocrx_word' id='word_1_71' title='bbox 1354 964 1442 1044; x_wconf 88' lang='lat' dir='ltr'><strong>plane</strong></span> <span class='ocrx_word' id='word_1_72' title='bbox 1475 961 1556 1024; x_wconf 90' lang='lat' dir='ltr'><strong>idem</strong></span> <span class='ocrx_word' id='word_1_73' title='bbox 1587 979 1653 1021; x_wconf 89' lang='lat' dir='ltr'><strong>curu</strong></span> 
     </span>
     <span class='ocr_line' id='line_1_9' title="bbox 299 1046 1653 1132; baseline -0.002 -20"><span class='ocrx_word' id='word_1_74' title='bbox 299 1058 399 1112; x_wconf 88' lang='lat' dir='ltr'><strong>aetate</strong></span> <span class='ocrx_word' id='word_1_75' title='bbox 423 1049 544 1111; x_wconf 86' lang='lat' dir='ltr'><strong>Romuli</strong></span> <span class='ocrx_word' id='word_1_76' title='bbox 568 1046 610 1112; x_wconf 90' lang='grc'><strong>55</strong></span> <span class='ocrx_word' id='word_1_77' title='bbox 635 1069 777 1111; x_wconf 90' lang='lat' dir='ltr'><strong>annorum</strong></span> <span class='ocrx_word' id='word_1_78' title='bbox 800 1050 923 1123; x_wconf 90' lang='lat' dir='ltr'><strong>indicat,</strong></span> <span class='ocrx_word' id='word_1_79' title='bbox 949 1053 1056 1130; x_wconf 90' lang='lat' dir='ltr'><strong>quibus</strong></span> <span class='ocrx_word' id='word_1_80' title='bbox 1081 1053 1156 1114; x_wconf 89' lang='lat' dir='ltr'><strong>duae</strong></span> <span class='ocrx_word' id='word_1_81' title='bbox 1180 1071 1307 1132; x_wconf 89' lang='lat' dir='ltr'><strong>magnae</strong></span> <span class='ocrx_word' id='word_1_82' title='bbox 1322 1051 1403 1114; x_wconf 89' lang='lat' dir='ltr'><strong>Solis</strong></span> <span class='ocrx_word' id='word_1_83' title='bbox 1427 1051 1556 1130; x_wconf 79' lang='lat' dir='ltr'><strong>eclipses</strong></span> <span class='ocrx_word' id='word_1_84' title='bbox 1578 1069 1653 1111; x_wconf 83' lang='lat' dir='ltr'><strong>cou-</strong></span> 
     </span>
     <span class='ocr_line' id='line_1_10' title="bbox 300 1131 1654 1222; baseline 0.001 -22"><span class='ocrx_word' id='word_1_85' title='bbox 300 1137 435 1218; x_wconf 89' lang='lat' dir='ltr'><strong>tigeriut.</strong></span> <span class='ocrx_word' id='word_1_86' title='bbox 482 1138 561 1201; x_wconf 89' lang='lat' dir='ltr'><strong>Nam</strong></span> <span class='ocrx_word' id='word_1_87' title='bbox 592 1139 652 1200; x_wconf 90' lang='lat' dir='ltr'><strong>etsi</strong></span> <span class='ocrx_word' id='word_1_88' title='bbox 684 1139 765 1217; x_wconf 89' lang='lat' dir='ltr'><strong>prior</strong></span> <span class='ocrx_word' id='word_1_89' title='bbox 796 1138 917 1216; x_wconf 86' lang='lat' dir='ltr'><strong>eclipsis</strong></span> <span class='ocrx_word' id='word_1_90' title='bbox 947 1141 1083 1219; x_wconf 84' lang='lat' dir='ltr'><strong>proditur</strong></span> <span class='ocrx_word' id='word_1_91' title='bbox 1106 1141 1266 1221; x_wconf 86' lang='lat' dir='ltr'><strong>digitorum</strong></span> <span class='ocrx_word' id='word_1_92' title='bbox 1292 1135 1371 1222; x_wconf 61' lang='lat' dir='ltr'><strong>li„</strong></span> <span class='ocrx_word' id='word_1_93' title='bbox 1399 1139 1549 1219; x_wconf 84' lang='lat' dir='ltr'><strong>posterior</strong></span> <span class='ocrx_word' id='word_1_94' title='bbox 1577 1131 1654 1221; x_wconf 63' lang='lat'><strong>9¹1„</strong></span> 
     </span>
     <span class='ocr_line' id='line_1_11' title="bbox 299 1226 1655 1310; baseline -0.003 -20"><span class='ocrx_word' id='word_1_95' title='bbox 299 1228 388 1290; x_wconf 85' lang='lat' dir='ltr'><strong>lacile</strong></span> <span class='ocrx_word' id='word_1_96' title='bbox 412 1234 513 1288; x_wconf 91' lang='lat' dir='ltr'><strong>tamen</strong></span> <span class='ocrx_word' id='word_1_97' title='bbox 538 1226 601 1287; x_wconf 90' lang='lat' dir='ltr'><strong>fieri</strong></span> <span class='ocrx_word' id='word_1_98' title='bbox 625 1234 736 1306; x_wconf 89' lang='lat' dir='ltr'><strong>potest,</strong></span> <span class='ocrx_word' id='word_1_99' title='bbox 762 1233 795 1287; x_wconf 90' lang='lat' dir='ltr'><strong>ut</strong></span> <span class='ocrx_word' id='word_1_100' title='bbox 819 1228 950 1289; x_wconf 90' lang='lat' dir='ltr'><strong>calculus</strong></span> <span class='ocrx_word' id='word_1_101' title='bbox 971 1231 1149 1292; x_wconf 90' lang='lat' dir='ltr'><strong>emendatus</strong></span> <span class='ocrx_word' id='word_1_102' title='bbox 1173 1231 1305 1310; x_wconf 89' lang='lat' dir='ltr'><strong>(indiget</strong></span> <span class='ocrx_word' id='word_1_103' title='bbox 1327 1230 1405 1292; x_wconf 88' lang='lat' dir='ltr'><strong>enim</strong></span> <span class='ocrx_word' id='word_1_104' title='bbox 1430 1228 1655 1300; x_wconf 78' lang='lat' dir='ltr'><strong>emendatione)</strong></span> 
     </span>
     <span class='ocr_line' id='line_1_12' title="bbox 298 1316 1057 1395; baseline -0.004 -17"><span class='ocrx_word' id='word_1_105' title='bbox 298 1317 475 1378; x_wconf 88' lang='lat' dir='ltr'><strong>alterutram</strong></span> <span class='ocrx_word' id='word_1_106' title='bbox 501 1316 625 1377; x_wconf 90' lang='lat' dir='ltr'><strong>totalem</strong></span> <span class='ocrx_word' id='word_1_107' title='bbox 649 1316 768 1395; x_wconf 89' lang='lat' dir='ltr'><strong>prodat.</strong></span> <span class='ocrx_word' id='word_1_108' title='bbox 1055 1333 1057 1341; x_wconf 76' lang='grc'>’</span> 
     </span>
    </p>
   </div>
   <div class='ocr_carea' id='block_1_3' title="bbox 298 1404 1658 1646">
    <p class='ocr_par' dir='ltr' id='par_1_4' title="bbox 298 1404 1658 1646">
     <span class='ocr_line' id='line_1_13' title="bbox 386 1404 1658 1486; baseline 0 -20"><span class='ocrx_word' id='word_1_109' title='bbox 386 1405 559 1466; x_wconf 89' lang='lat' dir='ltr'><strong>Herodotus</strong></span> <span class='ocrx_word' id='word_1_110' title='bbox 590 1405 666 1466; x_wconf 88' lang='lat' dir='ltr'><strong>libro</strong></span> <span class='ocrx_word' id='word_1_111' title='bbox 690 1404 714 1466; x_wconf 94' lang='grc'><strong>1.</strong></span> <span class='ocrx_word' id='word_1_112' title='bbox 749 1405 784 1464; x_wconf 91' lang='lat' dir='ltr'><strong>da</strong></span> <span class='ocrx_word' id='word_1_113' title='bbox 809 1404 888 1465; x_wconf 91' lang='lat' dir='ltr'><strong>bello</strong></span> <span class='ocrx_word' id='word_1_114' title='bbox 912 1405 1015 1486; x_wconf 86' lang='lat' dir='ltr'><strong>Lydos</strong></span> <span class='ocrx_word' id='word_1_115' title='bbox 1039 1407 1118 1468; x_wconf 90' lang='lat' dir='ltr'><strong>iuter</strong></span> <span class='ocrx_word' id='word_1_116' title='bbox 1143 1416 1174 1466; x_wconf 91' lang='lat' dir='ltr'><strong>et</strong></span> <span class='ocrx_word' id='word_1_117' title='bbox 1197 1407 1325 1471; x_wconf 88' lang='lat' dir='ltr'><strong>Medos:</strong></span> <span class='ocrx_word' id='word_1_118' title='bbox 1362 1423 1444 1471; x_wconf 85' lang='lat' dir='ltr'><strong>sexto</strong></span> <span class='ocrx_word' id='word_1_119' title='bbox 1466 1433 1538 1470; x_wconf 90' lang='lat' dir='ltr'><strong>anno</strong></span> <span class='ocrx_word' id='word_1_120' title='bbox 1559 1428 1658 1484; x_wconf 83' lang='lat' dir='ltr'><strong>pugna</strong></span> 
     </span>
     <span class='ocr_line' id='line_1_14' title="bbox 298 1493 1657 1566; baseline -0.004 -15"><span class='ocrx_word' id='word_1_121' title='bbox 298 1503 428 1551; x_wconf 82' lang='lat' dir='ltr'><strong>conserta</strong></span> <span class='ocrx_word' id='word_1_122' title='bbox 449 1494 549 1550; x_wconf 84' lang='lat' dir='ltr'><strong>accidit</strong></span> <span class='ocrx_word' id='word_1_123' title='bbox 568 1497 686 1549; x_wconf 87' lang='lat' dir='ltr'><strong>durante</strong></span> <span class='ocrx_word' id='word_1_124' title='bbox 715 1497 853 1558; x_wconf 84' lang='lat' dir='ltr'><strong>conflictu,</strong></span> <span class='ocrx_word' id='word_1_125' title='bbox 880 1502 913 1548; x_wconf 88' lang='lat' dir='ltr'><strong>ut</strong></span> <span class='ocrx_word' id='word_1_126' title='bbox 938 1514 975 1550; x_wconf 89' lang='lat' dir='ltr'><strong>ex</strong></span> <span class='ocrx_word' id='word_1_127' title='bbox 1000 1497 1043 1550; x_wconf 87' lang='lat' dir='ltr'><strong>die</strong></span> <span class='ocrx_word' id='word_1_128' title='bbox 1070 1506 1184 1566; x_wconf 87' lang='lat' dir='ltr'><strong>repente</strong></span> <span class='ocrx_word' id='word_1_129' title='bbox 1213 1517 1271 1552; x_wconf 85' lang='lat' dir='ltr'><strong>nox</strong></span> <span class='ocrx_word' id='word_1_130' title='bbox 1296 1497 1460 1552; x_wconf 84' lang='lat' dir='ltr'><strong>efficeretur.</strong></span> <span class='ocrx_word' id='word_1_131' title='bbox 1502 1497 1582 1548; x_wconf 86' lang='lat' dir='ltr'><strong>Hanc</strong></span> <span class='ocrx_word' id='word_1_132' title='bbox 1602 1493 1657 1547; x_wconf 88' lang='lat' dir='ltr'><strong>diei</strong></span> 
     </span>
     <span class='ocr_line' id='line_1_15' title="bbox 298 1575 1658 1646; baseline -0.002 -15"><span class='ocrx_word' id='word_1_133' title='bbox 298 1575 478 1631; x_wconf 76' lang='lat' dir='ltr'><strong>mutationem</strong></span> <span class='ocrx_word' id='word_1_134' title='bbox 500 1575 603 1629; x_wconf 87' lang='lat' dir='ltr'><strong>Thales</strong></span> <span class='ocrx_word' id='word_1_135' title='bbox 624 1575 749 1628; x_wconf 84' lang='lat' dir='ltr'><strong>Milesius</strong></span> <span class='ocrx_word' id='word_1_136' title='bbox 769 1575 884 1629; x_wconf 89' lang='lat' dir='ltr'><strong>Juuibus</strong></span> <span class='ocrx_word' id='word_1_137' title='bbox 907 1577 1048 1645; x_wconf 81' lang='lat' dir='ltr'><strong>praedixit</strong></span> <span class='ocrx_word' id='word_1_138' title='bbox 1069 1579 1198 1642; x_wconf 86' lang='lat' dir='ltr'><strong>futuram,</strong></span> <span class='ocrx_word' id='word_1_139' title='bbox 1221 1585 1329 1646; x_wconf 85' lang='lat' dir='ltr'><strong>tempus</strong></span> <span class='ocrx_word' id='word_1_140' title='bbox 1351 1579 1453 1631; x_wconf 89' lang='lat' dir='ltr'><strong>addens</strong></span> <span class='ocrx_word' id='word_1_141' title='bbox 1475 1577 1547 1630; x_wconf 90' lang='lat' dir='ltr'><strong>hunc</strong></span> <span class='ocrx_word' id='word_1_142' title='bbox 1568 1575 1658 1642; x_wconf 88' lang='lat' dir='ltr'><strong>ipsum</strong></span> 
     </span>
    </p>
   </div>
   <div class='ocr_carea' id='block_1_4' title="bbox 299 1653 1660 2358">
    <p class='ocr_par' dir='ltr' id='par_1_5' title="bbox 299 1653 1660 2358">
     <span class='ocr_line' id='line_1_16' title="bbox 300 1653 1658 1735; baseline -0.005 -16"><span class='ocrx_word' id='word_1_143' title='bbox 300 1681 401 1720; x_wconf 85' lang='lat' dir='ltr'><strong>annum</strong></span> <span class='ocrx_word' id='word_1_144' title='bbox 423 1681 475 1735; x_wconf 90' lang='lat' dir='ltr'><strong>quo</strong></span> <span class='ocrx_word' id='word_1_145' title='bbox 498 1669 527 1717; x_wconf 85' lang='lat' dir='ltr'><strong>et</strong></span> <span class='ocrx_word' id='word_1_146' title='bbox 546 1665 665 1718; x_wconf 85' lang='lat' dir='ltr'><strong>mutatio</strong></span> <span class='ocrx_word' id='word_1_147' title='bbox 686 1665 743 1718; x_wconf 85' lang='lat' dir='ltr'><strong>ista</strong></span> <span class='ocrx_word' id='word_1_148' title='bbox 763 1664 841 1717; x_wconf 81' lang='lat' dir='ltr'><strong>facta</strong></span> <span class='ocrx_word' id='word_1_149' title='bbox 861 1671 911 1719; x_wconf 85' lang='lat' dir='ltr'><strong>est.</strong></span> <span class='ocrx_word' id='word_1_150' title='bbox 945 1653 1021 1716; x_wconf 85' lang='lat' dir='ltr'><strong>Cum</strong></span> <span class='ocrx_word' id='word_1_151' title='bbox 1045 1664 1145 1716; x_wconf 85' lang='lat' dir='ltr'><strong>antem</strong></span> <span class='ocrx_word' id='word_1_152' title='bbox 1161 1657 1331 1718; x_wconf 85' lang='lat' dir='ltr'><strong>Herodotus</strong></span> <span class='ocrx_word' id='word_1_153' title='bbox 1347 1655 1450 1716; x_wconf 83' lang='lat' dir='ltr'><strong>Lunae</strong></span> <span class='ocrx_word' id='word_1_154' title='bbox 1475 1655 1658 1716; x_wconf 86' lang='lat' dir='ltr'><strong>mentionem</strong></span> 
     </span>
     <span class='ocr_line' id='line_1_17' title="bbox 299 1741 1658 1824; baseline -0.004 -19"><span class='ocrx_word' id='word_1_155' title='bbox 299 1763 357 1805; x_wconf 92' lang='lat' dir='ltr'><strong>non</strong></span> <span class='ocrx_word' id='word_1_156' title='bbox 382 1743 485 1815; x_wconf 84' lang='lat' dir='ltr'><strong>iaciat,</strong></span> <span class='ocrx_word' id='word_1_157' title='bbox 512 1751 578 1803; x_wconf 89' lang='lat' dir='ltr'><strong>erat</strong></span> <span class='ocrx_word' id='word_1_158' title='bbox 601 1742 710 1822; x_wconf 89' lang='lat' dir='ltr'><strong>quippe</strong></span> <span class='ocrx_word' id='word_1_159' title='bbox 735 1743 889 1822; x_wconf 90' lang='lat' dir='ltr'><strong>imperitus</strong></span> <span class='ocrx_word' id='word_1_160' title='bbox 910 1745 1121 1818; x_wconf 85' lang='lat' dir='ltr'><strong>astronomiae,</strong></span> <span class='ocrx_word' id='word_1_161' title='bbox 1145 1764 1183 1806; x_wconf 90' lang='lat' dir='ltr'><strong>ne</strong></span> <span class='ocrx_word' id='word_1_162' title='bbox 1200 1745 1265 1824; x_wconf 90' lang='lat' dir='ltr'><strong>quis</strong></span> <span class='ocrx_word' id='word_1_163' title='bbox 1281 1745 1371 1823; x_wconf 86' lang='lat' dir='ltr'><strong>igitur</strong></span> <span class='ocrx_word' id='word_1_164' title='bbox 1387 1744 1540 1805; x_wconf 85' lang='lat' dir='ltr'><strong>existimet</strong></span> <span class='ocrx_word' id='word_1_165' title='bbox 1553 1741 1658 1820; x_wconf 92' lang='lat' dir='ltr'><strong>prodi-</strong></span> 
     </span>
     <span class='ocr_line' id='line_1_18' title="bbox 301 1829 1660 1913; baseline -0.004 -21"><span class='ocrx_word' id='word_1_166' title='bbox 301 1832 380 1912; x_wconf 91' lang='lat' dir='ltr'><strong>gium</strong></span> <span class='ocrx_word' id='word_1_167' title='bbox 406 1831 486 1892; x_wconf 91' lang='lat' dir='ltr'><strong>aliud</strong></span> <span class='ocrx_word' id='word_1_168' title='bbox 512 1831 615 1904; x_wconf 85' lang='lat' dir='ltr'><strong>luisse,</strong></span> <span class='ocrx_word' id='word_1_169' title='bbox 639 1831 754 1892; x_wconf 89' lang='lat' dir='ltr'><strong>Plinius</strong></span> <span class='ocrx_word' id='word_1_170' title='bbox 778 1849 833 1892; x_wconf 91' lang='lat' dir='ltr'><strong>nos</strong></span> <span class='ocrx_word' id='word_1_171' title='bbox 862 1833 1030 1907; x_wconf 84' lang='lat' dir='ltr'><strong>confirmat,</strong></span> <span class='ocrx_word' id='word_1_172' title='bbox 1057 1834 1106 1913; x_wconf 93' lang='lat' dir='ltr'><strong>qui</strong></span> <span class='ocrx_word' id='word_1_173' title='bbox 1130 1834 1180 1894; x_wconf 91' lang='lat' dir='ltr'><strong>lib.</strong></span> <span class='ocrx_word' id='word_1_174' title='bbox 1206 1835 1248 1894; x_wconf 94' lang='grc' dir='ltr'><strong>ΙΙ.</strong></span> <span class='ocrx_word' id='word_1_175' title='bbox 1274 1853 1340 1913; x_wconf 89' lang='lat' dir='ltr'><strong>cap.</strong></span> <span class='ocrx_word' id='word_1_176' title='bbox 1366 1831 1396 1894; x_wconf 80' lang='lat'><strong>2.</strong></span> <span class='ocrx_word' id='word_1_177' title='bbox 1421 1831 1543 1893; x_wconf 88' lang='lat' dir='ltr'><strong>Thaleti</strong></span> <span class='ocrx_word' id='word_1_178' title='bbox 1567 1829 1660 1890; x_wconf 87' lang='lat' dir='ltr'><strong>Mile-</strong></span> 
     </span>
     <span class='ocr_line' id='line_1_19' title="bbox 301 1918 1660 2003; baseline -0.001 -21"><span class='ocrx_word' id='word_1_179' title='bbox 301 1922 346 1983; x_wconf 87' lang='lat' dir='ltr'><strong>sio</strong></span> <span class='ocrx_word' id='word_1_180' title='bbox 369 1921 465 2001; x_wconf 89' lang='lat' dir='ltr'><strong>primo</strong></span> <span class='ocrx_word' id='word_1_181' title='bbox 491 1921 570 1999; x_wconf 93' lang='lat' dir='ltr'><strong>apud</strong></span> <span class='ocrx_word' id='word_1_182' title='bbox 594 1918 730 1980; x_wconf 89' lang='lat' dir='ltr'><strong>Graecos</strong></span> <span class='ocrx_word' id='word_1_183' title='bbox 754 1920 831 1980; x_wconf 92' lang='lat' dir='ltr'><strong>hauc</strong></span> <span class='ocrx_word' id='word_1_184' title='bbox 860 1921 1027 1982; x_wconf 87' lang='lat' dir='ltr'><strong>doctrinam</strong></span> <span class='ocrx_word' id='word_1_185' title='bbox 1056 1923 1183 1983; x_wconf 84' lang='lat' dir='ltr'><strong>ascribit</strong></span> <span class='ocrx_word' id='word_1_186' title='bbox 1205 1932 1346 2003; x_wconf 80' lang='lat' dir='ltr'><strong>praedicto</strong></span> <span class='ocrx_word' id='word_1_187' title='bbox 1368 1932 1440 1986; x_wconf 87' lang='lat' dir='ltr'><strong>Solis</strong></span> <span class='ocrx_word' id='word_1_188' title='bbox 1461 1929 1584 1992; x_wconf 83' lang='lat' dir='ltr'><strong>deiectu,</strong></span> <span class='ocrx_word' id='word_1_189' title='bbox 1613 1929 1660 2000; x_wconf 87' lang='lat' dir='ltr'><strong>qui</strong></span> 
     </span>
     <span class='ocr_line' id='line_1_20' title="bbox 301 2008 1660 2091; baseline -0.007 -16"><span class='ocrx_word' id='word_1_190' title='bbox 301 2021 352 2075; x_wconf 90' lang='lat' dir='ltr'><strong>sub</strong></span> <span class='ocrx_word' id='word_1_191' title='bbox 372 2021 503 2089; x_wconf 80' lang='lat' dir='ltr'><strong>Astyage</strong></span> <span class='ocrx_word' id='word_1_192' title='bbox 523 2035 592 2090; x_wconf 84' lang='lat' dir='ltr'><strong>rege</strong></span> <span class='ocrx_word' id='word_1_193' title='bbox 613 2018 703 2072; x_wconf 81' lang='lat' dir='ltr'><strong>lactus</strong></span> <span class='ocrx_word' id='word_1_194' title='bbox 725 2019 763 2073; x_wconf 90' lang='lat' dir='ltr'><strong>sit</strong></span> <span class='ocrx_word' id='word_1_195' title='bbox 784 2019 953 2091; x_wconf 81' lang='lat' dir='ltr'><strong>Olympiadis</strong></span> <span class='ocrx_word' id='word_1_196' title='bbox 976 2021 1023 2076; x_wconf 88' lang='lat'><strong>48.</strong></span> <span class='ocrx_word' id='word_1_197' title='bbox 1046 2038 1117 2075; x_wconf 86' lang='lat' dir='ltr'><strong>annu</strong></span> <span class='ocrx_word' id='word_1_198' title='bbox 1140 2023 1167 2077; x_wconf 86' lang='lat'><strong>4.</strong></span> <span class='ocrx_word' id='word_1_199' title='bbox 1200 2011 1369 2086; x_wconf 83' lang='lat' dir='ltr'><strong>Buntingus</strong></span> <span class='ocrx_word' id='word_1_200' title='bbox 1394 2011 1485 2089; x_wconf 83' lang='lat' dir='ltr'><strong>igitur</strong></span> <span class='ocrx_word' id='word_1_201' title='bbox 1508 2027 1586 2069; x_wconf 89' lang='lat' dir='ltr'><strong>anno</strong></span> <span class='ocrx_word' id='word_1_202' title='bbox 1609 2008 1660 2067; x_wconf 89' lang='lat' dir='ltr'><strong>in-</strong></span> 
     </span>
     <span class='ocr_line' id='line_1_21' title="bbox 303 2096 1659 2180; baseline -0.002 -21"><span class='ocrx_word' id='word_1_203' title='bbox 303 2099 404 2160; x_wconf 91' lang='lat' dir='ltr'><strong>dicato</strong></span> <span class='ocrx_word' id='word_1_204' title='bbox 428 2098 611 2157; x_wconf 91' lang='lat' dir='ltr'><strong>novilunium</strong></span> <span class='ocrx_word' id='word_1_205' title='bbox 643 2097 812 2175; x_wconf 91' lang='lat' dir='ltr'><strong>eclipticum</strong></span> <span class='ocrx_word' id='word_1_206' title='bbox 842 2099 973 2175; x_wconf 87' lang='lat' dir='ltr'><strong>invenit,</strong></span> <span class='ocrx_word' id='word_1_207' title='bbox 1009 2101 1178 2180; x_wconf 84' lang='lat' dir='ltr'><strong>digitosque</strong></span> <span class='ocrx_word' id='word_1_208' title='bbox 1211 2101 1309 2160; x_wconf 90' lang='lat' dir='ltr'><strong>indice</strong></span> <span class='ocrx_word' id='word_1_209' title='bbox 1334 2099 1493 2161; x_wconf 91' lang='lat' dir='ltr'><strong>Prutenico</strong></span> <span class='ocrx_word' id='word_1_210' title='bbox 1527 2096 1659 2158; x_wconf 90' lang='lat' dir='ltr'><strong>noudum</strong></span> 
     </span>
     <span class='ocr_line' id='line_1_22' title="bbox 301 2185 1660 2269; baseline -0.003 -22"><span class='ocrx_word' id='word_1_211' title='bbox 301 2186 471 2247; x_wconf 88' lang='lat' dir='ltr'><strong>certissimo</strong></span> <span class='ocrx_word' id='word_1_212' title='bbox 496 2185 620 2253; x_wconf 88' lang='lat' dir='ltr'><strong>calculo,</strong></span> <span class='ocrx_word' id='word_1_213' title='bbox 645 2185 781 2246; x_wconf 90' lang='lat' dir='ltr'><strong>undecim</strong></span> <span class='ocrx_word' id='word_1_214' title='bbox 807 2195 837 2247; x_wconf 89' lang='lat' dir='ltr'><strong>et</strong></span> <span class='ocrx_word' id='word_1_215' title='bbox 852 2187 1014 2261; x_wconf 91' lang='lat' dir='ltr'><strong>dimidium,</strong></span> <span class='ocrx_word' id='word_1_216' title='bbox 1041 2190 1128 2250; x_wconf 86' lang='lat' dir='ltr'><strong>Luna</strong></span> <span class='ocrx_word' id='word_1_217' title='bbox 1152 2190 1189 2249; x_wconf 90' lang='lat' dir='ltr'><strong>ad</strong></span> <span class='ocrx_word' id='word_1_218' title='bbox 1210 2191 1383 2269; x_wconf 87' lang='lat' dir='ltr'><strong>perigaeum</strong></span> <span class='ocrx_word' id='word_1_219' title='bbox 1399 2186 1660 2267; x_wconf 89' lang='lat' dir='ltr'><strong>appropinquante</strong></span> 
     </span>
     <span class='ocr_line' id='line_1_23' title="bbox 301 2268 1614 2358; baseline 0 -22"><span class='ocrx_word' id='word_1_220' title='bbox 301 2275 331 2336; x_wconf 92' lang='lat' dir='ltr'><strong>in</strong></span> <span class='ocrx_word' id='word_1_221' title='bbox 359 2268 451 2350; x_wconf 64' lang='lat'><strong>1911,</strong></span> <span class='ocrx_word' id='word_1_222' title='bbox 477 2281 596 2334; x_wconf 86' lang='lat' dir='ltr'><strong>aestate</strong></span> <span class='ocrx_word' id='word_1_223' title='bbox 620 2274 682 2347; x_wconf 90' lang='lat' dir='ltr'><strong>illa,</strong></span> <span class='ocrx_word' id='word_1_224' title='bbox 709 2294 727 2335; x_wconf 90' lang='lat' dir='ltr'><strong>a</strong></span> <span class='ocrx_word' id='word_1_225' title='bbox 750 2276 834 2354; x_wconf 87' lang='lat' dir='ltr'><strong>eujus</strong></span> <span class='ocrx_word' id='word_1_226' title='bbox 859 2277 957 2337; x_wconf 91' lang='lat' dir='ltr'><strong>medio</strong></span> <span class='ocrx_word' id='word_1_227' title='bbox 980 2277 1144 2356; x_wconf 90' lang='lat' dir='ltr'><strong>incipiebat</strong></span> <span class='ocrx_word' id='word_1_228' title='bbox 1169 2297 1264 2339; x_wconf 90' lang='lat' dir='ltr'><strong>annus</strong></span> <span class='ocrx_word' id='word_1_229' title='bbox 1287 2273 1319 2339; x_wconf 86' lang='grc'><strong>4.</strong></span> <span class='ocrx_word' id='word_1_230' title='bbox 1345 2274 1536 2358; x_wconf 88' lang='lat' dir='ltr'><strong>Olympiadis</strong></span> <span class='ocrx_word' id='word_1_231' title='bbox 1560 2270 1614 2336; x_wconf 77' lang='lat'><strong>48.</strong></span> 
     </span>
    </p>
   </div>
   <div class='ocr_carea' id='block_1_5' title="bbox 249 2377 1661 2544">
    <p class='ocr_par' dir='ltr' id='par_1_6' title="bbox 249 2377 1661 2544">
     <span class='ocr_line' id='line_1_24' title="bbox 330 2377 1661 2465; baseline 0.002 -24"><span class='ocrx_word' id='word_1_232' title='bbox 330 2423 332 2428; x_wconf 68' lang='lat'><strong>,</strong></span> <span class='ocrx_word' id='word_1_233' title='bbox 389 2380 473 2441; x_wconf 88' lang='lat' dir='ltr'><strong>Idem</strong></span> <span class='ocrx_word' id='word_1_234' title='bbox 488 2377 661 2442; x_wconf 85' lang='lat' dir='ltr'><strong>Herodotus</strong></span> <span class='ocrx_word' id='word_1_235' title='bbox 687 2379 761 2442; x_wconf 88' lang='lat' dir='ltr'><strong>libro</strong></span> <span class='ocrx_word' id='word_1_236' title='bbox 778 2381 857 2444; x_wconf 85' lang='lat' dir='ltr'>VII:</span> <span class='ocrx_word' id='word_1_237' title='bbox 880 2412 940 2448; x_wconf 89' lang='lat' dir='ltr'><strong>eum</strong></span> <span class='ocrx_word' id='word_1_238' title='bbox 961 2393 1071 2450; x_wconf 82' lang='lat' dir='ltr'><strong>Xerxes</strong></span> <span class='ocrx_word' id='word_1_239' title='bbox 1093 2394 1186 2448; x_wconf 87' lang='lat' dir='ltr'><strong>Sardis</strong></span> <span class='ocrx_word' id='word_1_240' title='bbox 1209 2397 1336 2465; x_wconf 84' lang='lat' dir='ltr'><strong>Abydum</strong></span> <span class='ocrx_word' id='word_1_241' title='bbox 1357 2393 1577 2465; x_wconf 85' lang='lat' dir='ltr'><strong>proficisceretur</strong></span> <span class='ocrx_word' id='word_1_242' title='bbox 1597 2409 1661 2444; x_wconf 89' lang='lat' dir='ltr'><strong>cum</strong></span> 
     </span>
     <span class='ocr_line' id='line_1_25' title="bbox 249 2469 1660 2544; baseline -0.001 -18"><span class='ocrx_word' id='word_1_243' title='bbox 249 2510 252 2516; x_wconf 87' lang='lat'>·</span> <span class='ocrx_word' id='word_1_244' title='bbox 302 2469 436 2535; x_wconf 84' lang='lat' dir='ltr'><strong>exercitu,</strong></span> <span class='ocrx_word' id='word_1_245' title='bbox 458 2471 506 2525; x_wconf 86' lang='lat' dir='ltr'><strong>Sol</strong></span> <span class='ocrx_word' id='word_1_246' title='bbox 526 2471 684 2544; x_wconf 90' lang='lat' dir='ltr'><strong>relinquens</strong></span> <span class='ocrx_word' id='word_1_247' title='bbox 707 2489 743 2526; x_wconf 83' lang='lat' dir='ltr'><strong>ex</strong></span> <span class='ocrx_word' id='word_1_248' title='bbox 765 2474 842 2527; x_wconf 85' lang='lat' dir='ltr'><strong>coelo</strong></span> <span class='ocrx_word' id='word_1_249' title='bbox 862 2476 953 2529; x_wconf 90' lang='lat' dir='ltr'><strong>sedem</strong></span> <span class='ocrx_word' id='word_1_250' title='bbox 968 2473 1160 2544; x_wconf 84' lang='lat' dir='ltr'><strong>inconspicuus</strong></span> <span class='ocrx_word' id='word_1_251' title='bbox 1182 2483 1250 2540; x_wconf 88' lang='lat' dir='ltr'><strong>erat,</strong></span> <span class='ocrx_word' id='word_1_252' title='bbox 1273 2493 1327 2528; x_wconf 90' lang='lat' dir='ltr'><strong>non</strong></span> <span class='ocrx_word' id='word_1_253' title='bbox 1349 2473 1535 2528; x_wconf 84' lang='lat' dir='ltr'><strong>existentibus</strong></span> <span class='ocrx_word' id='word_1_254' title='bbox 1557 2471 1660 2525; x_wconf 91' lang='lat' dir='ltr'><strong>nubilis</strong></span> 
     </span>
    </p>
   </div>
   <div class='ocr_carea' id='block_1_6' title="bbox 300 2549 1669 3878">
    <p class='ocr_par' dir='ltr' id='par_1_7' title="bbox 300 2549 1669 3878">
     <span class='ocr_line' id='line_1_26' title="bbox 301 2549 1661 2633; baseline -0.005 -17"><span class='ocrx_word' id='word_1_255' title='bbox 301 2563 350 2616; x_wconf 89' lang='lat' dir='ltr'><strong>sed</strong></span> <span class='ocrx_word' id='word_1_256' title='bbox 371 2561 524 2615; x_wconf 85' lang='lat' dir='ltr'><strong>serenitate</strong></span> <span class='ocrx_word' id='word_1_257' title='bbox 545 2563 761 2633; x_wconf 88' lang='lat' dir='ltr'><strong>utplurimum:</strong></span> <span class='ocrx_word' id='word_1_258' title='bbox 784 2581 833 2632; x_wconf 88' lang='lat' dir='ltr'><strong>pro</strong></span> <span class='ocrx_word' id='word_1_259' title='bbox 855 2565 898 2618; x_wconf 93' lang='lat' dir='ltr'><strong>die</strong></span> <span class='ocrx_word' id='word_1_260' title='bbox 919 2582 985 2618; x_wconf 85' lang='lat' dir='ltr'><strong>vero</strong></span> <span class='ocrx_word' id='word_1_261' title='bbox 1005 2583 1063 2618; x_wconf 84' lang='lat' dir='ltr'><strong>uox</strong></span> <span class='ocrx_word' id='word_1_262' title='bbox 1084 2564 1188 2619; x_wconf 85' lang='lat' dir='ltr'><strong>extitit.</strong></span> <span class='ocrx_word' id='word_1_263' title='bbox 1222 2552 1298 2616; x_wconf 80' lang='lat' dir='ltr'><strong>Cum</strong></span> <span class='ocrx_word' id='word_1_264' title='bbox 1323 2551 1470 2613; x_wconf 83' lang='lat' dir='ltr'><strong>transitus</strong></span> <span class='ocrx_word' id='word_1_265' title='bbox 1493 2549 1607 2612; x_wconf 82' lang='lat' dir='ltr'><strong>Xerxis</strong></span> <span class='ocrx_word' id='word_1_266' title='bbox 1631 2549 1661 2610; x_wconf 91' lang='lat' dir='ltr'><strong>in</strong></span> 
     </span>
     <span class='ocr_line' id='line_1_27' title="bbox 300 2638 1664 2724; baseline -0.003 -20"><span class='ocrx_word' id='word_1_267' title='bbox 300 2641 453 2720; x_wconf 86' lang='lat' dir='ltr'><strong>Europam</strong></span> <span class='ocrx_word' id='word_1_268' title='bbox 478 2640 508 2700; x_wconf 93' lang='lat' dir='ltr'><strong>in</strong></span> <span class='ocrx_word' id='word_1_269' title='bbox 533 2659 599 2702; x_wconf 91' lang='lat' dir='ltr'><strong>eum</strong></span> <span class='ocrx_word' id='word_1_270' title='bbox 623 2643 763 2708; x_wconf 90' lang='lat' dir='ltr'><strong>inciderit</strong></span> <span class='ocrx_word' id='word_1_271' title='bbox 786 2663 904 2716; x_wconf 90' lang='lat' dir='ltr'><strong>annum,</strong></span> <span class='ocrx_word' id='word_1_272' title='bbox 931 2643 1015 2722; x_wconf 91' lang='lat' dir='ltr'><strong>cujus</strong></span> <span class='ocrx_word' id='word_1_273' title='bbox 1041 2651 1159 2704; x_wconf 88' lang='lat' dir='ltr'><strong>aestate</strong></span> <span class='ocrx_word' id='word_1_274' title='bbox 1174 2640 1332 2724; x_wconf 88' lang='lat' dir='ltr'><strong>Olympias</strong></span> <span class='ocrx_word' id='word_1_275' title='bbox 1358 2638 1409 2704; x_wconf 84' lang='grc'><strong>75.</strong></span> <span class='ocrx_word' id='word_1_276' title='bbox 1436 2641 1591 2702; x_wconf 86' lang='lat' dir='ltr'><strong>celebrata</strong></span> <span class='ocrx_word' id='word_1_277' title='bbox 1615 2645 1664 2700; x_wconf 88' lang='lat' dir='ltr'><strong>est</strong></span> 
     </span>
     <span class='ocr_line' id='line_1_28' title="bbox 302 2726 1663 2812; baseline -0.002 -21"><span class='ocrx_word' id='word_1_278' title='bbox 302 2731 374 2804; x_wconf 90' lang='lat' dir='ltr'><strong>(hoc</strong></span> <span class='ocrx_word' id='word_1_279' title='bbox 399 2730 477 2792; x_wconf 91' lang='lat' dir='ltr'><strong>enim</strong></span> <span class='ocrx_word' id='word_1_280' title='bbox 500 2728 596 2792; x_wconf 82' lang='lat' dir='ltr'><strong>Xerxi</strong></span> <span class='ocrx_word' id='word_1_281' title='bbox 616 2731 680 2811; x_wconf 88' lang='lat' dir='ltr'><strong>jam</strong></span> <span class='ocrx_word' id='word_1_282' title='bbox 706 2732 865 2798; x_wconf 86' lang='lat' dir='ltr'><strong>Graeciam</strong></span> <span class='ocrx_word' id='word_1_283' title='bbox 890 2731 1027 2812; x_wconf 89' lang='lat' dir='ltr'><strong>ingresso</strong></span> <span class='ocrx_word' id='word_1_284' title='bbox 1051 2733 1218 2793; x_wconf 89' lang='lat' dir='ltr'><strong>retulerunt</strong></span> <span class='ocrx_word' id='word_1_285' title='bbox 1241 2731 1341 2810; x_wconf 90' lang='lat' dir='ltr'><strong>aliqui,</strong></span> <span class='ocrx_word' id='word_1_286' title='bbox 1367 2737 1508 2810; x_wconf 86' lang='lat' dir='ltr'><strong>spectare</strong></span> <span class='ocrx_word' id='word_1_287' title='bbox 1525 2726 1663 2790; x_wconf 88' lang='lat' dir='ltr'><strong>Graecos</strong></span> 
     </span>
     <span class='ocr_line' id='line_1_29' title="bbox 305 2816 1664 2901; baseline -0.003 -20"><span class='ocrx_word' id='word_1_288' title='bbox 305 2817 447 2901; x_wconf 90' lang='lat' dir='ltr'><strong>Olympia</strong></span> <span class='ocrx_word' id='word_1_289' title='bbox 470 2819 608 2892; x_wconf 90' lang='lat' dir='ltr'><strong>securos)</strong></span> <span class='ocrx_word' id='word_1_290' title='bbox 632 2830 664 2884; x_wconf 90' lang='lat' dir='ltr'><strong>et</strong></span> <span class='ocrx_word' id='word_1_291' title='bbox 687 2843 758 2887; x_wconf 91' lang='lat' dir='ltr'><strong>vero</strong></span> <span class='ocrx_word' id='word_1_292' title='bbox 783 2822 915 2884; x_wconf 88' lang='lat' dir='ltr'><strong>calculus</strong></span> <span class='ocrx_word' id='word_1_293' title='bbox 940 2821 1158 2883; x_wconf 89' lang='lat' dir='ltr'><strong>astronomicus</strong></span> <span class='ocrx_word' id='word_1_294' title='bbox 1183 2839 1218 2880; x_wconf 93' lang='lat' dir='ltr'><strong>eo</strong></span> <span class='ocrx_word' id='word_1_295' title='bbox 1242 2839 1320 2880; x_wconf 88' lang='lat' dir='ltr'><strong>anuo</strong></span> <span class='ocrx_word' id='word_1_296' title='bbox 1343 2820 1456 2881; x_wconf 91' lang='lat' dir='ltr'><strong>nullam</strong></span> <span class='ocrx_word' id='word_1_297' title='bbox 1471 2817 1552 2880; x_wconf 83' lang='lat' dir='ltr'><strong>Solis</strong></span> <span class='ocrx_word' id='word_1_298' title='bbox 1567 2816 1664 2896; x_wconf 89' lang='lat' dir='ltr'><strong>eclip-</strong></span> 
     </span>
     <span class='ocr_line' id='line_1_30' title="bbox 302 2903 1660 2990; baseline -0.002 -20"><span class='ocrx_word' id='word_1_299' title='bbox 302 2909 348 2970; x_wconf 88' lang='lat' dir='ltr'><strong>sin</strong></span> <span class='ocrx_word' id='word_1_300' title='bbox 374 2907 534 2982; x_wconf 89' lang='lat' dir='ltr'><strong>exhibeat;</strong></span> <span class='ocrx_word' id='word_1_301' title='bbox 554 2908 622 2986; x_wconf 87' lang='lat' dir='ltr'><strong>jure</strong></span> <span class='ocrx_word' id='word_1_302' title='bbox 646 2909 820 2984; x_wconf 88' lang='lat' dir='ltr'><strong>credideris,</strong></span> <span class='ocrx_word' id='word_1_303' title='bbox 843 2910 1010 2990; x_wconf 90' lang='lat' dir='ltr'><strong>prodigium</strong></span> <span class='ocrx_word' id='word_1_304' title='bbox 1034 2911 1063 2971; x_wconf 92' lang='lat' dir='ltr'><strong>in</strong></span> <span class='ocrx_word' id='word_1_305' title='bbox 1089 2907 1160 2970; x_wconf 88' lang='lat' dir='ltr'><strong>Sole</strong></span> <span class='ocrx_word' id='word_1_306' title='bbox 1184 2909 1296 2970; x_wconf 85' lang='lat' dir='ltr'><strong>factum</strong></span> <span class='ocrx_word' id='word_1_307' title='bbox 1316 2907 1505 2987; x_wconf 88' lang='lat' dir='ltr'><strong>inspectante</strong></span> <span class='ocrx_word' id='word_1_308' title='bbox 1520 2903 1660 2968; x_wconf 83' lang='lat' dir='ltr'><strong>universo</strong></span> 
     </span>
     <span class='ocr_line' id='line_1_31' title="bbox 305 2993 1664 3080; baseline -0.003 -21"><span class='ocrx_word' id='word_1_309' title='bbox 305 2995 456 3059; x_wconf 89' lang='lat' dir='ltr'><strong>exercitu:</strong></span> <span class='ocrx_word' id='word_1_310' title='bbox 496 2998 581 3064; x_wconf 86' lang='lat' dir='ltr'><strong>(uam</strong></span> <span class='ocrx_word' id='word_1_311' title='bbox 613 2999 783 3080; x_wconf 85' lang='lat' dir='ltr'><strong>Bautingus</strong></span> <span class='ocrx_word' id='word_1_312' title='bbox 817 3019 912 3078; x_wconf 90' lang='lat' dir='ltr'><strong>nugas</strong></span> <span class='ocrx_word' id='word_1_313' title='bbox 946 2999 1010 3078; x_wconf 88' lang='lat' dir='ltr'><strong>agit</strong></span> <span class='ocrx_word' id='word_1_314' title='bbox 1041 2997 1144 3076; x_wconf 89' lang='lat' dir='ltr'><strong>eclipsi</strong></span> <span class='ocrx_word' id='word_1_315' title='bbox 1179 2999 1327 3077; x_wconf 88' lang='lat' dir='ltr'><strong>producta</strong></span> <span class='ocrx_word' id='word_1_316' title='bbox 1358 2996 1409 3057; x_wconf 88' lang='lat' dir='ltr'><strong>vix</strong></span> <span class='ocrx_word' id='word_1_317' title='bbox 1440 2993 1459 3059; x_wconf 89' lang='lat'>3</span> <span class='ocrx_word' id='word_1_318' title='bbox 1491 2995 1664 3072; x_wconf 82' lang='lat' dir='ltr'><strong>digitorum,</strong></span> 
     </span>
     <span class='ocr_line' id='line_1_32' title="bbox 304 3084 1663 3168; baseline -0.001 -22"><span class='ocrx_word' id='word_1_319' title='bbox 304 3103 400 3163; x_wconf 87' lang='lat' dir='ltr'><strong>eaque</strong></span> <span class='ocrx_word' id='word_1_320' title='bbox 424 3103 502 3146; x_wconf 90' lang='lat' dir='ltr'><strong>anno</strong></span> <span class='ocrx_word' id='word_1_321' title='bbox 526 3085 642 3164; x_wconf 86' lang='lat' dir='ltr'><strong>priore)</strong></span> <span class='ocrx_word' id='word_1_322' title='bbox 673 3089 731 3151; x_wconf 88' lang='lat' dir='ltr'><strong>nisi</strong></span> <span class='ocrx_word' id='word_1_323' title='bbox 755 3089 875 3150; x_wconf 90' lang='lat' dir='ltr'><strong>biennio</strong></span> <span class='ocrx_word' id='word_1_324' title='bbox 899 3096 970 3168; x_wconf 90' lang='lat' dir='ltr'><strong>post</strong></span> <span class='ocrx_word' id='word_1_325' title='bbox 993 3087 1070 3148; x_wconf 90' lang='lat' dir='ltr'><strong>hunc</strong></span> <span class='ocrx_word' id='word_1_326' title='bbox 1093 3087 1206 3148; x_wconf 85' lang='lat' dir='ltr'><strong>Xerxis</strong></span> <span class='ocrx_word' id='word_1_327' title='bbox 1237 3086 1397 3148; x_wconf 88' lang='lat' dir='ltr'><strong>transitum</strong></span> <span class='ocrx_word' id='word_1_328' title='bbox 1426 3085 1559 3146; x_wconf 90' lang='lat' dir='ltr'><strong>calculus</strong></span> <span class='ocrx_word' id='word_1_329' title='bbox 1582 3084 1663 3144; x_wconf 91' lang='lat' dir='ltr'><strong>Pru-</strong></span> 
     </span>
     <span class='ocr_line' id='line_1_33' title="bbox 304 3173 1663 3256; baseline -0.003 -21"><span class='ocrx_word' id='word_1_330' title='bbox 304 3173 423 3235; x_wconf 89' lang='lat' dir='ltr'><strong>tenicus</strong></span> <span class='ocrx_word' id='word_1_331' title='bbox 454 3174 616 3236; x_wconf 89' lang='lat' dir='ltr'><strong>maximam</strong></span> <span class='ocrx_word' id='word_1_332' title='bbox 641 3176 721 3240; x_wconf 90' lang='lat' dir='ltr'><strong>Solis</strong></span> <span class='ocrx_word' id='word_1_333' title='bbox 752 3177 877 3256; x_wconf 89' lang='lat' dir='ltr'><strong>eclipsin</strong></span> <span class='ocrx_word' id='word_1_334' title='bbox 908 3177 1101 3250; x_wconf 88' lang='lat' dir='ltr'><strong>ostenderet,</strong></span> <span class='ocrx_word' id='word_1_335' title='bbox 1132 3177 1207 3237; x_wconf 91' lang='lat' dir='ltr'><strong>hora</strong></span> <span class='ocrx_word' id='word_1_336' title='bbox 1234 3185 1306 3256; x_wconf 90' lang='lat' dir='ltr'><strong>post</strong></span> <span class='ocrx_word' id='word_1_337' title='bbox 1334 3174 1487 3235; x_wconf 87' lang='lat' dir='ltr'><strong>meridiem</strong></span> <span class='ocrx_word' id='word_1_338' title='bbox 1514 3173 1611 3251; x_wconf 85' lang='lat' dir='ltr'><strong>prima</strong></span> <span class='ocrx_word' id='word_1_339' title='bbox 1635 3173 1663 3232; x_wconf 92' lang='lat' dir='ltr'><strong>in</strong></span> 
     </span>
     <span class='ocr_line' id='line_1_34' title="bbox 304 3259 1665 3344; baseline 0 -21"><span class='ocrx_word' id='word_1_340' title='bbox 304 3261 396 3336; x_wconf 87' lang='lat' dir='ltr'><strong>Asia,</strong></span> <span class='ocrx_word' id='word_1_341' title='bbox 421 3279 546 3341; x_wconf 90' lang='lat' dir='ltr'><strong>eamque</strong></span> <span class='ocrx_word' id='word_1_342' title='bbox 571 3263 619 3326; x_wconf 92' lang='lat' dir='ltr'><strong>die</strong></span> <span class='ocrx_word' id='word_1_343' title='bbox 646 3264 695 3327; x_wconf 79' lang='lat'><strong>17.</strong></span> <span class='ocrx_word' id='word_1_344' title='bbox 720 3266 865 3338; x_wconf 86' lang='lat' dir='ltr'><strong>Febrarii,</strong></span> <span class='ocrx_word' id='word_1_345' title='bbox 890 3265 919 3326; x_wconf 90' lang='lat' dir='ltr'><strong>in</strong></span> <span class='ocrx_word' id='word_1_346' title='bbox 944 3259 1083 3339; x_wconf 41' lang='lat'><strong>24⁰&amp;</strong></span> <span class='ocrx_word' id='word_1_347' title='bbox 1109 3275 1140 3326; x_wconf 89' lang='lat' dir='ltr'><strong>et</strong></span> <span class='ocrx_word' id='word_1_348' title='bbox 1163 3264 1206 3325; x_wconf 89' lang='lat' dir='ltr'><strong>sic</strong></span> <span class='ocrx_word' id='word_1_349' title='bbox 1229 3266 1323 3344; x_wconf 88' lang='lat' dir='ltr'><strong>primo</strong></span> <span class='ocrx_word' id='word_1_350' title='bbox 1348 3283 1436 3337; x_wconf 86' lang='lat' dir='ltr'><strong>vere,</strong></span> <span class='ocrx_word' id='word_1_351' title='bbox 1463 3262 1540 3341; x_wconf 92' lang='lat' dir='ltr'><strong>quod</strong></span> <span class='ocrx_word' id='word_1_352' title='bbox 1563 3262 1665 3323; x_wconf 88' lang='lat' dir='ltr'><strong>Hero-</strong></span> 
     </span>
     <span class='ocr_line' id='line_1_35' title="bbox 304 3349 1665 3433; baseline 0 -23"><span class='ocrx_word' id='word_1_353' title='bbox 304 3350 367 3411; x_wconf 90' lang='lat' dir='ltr'><strong>doti</strong></span> <span class='ocrx_word' id='word_1_354' title='bbox 407 3351 573 3411; x_wconf 87' lang='lat' dir='ltr'><strong>recensioni</strong></span> <span class='ocrx_word' id='word_1_355' title='bbox 607 3355 755 3433; x_wconf 88' lang='lat' dir='ltr'><strong>cougruit.</strong></span> <span class='ocrx_word' id='word_1_356' title='bbox 802 3353 947 3432; x_wconf 87' lang='lat' dir='ltr'><strong>Suspicor</strong></span> <span class='ocrx_word' id='word_1_357' title='bbox 979 3353 1072 3430; x_wconf 90' lang='lat' dir='ltr'><strong>igitur</strong></span> <span class='ocrx_word' id='word_1_358' title='bbox 1110 3352 1228 3432; x_wconf 87' lang='lat' dir='ltr'><strong>lapsam</strong></span> <span class='ocrx_word' id='word_1_359' title='bbox 1261 3373 1329 3414; x_wconf 90' lang='lat' dir='ltr'><strong>esse</strong></span> <span class='ocrx_word' id='word_1_360' title='bbox 1362 3352 1488 3422; x_wconf 84' lang='lat' dir='ltr'><strong>samam,</strong></span> <span class='ocrx_word' id='word_1_361' title='bbox 1521 3371 1556 3411; x_wconf 92' lang='lat' dir='ltr'><strong>eo</strong></span> <span class='ocrx_word' id='word_1_362' title='bbox 1585 3349 1665 3430; x_wconf 93' lang='lat' dir='ltr'><strong>quod</strong></span> 
     </span>
     <span class='ocr_line' id='line_1_36' title="bbox 305 3437 1667 3524; baseline -0.003 -22"><span class='ocrx_word' id='word_1_363' title='bbox 305 3439 425 3502; x_wconf 86' lang='lat' dir='ltr'><strong>Xerxes</strong></span> <span class='ocrx_word' id='word_1_364' title='bbox 451 3437 496 3498; x_wconf 91' lang='lat' dir='ltr'><strong>bis</strong></span> <span class='ocrx_word' id='word_1_365' title='bbox 522 3439 652 3502; x_wconf 85' lang='lat' dir='ltr'><strong>fortasse</strong></span> <span class='ocrx_word' id='word_1_366' title='bbox 676 3441 823 3506; x_wconf 86' lang='lat' dir='ltr'><strong>Sardibus</strong></span> <span class='ocrx_word' id='word_1_367' title='bbox 855 3442 952 3504; x_wconf 86' lang='lat' dir='ltr'><strong>iverit.</strong></span> <span class='ocrx_word' id='word_1_368' title='bbox 999 3442 1080 3504; x_wconf 87' lang='lat' dir='ltr'><strong>Nam</strong></span> <span class='ocrx_word' id='word_1_369' title='bbox 1112 3443 1248 3520; x_wconf 81' lang='lat' dir='ltr'><strong>quamvis</strong></span> <span class='ocrx_word' id='word_1_370' title='bbox 1270 3441 1390 3504; x_wconf 85' lang='lat' dir='ltr'><strong>Xerxes</strong></span> <span class='ocrx_word' id='word_1_371' title='bbox 1423 3448 1505 3524; x_wconf 85' lang='lat' dir='ltr'><strong>esset</strong></span> <span class='ocrx_word' id='word_1_372' title='bbox 1537 3439 1667 3517; x_wconf 88' lang='lat' dir='ltr'><strong>undique</strong></span> 
     </span>
     <span class='ocr_line' id='line_1_37' title="bbox 308 3525 1668 3612; baseline -0.001 -24"><span class='ocrx_word' id='word_1_373' title='bbox 308 3527 416 3602; x_wconf 86' lang='lat' dir='ltr'><strong>victus,</strong></span> <span class='ocrx_word' id='word_1_374' title='bbox 441 3525 536 3607; x_wconf 88' lang='lat' dir='ltr'><strong>primo</strong></span> <span class='ocrx_word' id='word_1_375' title='bbox 557 3538 589 3590; x_wconf 90' lang='lat' dir='ltr'><strong>et</strong></span> <span class='ocrx_word' id='word_1_376' title='bbox 612 3532 745 3592; x_wconf 88' lang='lat' dir='ltr'><strong>secundo</strong></span> <span class='ocrx_word' id='word_1_377' title='bbox 769 3550 846 3592; x_wconf 89' lang='lat' dir='ltr'><strong>anuo</strong></span> <span class='ocrx_word' id='word_1_378' title='bbox 863 3529 1053 3612; x_wconf 86' lang='lat' dir='ltr'><strong>Olympiadis</strong></span> <span class='ocrx_word' id='word_1_379' title='bbox 1074 3529 1125 3604; x_wconf 84' lang='grc'><strong>75,</strong></span> <span class='ocrx_word' id='word_1_380' title='bbox 1151 3539 1251 3592; x_wconf 87' lang='lat' dir='ltr'><strong>tamen</strong></span> <span class='ocrx_word' id='word_1_381' title='bbox 1276 3549 1353 3591; x_wconf 89' lang='lat' dir='ltr'><strong>anno</strong></span> <span class='ocrx_word' id='word_1_382' title='bbox 1378 3529 1467 3591; x_wconf 90' lang='lat' dir='ltr'><strong>tertio</strong></span> <span class='ocrx_word' id='word_1_383' title='bbox 1483 3527 1668 3590; x_wconf 85' lang='lat' dir='ltr'><strong>Pausaniam</strong></span> 
     </span>
     <span class='ocr_line' id='line_1_38' title="bbox 311 3615 1668 3701; baseline -0.003 -21"><span class='ocrx_word' id='word_1_384' title='bbox 311 3617 348 3680; x_wconf 92' lang='lat' dir='ltr'><strong>de</strong></span> <span class='ocrx_word' id='word_1_385' title='bbox 372 3615 543 3696; x_wconf 88' lang='lat' dir='ltr'><strong>proditioue</strong></span> <span class='ocrx_word' id='word_1_386' title='bbox 568 3619 756 3688; x_wconf 88' lang='lat' dir='ltr'><strong>sollicitavit,</strong></span> <span class='ocrx_word' id='word_1_387' title='bbox 782 3619 905 3699; x_wconf 88' lang='lat' dir='ltr'><strong>ejusque</strong></span> <span class='ocrx_word' id='word_1_388' title='bbox 929 3620 971 3680; x_wconf 86' lang='lat' dir='ltr'><strong>rei</strong></span> <span class='ocrx_word' id='word_1_389' title='bbox 991 3620 1091 3698; x_wconf 90' lang='lat' dir='ltr'><strong>gratia</strong></span> <span class='ocrx_word' id='word_1_390' title='bbox 1111 3621 1211 3681; x_wconf 87' lang='lat' dir='ltr'><strong>forsan</strong></span> <span class='ocrx_word' id='word_1_391' title='bbox 1237 3639 1293 3701; x_wconf 94' lang='lat' dir='ltr'><strong>quo</strong></span> <span class='ocrx_word' id='word_1_392' title='bbox 1314 3627 1447 3699; x_wconf 90' lang='lat' dir='ltr'><strong>tempore</strong></span> <span class='ocrx_word' id='word_1_393' title='bbox 1468 3619 1541 3679; x_wconf 86' lang='lat' dir='ltr'><strong>baec</strong></span> <span class='ocrx_word' id='word_1_394' title='bbox 1563 3616 1668 3695; x_wconf 90' lang='lat' dir='ltr'><strong>eclipis</strong></span> 
     </span>
     <span class='ocr_line' id='line_1_39' title="bbox 310 3704 1669 3789; baseline -0.001 -21"><span class='ocrx_word' id='word_1_395' title='bbox 310 3704 441 3785; x_wconf 90' lang='lat' dir='ltr'><strong>contigit</strong></span> <span class='ocrx_word' id='word_1_396' title='bbox 473 3706 513 3767; x_wconf 86' lang='lat' dir='ltr'><strong>ad</strong></span> <span class='ocrx_word' id='word_1_397' title='bbox 544 3706 615 3770; x_wconf 89' lang='lat' dir='ltr'><strong>litus</strong></span> <span class='ocrx_word' id='word_1_398' title='bbox 644 3710 793 3789; x_wconf 89' lang='lat' dir='ltr'><strong>processit</strong></span> <span class='ocrx_word' id='word_1_399' title='bbox 823 3728 889 3772; x_wconf 88' lang='lat' dir='ltr'><strong>eum</strong></span> <span class='ocrx_word' id='word_1_400' title='bbox 920 3709 1062 3772; x_wconf 88' lang='lat' dir='ltr'><strong>exercitu.</strong></span> <span class='ocrx_word' id='word_1_401' title='bbox 1117 3709 1194 3770; x_wconf 87' lang='lat' dir='ltr'><strong>Nam</strong></span> <span class='ocrx_word' id='word_1_402' title='bbox 1224 3727 1301 3770; x_wconf 91' lang='lat' dir='ltr'><strong>anno</strong></span> <span class='ocrx_word' id='word_1_403' title='bbox 1330 3716 1474 3787; x_wconf 89' lang='lat' dir='ltr'><strong>sequente</strong></span> <span class='ocrx_word' id='word_1_404' title='bbox 1499 3706 1669 3767; x_wconf 86' lang='lat' dir='ltr'><strong>Pausanias</strong></span> 
     </span>
     <span class='ocr_line' id='line_1_40' title="bbox 311 3794 1669 3878; baseline -0.001 -22"><span class='ocrx_word' id='word_1_405' title='bbox 311 3794 493 3878; x_wconf 87' lang='lat' dir='ltr'><strong>proditionis</strong></span> <span class='ocrx_word' id='word_1_406' title='bbox 516 3795 603 3875; x_wconf 91' lang='lat' dir='ltr'><strong>hujus</strong></span> <span class='ocrx_word' id='word_1_407' title='bbox 631 3799 786 3860; x_wconf 86' lang='lat' dir='ltr'><strong>convictus</strong></span> <span class='ocrx_word' id='word_1_408' title='bbox 814 3805 846 3860; x_wconf 89' lang='lat' dir='ltr'><strong>et</strong></span> <span class='ocrx_word' id='word_1_409' title='bbox 875 3798 954 3860; x_wconf 88' lang='lat' dir='ltr'><strong>fame</strong></span> <span class='ocrx_word' id='word_1_410' title='bbox 985 3807 1108 3859; x_wconf 90' lang='lat' dir='ltr'><strong>enectus</strong></span> <span class='ocrx_word' id='word_1_411' title='bbox 1137 3798 1203 3860; x_wconf 81' lang='lat' dir='ltr'><strong>luit</strong></span> <span class='ocrx_word' id='word_1_412' title='bbox 1250 3797 1317 3858; x_wconf 84' lang='lat' dir='ltr'><strong>Huc</strong></span> <span class='ocrx_word' id='word_1_413' title='bbox 1341 3797 1416 3857; x_wconf 89' lang='lat' dir='ltr'><strong>facit</strong></span> <span class='ocrx_word' id='word_1_414' title='bbox 1437 3797 1491 3857; x_wconf 92' lang='lat' dir='ltr'><strong>illa</strong></span> <span class='ocrx_word' id='word_1_415' title='bbox 1514 3812 1669 3874; x_wconf 88' lang='lat' dir='ltr'><strong>magorum</strong></span> 
     </span>
    </p>
   </div>
   <div class='ocr_carea' id='block_1_7' title="bbox 212 3883 1579 3968">
    <p class='ocr_par' dir='ltr' id='par_1_8' title="bbox 212 3883 1579 3968">
     <span class='ocr_line' id='line_1_41' title="bbox 212 3883 1579 3968; baseline 0.001 -22"><span class='ocrx_word' id='word_1_416' title='bbox 212 3932 223 3938; x_wconf 90' lang='lat'><em>-</em></span> <span class='ocrx_word' id='word_1_417' title='bbox 310 3883 533 3964; x_wconf 88' lang='lat' dir='ltr'><strong>interpretatio,</strong></span> <span class='ocrx_word' id='word_1_418' title='bbox 557 3907 574 3948; x_wconf 91' lang='lat' dir='ltr'><strong>e</strong></span> <span class='ocrx_word' id='word_1_419' title='bbox 597 3906 629 3948; x_wconf 92' lang='lat' dir='ltr'><strong>re</strong></span> <span class='ocrx_word' id='word_1_420' title='bbox 653 3887 807 3967; x_wconf 87' lang='lat' dir='ltr'><strong>praesenti</strong></span> <span class='ocrx_word' id='word_1_421' title='bbox 830 3895 938 3960; x_wconf 89' lang='lat' dir='ltr'><strong>sumta,</strong></span> <span class='ocrx_word' id='word_1_422' title='bbox 962 3897 1111 3968; x_wconf 79' lang='lat' dir='ltr'><strong>significari</strong></span> <span class='ocrx_word' id='word_1_423' title='bbox 1133 3896 1247 3951; x_wconf 78' lang='lat' dir='ltr'><strong>Graecis</strong></span> <span class='ocrx_word' id='word_1_424' title='bbox 1267 3897 1405 3950; x_wconf 76' lang='lat' dir='ltr'><strong>defectum</strong></span> <span class='ocrx_word' id='word_1_425' title='bbox 1426 3894 1579 3950; x_wconf 78' lang='lat' dir='ltr'><strong>civitatum.</strong></span> 
     </span>
    </p>
   </div>
   <div class='ocr_carea' id='block_1_8' title="bbox 309 3989 1670 4427">
    <p class='ocr_par' dir='ltr' id='par_1_9' title="bbox 309 3989 1670 4427">
     <span class='ocr_line' id='line_1_42' title="bbox 399 3989 1668 4076; baseline -0.004 -23"><span class='ocrx_word' id='word_1_426' title='bbox 399 3990 498 4076; x_wconf 88' lang='lat' dir='ltr'><strong>Saepe</strong></span> <span class='ocrx_word' id='word_1_427' title='bbox 523 3994 665 4073; x_wconf 88' lang='lat' dir='ltr'><strong>cogitavi,</strong></span> <span class='ocrx_word' id='word_1_428' title='bbox 691 4015 728 4056; x_wconf 89' lang='lat' dir='ltr'><strong>au</strong></span> <span class='ocrx_word' id='word_1_429' title='bbox 752 3995 827 4056; x_wconf 88' lang='lat' dir='ltr'><strong>haec</strong></span> <span class='ocrx_word' id='word_1_430' title='bbox 852 3994 919 4074; x_wconf 91' lang='lat' dir='ltr'><strong>ipsa</strong></span> <span class='ocrx_word' id='word_1_431' title='bbox 942 3995 983 4056; x_wconf 92' lang='lat' dir='ltr'><strong>sit</strong></span> <span class='ocrx_word' id='word_1_432' title='bbox 999 3995 1130 4073; x_wconf 89' lang='lat' dir='ltr'><strong>eclipsis,</strong></span> <span class='ocrx_word' id='word_1_433' title='bbox 1156 4011 1231 4072; x_wconf 90' lang='lat' dir='ltr'><strong>quae</strong></span> <span class='ocrx_word' id='word_1_434' title='bbox 1249 3991 1442 4055; x_wconf 85' lang='lat' dir='ltr'><strong>Cleombroto</strong></span> <span class='ocrx_word' id='word_1_435' title='bbox 1467 3992 1506 4052; x_wconf 89' lang='lat' dir='ltr'><strong>ad</strong></span> <span class='ocrx_word' id='word_1_436' title='bbox 1520 3989 1668 4051; x_wconf 86' lang='lat' dir='ltr'><strong>isthmum</strong></span> 
     </span>
     <span class='ocr_line' id='line_1_43' title="bbox 309 4076 1669 4165; baseline -0.005 -21"><span class='ocrx_word' id='word_1_437' title='bbox 309 4081 493 4144; x_wconf 86' lang='lat' dir='ltr'><strong>sacrificanti</strong></span> <span class='ocrx_word' id='word_1_438' title='bbox 517 4084 666 4162; x_wconf 90' lang='lat' dir='ltr'><strong>apparuit,</strong></span> <span class='ocrx_word' id='word_1_439' title='bbox 693 4103 728 4146; x_wconf 92' lang='lat' dir='ltr'><strong>eo</strong></span> <span class='ocrx_word' id='word_1_440' title='bbox 751 4103 822 4145; x_wconf 89' lang='lat' dir='ltr'><strong>vere</strong></span> <span class='ocrx_word' id='word_1_441' title='bbox 846 4084 924 4165; x_wconf 88' lang='lat' dir='ltr'><strong>quod</strong></span> <span class='ocrx_word' id='word_1_442' title='bbox 948 4084 1082 4163; x_wconf 87' lang='lat' dir='ltr'><strong>proxime</strong></span> <span class='ocrx_word' id='word_1_443' title='bbox 1107 4090 1212 4144; x_wconf 84' lang='lat' dir='ltr'><strong>secuta</strong></span> <span class='ocrx_word' id='word_1_444' title='bbox 1236 4088 1283 4142; x_wconf 89' lang='lat' dir='ltr'><strong>est</strong></span> <span class='ocrx_word' id='word_1_445' title='bbox 1307 4081 1409 4142; x_wconf 87' lang='lat' dir='ltr'><strong>clades</strong></span> <span class='ocrx_word' id='word_1_446' title='bbox 1424 4078 1589 4141; x_wconf 90' lang='lat' dir='ltr'><strong>Mardonii:</strong></span> <span class='ocrx_word' id='word_1_447' title='bbox 1615 4076 1669 4137; x_wconf 89' lang='lat' dir='ltr'><strong>sed</strong></span> 
     </span>
     <span class='ocr_line' id='line_1_44' title="bbox 310 4160 1670 4252; baseline -0.004 -20"><span class='ocrx_word' id='word_1_448' title='bbox 310 4169 443 4232; x_wconf 87' lang='lat' dir='ltr'><strong>calculus</strong></span> <span class='ocrx_word' id='word_1_449' title='bbox 476 4188 534 4231; x_wconf 91' lang='lat' dir='ltr'><strong>nou</strong></span> <span class='ocrx_word' id='word_1_450' title='bbox 566 4173 728 4235; x_wconf 87' lang='lat' dir='ltr'><strong>consentit.</strong></span> <span class='ocrx_word' id='word_1_451' title='bbox 782 4172 826 4234; x_wconf 80' lang='lat' dir='ltr'><strong>Et</strong></span> <span class='ocrx_word' id='word_1_452' title='bbox 855 4173 974 4234; x_wconf 87' lang='lat' dir='ltr'><strong>nescias</strong></span> <span class='ocrx_word' id='word_1_453' title='bbox 1008 4194 1047 4233; x_wconf 91' lang='lat' dir='ltr'><strong>au</strong></span> <span class='ocrx_word' id='word_1_454' title='bbox 1076 4191 1130 4252; x_wconf 91' lang='lat' dir='ltr'><strong>per</strong></span> <span class='ocrx_word' id='word_1_455' title='bbox 1154 4172 1228 4232; x_wconf 89' lang='lat' dir='ltr'><strong>baec</strong></span> <span class='ocrx_word' id='word_1_456' title='bbox 1259 4169 1406 4232; x_wconf 89' lang='lat' dir='ltr'><strong>Herodoti</strong></span> <span class='ocrx_word' id='word_1_457' title='bbox 1429 4169 1525 4230; x_wconf 86' lang='lat' dir='ltr'><strong>verba</strong></span> <span class='ocrx_word' id='word_1_458' title='bbox 1547 4162 1565 4228; x_wconf 85' lang='grc' dir='ltr'><strong>ὁ</strong></span> <span class='ocrx_word' id='word_1_459' title='bbox 1589 4160 1670 4244; x_wconf 74' lang='grc' dir='ltr'>ἣλιος</span> 
     </span>
     <span class='ocr_line' id='line_1_45' title="bbox 309 4255 1670 4341; baseline -0.004 -21"><span class='ocrx_word' id='word_1_460' title='bbox 309 4259 495 4338; x_wconf 79' lang='grc' dir='ltr'><strong><em>ἡμαυρωθη,</em></strong></span> <span class='ocrx_word' id='word_1_461' title='bbox 521 4259 643 4340; x_wconf 88' lang='lat' dir='ltr'><strong>eclipsis</strong></span> <span class='ocrx_word' id='word_1_462' title='bbox 667 4261 871 4339; x_wconf 88' lang='lat' dir='ltr'><strong>intelligatur,</strong></span> <span class='ocrx_word' id='word_1_463' title='bbox 898 4280 936 4323; x_wconf 91' lang='lat' dir='ltr'><strong>an</strong></span> <span class='ocrx_word' id='word_1_464' title='bbox 961 4261 1175 4341; x_wconf 88' lang='lat' dir='ltr'><strong>qualiscunque</strong></span> <span class='ocrx_word' id='word_1_465' title='bbox 1208 4259 1379 4320; x_wconf 85' lang='lat' dir='ltr'><strong>obscuratio</strong></span> <span class='ocrx_word' id='word_1_466' title='bbox 1413 4277 1467 4318; x_wconf 91' lang='lat' dir='ltr'><strong>seu</strong></span> <span class='ocrx_word' id='word_1_467' title='bbox 1500 4255 1670 4318; x_wconf 85' lang='lat' dir='ltr'><strong>offuscatio.</strong></span> 
     </span>
     <span class='ocr_line' id='line_1_46' title="bbox 311 4347 872 4427; baseline 0.005 -18"><span class='ocrx_word' id='word_1_468' title='bbox 311 4349 398 4409; x_wconf 85' lang='lat' dir='ltr'><strong>Haeo</strong></span> <span class='ocrx_word' id='word_1_469' title='bbox 421 4347 514 4425; x_wconf 88' lang='lat' dir='ltr'><strong>igitur</strong></span> <span class='ocrx_word' id='word_1_470' title='bbox 537 4350 625 4427; x_wconf 89' lang='lat' dir='ltr'><strong>paulo</strong></span> <span class='ocrx_word' id='word_1_471' title='bbox 650 4349 792 4413; x_wconf 88' lang='lat' dir='ltr'><strong>incertior</strong></span> <span class='ocrx_word' id='word_1_472' title='bbox 815 4359 872 4412; x_wconf 90' lang='lat' dir='ltr'><strong>est.</strong></span> 
     </span>
    </p>
   </div>
   <div class='ocr_carea' id='block_1_9' title="bbox 403 4440 1672 4527">
    <p class='ocr_par' dir='ltr' id='par_1_10' title="bbox 403 4440 1672 4527">
     <span class='ocr_line' id='line_1_47' title="bbox 403 4440 1672 4527; baseline -0.004 -22"><span class='ocrx_word' id='word_1_473' title='bbox 403 4445 595 4525; x_wconf 84' lang='lat' dir='ltr'><strong>Thucydides</strong></span> <span class='ocrx_word' id='word_1_474' title='bbox 619 4447 670 4510; x_wconf 91' lang='lat' dir='ltr'><strong>lib.</strong></span> <span class='ocrx_word' id='word_1_475' title='bbox 694 4449 733 4510; x_wconf 88' lang='lat'><strong>11.</strong></span> <span class='ocrx_word' id='word_1_476' title='bbox 759 4467 837 4510; x_wconf 88' lang='lat' dir='ltr'><strong>anno</strong></span> <span class='ocrx_word' id='word_1_477' title='bbox 860 4448 956 4526; x_wconf 91' lang='lat' dir='ltr'><strong>primo</strong></span> <span class='ocrx_word' id='word_1_478' title='bbox 972 4446 1041 4508; x_wconf 89' lang='lat' dir='ltr'><strong>belli</strong></span> <span class='ocrx_word' id='word_1_479' title='bbox 1056 4445 1305 4527; x_wconf 87' lang='lat' dir='ltr'><strong>Peloponnesiaci</strong></span> <span class='ocrx_word' id='word_1_480' title='bbox 1330 4441 1550 4505; x_wconf 90' lang='lat' dir='ltr'><strong>memorabilem</strong></span> <span class='ocrx_word' id='word_1_481' title='bbox 1575 4440 1672 4518; x_wconf 88' lang='lat' dir='ltr'><strong>eclip-</strong></span> 
     </span>
    </p>
   </div>
   <div class='ocr_carea' id='block_1_10' title="bbox 312 4531 1696 4873">
    <p class='ocr_par' dir='ltr' id='par_1_11' title="bbox 312 4531 1696 4873">
     <span class='ocr_line' id='line_1_48' title="bbox 312 4531 1674 4616; baseline -0.003 -20"><span class='ocrx_word' id='word_1_482' title='bbox 312 4535 359 4596; x_wconf 90' lang='lat' dir='ltr'><strong>sin</strong></span> <span class='ocrx_word' id='word_1_483' title='bbox 383 4531 464 4595; x_wconf 89' lang='lat' dir='ltr'><strong>Solis</strong></span> <span class='ocrx_word' id='word_1_484' title='bbox 489 4534 649 4604; x_wconf 85' lang='lat' dir='ltr'><strong>describit,</strong></span> <span class='ocrx_word' id='word_1_485' title='bbox 684 4556 759 4616; x_wconf 88' lang='lat' dir='ltr'><strong>quae</strong></span> <span class='ocrx_word' id='word_1_486' title='bbox 784 4537 812 4598; x_wconf 90' lang='lat' dir='ltr'><strong>in</strong></span> <span class='ocrx_word' id='word_1_487' title='bbox 837 4555 945 4614; x_wconf 88' lang='lat' dir='ltr'><strong>annum</strong></span> <span class='ocrx_word' id='word_1_488' title='bbox 970 4533 999 4598; x_wconf 81' lang='lat'><strong>2.</strong></span> <span class='ocrx_word' id='word_1_489' title='bbox 1026 4533 1144 4616; x_wconf 88' lang='lat' dir='ltr'><strong>Olymp.</strong></span> <span class='ocrx_word' id='word_1_490' title='bbox 1169 4533 1211 4597; x_wconf 84' lang='grc'><strong>87</strong></span> <span class='ocrx_word' id='word_1_491' title='bbox 1235 4533 1358 4596; x_wconf 89' lang='lat' dir='ltr'><strong>incidit:</strong></span> <span class='ocrx_word' id='word_1_492' title='bbox 1405 4543 1452 4599; x_wconf 86' lang='lat' dir='ltr'><strong>sol</strong></span> <span class='ocrx_word' id='word_1_493' title='bbox 1478 4541 1582 4596; x_wconf 69' lang='lat' dir='ltr'><strong>denaia</strong></span> <span class='ocrx_word' id='word_1_494' title='bbox 1607 4547 1674 4610; x_wconf 86' lang='lat' dir='ltr'><strong>post</strong></span> 
     </span>
     <span class='ocr_line' id='line_1_49' title="bbox 312 4621 1674 4698; baseline -0.006 -18"><span class='ocrx_word' id='word_1_495' title='bbox 312 4625 451 4680; x_wconf 87' lang='lat' dir='ltr'><strong>meridiem</strong></span> <span class='ocrx_word' id='word_1_496' title='bbox 480 4630 511 4679; x_wconf 87' lang='lat' dir='ltr'><strong>st</strong></span> <span class='ocrx_word' id='word_1_497' title='bbox 539 4643 646 4682; x_wconf 88' lang='lat' dir='ltr'><strong>rursum</strong></span> <span class='ocrx_word' id='word_1_498' title='bbox 672 4627 802 4698; x_wconf 85' lang='lat' dir='ltr'><strong>impletus</strong></span> <span class='ocrx_word' id='word_1_499' title='bbox 831 4631 887 4690; x_wconf 89' lang='lat' dir='ltr'><strong>est,</strong></span> <span class='ocrx_word' id='word_1_500' title='bbox 919 4643 978 4680; x_wconf 87' lang='lat' dir='ltr'><strong>oum</strong></span> <span class='ocrx_word' id='word_1_501' title='bbox 1006 4625 1097 4680; x_wconf 87' lang='lat' dir='ltr'><strong>iactus</strong></span> <span class='ocrx_word' id='word_1_502' title='bbox 1127 4633 1205 4680; x_wconf 89' lang='lat' dir='ltr'><strong>esset</strong></span> <span class='ocrx_word' id='word_1_503' title='bbox 1223 4627 1321 4679; x_wconf 88' lang='lat' dir='ltr'><strong>Lunae</strong></span> <span class='ocrx_word' id='word_1_504' title='bbox 1351 4623 1489 4678; x_wconf 74' lang='lat' dir='ltr'><strong>nascemis</strong></span> <span class='ocrx_word' id='word_1_505' title='bbox 1517 4621 1612 4676; x_wconf 86' lang='lat' dir='ltr'><strong>similis</strong></span> <span class='ocrx_word' id='word_1_506' title='bbox 1643 4625 1674 4672; x_wconf 86' lang='lat' dir='ltr'><strong>et</strong></span> 
     </span>
     <span class='ocr_line' id='line_1_50' title="bbox 313 4695 1672 4782; baseline -0.006 -16"><span class='ocrx_word' id='word_1_507' title='bbox 313 4713 414 4767; x_wconf 82' lang='lat' dir='ltr'><strong>stellae</strong></span> <span class='ocrx_word' id='word_1_508' title='bbox 435 4714 586 4769; x_wconf 84' lang='lat' dir='ltr'><strong>nonnullae</strong></span> <span class='ocrx_word' id='word_1_509' title='bbox 612 4716 790 4771; x_wconf 79' lang='lat' dir='ltr'><strong>emulsirseut.</strong></span> <span class='ocrx_word' id='word_1_510' title='bbox 837 4705 908 4767; x_wconf 86' lang='lat' dir='ltr'><strong>Fuit</strong></span> <span class='ocrx_word' id='word_1_511' title='bbox 935 4701 966 4766; x_wconf 92' lang='lat'><strong>3.</strong></span> <span class='ocrx_word' id='word_1_512' title='bbox 992 4705 1122 4782; x_wconf 85' lang='lat' dir='ltr'><strong>Augusti</strong></span> <span class='ocrx_word' id='word_1_513' title='bbox 1156 4705 1253 4766; x_wconf 84' lang='lat' dir='ltr'><strong>forma</strong></span> <span class='ocrx_word' id='word_1_514' title='bbox 1279 4703 1403 4764; x_wconf 87' lang='lat' dir='ltr'><strong>Juliana</strong></span> <span class='ocrx_word' id='word_1_515' title='bbox 1433 4709 1504 4762; x_wconf 89' lang='lat' dir='ltr'><strong>ante</strong></span> <span class='ocrx_word' id='word_1_516' title='bbox 1532 4698 1569 4762; x_wconf 87' lang='lat' dir='ltr'><strong>C.</strong></span> <span class='ocrx_word' id='word_1_517' title='bbox 1594 4695 1672 4761; x_wconf 86' lang='grc'><strong>431.</strong></span> 
     </span>
     <span class='ocr_line' id='line_1_51' title="bbox 315 4787 1696 4873; baseline -0.003 -21"><span class='ocrx_word' id='word_1_518' title='bbox 315 4787 392 4852; x_wconf 80' lang='lat' dir='ltr'><strong>Cum</strong></span> <span class='ocrx_word' id='word_1_519' title='bbox 424 4808 515 4868; x_wconf 87' lang='lat' dir='ltr'><strong>saepe</strong></span> <span class='ocrx_word' id='word_1_520' title='bbox 545 4793 599 4854; x_wconf 88' lang='lat' dir='ltr'><strong>sub</strong></span> <span class='ocrx_word' id='word_1_521' title='bbox 629 4795 764 4873; x_wconf 90' lang='lat' dir='ltr'><strong>integras</strong></span> <span class='ocrx_word' id='word_1_522' title='bbox 798 4793 927 4873; x_wconf 91' lang='lat' dir='ltr'><strong>eclipses</strong></span> <span class='ocrx_word' id='word_1_523' title='bbox 956 4793 1064 4854; x_wconf 85' lang='lat' dir='ltr'><strong>stellae</strong></span> <span class='ocrx_word' id='word_1_524' title='bbox 1093 4812 1152 4854; x_wconf 90' lang='lat' dir='ltr'><strong>uon</strong></span> <span class='ocrx_word' id='word_1_525' title='bbox 1181 4799 1389 4872; x_wconf 87' lang='lat' dir='ltr'><strong>compareant,</strong></span> <span class='ocrx_word' id='word_1_526' title='bbox 1421 4789 1540 4852; x_wconf 87' lang='lat' dir='ltr'><strong>videtur</strong></span> <span class='ocrx_word' id='word_1_527' title='bbox 1568 4793 1696 4860; x_wconf 49' lang='lat' dir='ltr'><strong>auctor,</strong></span> 
     </span>
    </p>
   </div>
   <div class='ocr_carea' id='block_1_11' title="bbox 0 0 1883 5528">
    <p class='ocr_par' dir='ltr' id='par_1_12' title="bbox 0 0 1883 5528">
     <span class='ocr_line' id='line_1_52' title="bbox 0 0 1883 5528; baseline 0 0"><span class='ocrx_word' id='word_1_528' title='bbox 0 0 1883 5528; x_wconf 95' lang='lat' dir='ltr'><strong> </strong></span> 
     </span>
    </p>
   </div>
  </div>
 </body>
</html>
