3700 5530
662 333 666 342 .
751 281 896 360 tmere
916 293 940 345 r.
1457 289 1520 360 271

158 465 387 546 generahicis,
414 465 676 533 subterraneomm
698 469 884 534 calfactrlcis
907 476 940 533 et
961 467 1081 532 tetricis
1103 489 1123 532 a
1145 469 1258 548 frigore
1279 477 1423 548 superno,
1449 469 1523 534 ber·

164 555 353 619 musicorum
377 557 454 619 coeli
482 567 630 634 motum,
655 560 721 622 aine
745 561 864 638 quidem
887 560 1038 632 discursu,
1061 557 1268 637 perceptricis,
1291 557 1470 624 mirabilium
1492 559 1523 620 in

166 643 321 706 fossilibus
356 643 561 724 figurarum*)
595 647 797 710 fonnatricis:
830 657 865 710 nt
902 648 1029 728 palpare
1069 647 1153 708 illam
1191 645 1307 724 possis,
1346 646 1372 708 si
1400 657 1523 712 cernere

169 751 310 813 nequeas.
359 735 450 796 Adeo
472 751 591 814 semper
613 737 664 799 lux
687 736 809 798 animali
842 735 980 798 facultati
1005 753 1141 797 connexa
1164 741 1232 796 est:
1265 735 1398 814 adeoque
1429 753 1521 813 prae-

167 821 349 885 stantissimi
373 823 555 885 medicorum
577 825 658 887 vitae
682 825 795 886 fontem
819 824 848 885 in
873 825 962 886 corde
985 823 1126 886 animalis
1149 823 1290 884 flammae
1313 832 1499 901 comparant.

252 910 342 972 Haec
366 910 459 990 igitur
482 911 622 976 animalis
644 913 675 976 in
699 912 771 976 Sole
794 913 926 975 facultas
950 911 1024 974 lucis
1048 911 1236 989 productrix,
1269 910 1327 972 etsi
1351 920 1522 988 pertulum

168 1015 273 1078 corpus
298 1000 370 1062 fusa
392 1006 489 1062 totum
511 999 679 1064 inflammat
702 1003 776 1075 (uon
797 1009 830 1064 ut
853 1001 982 1063 alienam
1005 999 1163 1062 materiam
1179 1001 1388 1072 ‘consumtura
1412 1000 1467 1062 scd
1491 1010 1524 1064 ut

168 1088 318 1168 propriam
341 1088 541 1152 informatura
564 1099 596 1151 et
618 1091 781 1164 tutatuta),
804 1091 835 1153 iu
859 1097 963 1152 centro
985 1096 1089 1150 temen
1111 1087 1215 1174 sedem
1238 1087 1426 1166 potissimum
1450 1089 1523 1169 figet

169 1181 200 1236 et
221 1195 241 1236 a
263 1184 369 1238 cantro
393 1176 489 1239 lucem
520 1179 589 1258 (per
611 1179 758 1259 principia
781 1178 891 1258 capitis
914 1178 957 1254 Ι.)
985 1176 1015 1238 in
1045 1193 1131 1238 omne
1159 1191 1267 1254 corpus
1295 1185 1429 1256 sparget.
1475 1179 1522 1240 Ac

168 1282 233 1326 omn
256 1264 320 1326 sint
343 1282 419 1344 qnae
443 1284 481 1328 ex
504 1274 607 1329 centro
631 1266 896 1348 perpendiculares
919 1267 948 1327 in
972 1264 1167 1344 superficiem,
1192 1264 1409 1344 repercutietur
1432 1265 1523 1344 igitur

169 1355 219 1414 lna
247 1352 379 1434 undique
410 1373 430 1415 a
457 1355 613 1434 superficie
641 1375 718 1418 cara
749 1363 781 1417 et
812 1356 841 1417 in
872 1362 1006 1417 centrum
1036 1353 1229 1433 recolligatur
1257 1360 1291 1414 et
1311 1369 1366 1432 per
1387 1361 1523 1418 centrum

169 1441 322 1504 transiens
352 1442 383 1504 in
411 1443 596 1519 superficiem
629 1444 799 1524 oppositam
826 1443 991 1506 identidem
1013 1459 1209 1521 repercussus
1237 1441 1363 1505 iterabit
1389 1442 1429 1516 (I,
1456 1440 1521 1518 19).

168 1527 241 1590 Sive
264 1527 358 1608 igitur
380 1550 401 1591 a
422 1531 567 1610 principio
591 1541 687 1596 totum
702 1531 784 1596 Solis
808 1550 915 1612 corpus
939 1530 1107 1612 aequaliter
1129 1529 1259 1610 nudique
1282 1530 1321 1592 ab
1344 1531 1445 1594 anima
1467 1551 1523 1594 sna

168 1616 370 1680 inflammetur
393 1620 457 1682 sive
472 1621 568 1700 magis
591 1621 621 1682 in
636 1630 755 1684 centro:
779 1639 898 1700 semper
920 1621 950 1682 iu
973 1627 1076 1682 centm
1099 1619 1168 1699 plus
1191 1625 1240 1682 est
1262 1618 1299 1682 de
1323 1619 1379 1681 hoc
1393 1621 1520 1684 inaesti-

170 1706 446 1770 mabiliincendio.
479 1705 560 1778 Quia
582 1729 641 1772 non
664 1709 770 1772 obstet
791 1708 920 1770 medium
944 1707 1017 1770 foris
1040 1707 1138 1770 rarius
1153 1725 1319 1782 occurrens,
1344 1707 1521 1788 quominus

168 1793 283 1876 aliquid
305 1795 386 1856 intro
408 1798 645 1875 repercutietur:
670 1815 758 1879 quam
782 1797 981 1878 suspicionem
1005 1815 1097 1876 supra
1119 1813 1184 1875 cap.
1198 1795 1255 1858 IV.
1275 1796 1348 1860 Nro.
1369 1793 1400 1861 9.
1417 1816 1520 1860 exem-

166 1883 217 1962 plo
240 1883 355 1964 speculi
378 1884 499 1948 removi.

254 1971 394 2051 Erumpit
412 1981 511 2036 tamen
540 1974 701 2054 potissime
727 1993 799 2054 pars
831 1992 886 2052 per
916 1973 1104 2053 superficiem
1133 1971 1163 2034 in
1191 1981 1327 2054 apertum
1358 1976 1520 2050 aetherem,

166 2061 202 2122 de
227 2078 289 2141 qua
310 2069 384 2124 note
406 2062 481 2124 haec
503 2063 705 2126 membratim.
734 2063 866 2124 Primum
890 2061 960 2142 quie
974 2062 1132 2125 tribuimus
1155 2062 1223 2124 huic
1237 2062 1355 2140 corpori
1373 2082 1520 2126 summum

165 2149 291 2228 gradum
315 2149 494 2221 densitatis,
526 2153 723 2214 refractiones
756 2169 860 2214 omnes
883 2159 971 2213 erunt
992 2152 1023 2214 iu
1047 2150 1144 2230 ipsam
1167 2151 1444 2230 perpendicularem
1466 2171 1521 2232 per

167 2257 214 2311 ea,
239 2256 318 2317 quae
345 2239 444 2319 capite
459 2239 514 2301 lV.
537 2240 613 2305 h'ro.
629 2237 659 2303 6.
682 2258 768 2320 prop.
784 2239 814 2300 7.
839 2240 995 2320 disputata
1008 2246 1088 2302 sunt
1112 2240 1160 2301 Ao
1183 2240 1253 2320 quia
1275 2256 1329 2318 per
1350 2239 1390 2316 X,
1415 2237 1444 2305 9.
1460 2241 1520 2305 Vi-

166 2325 297 2388 telliouis
321 2327 429 2390 iisdem
453 2329 539 2390 lineis
563 2329 715 2409 egreditur
738 2330 835 2390 forme
857 2347 895 2389 ex
918 2329 1011 2390 denso
1035 2329 1064 2390 in
1088 2345 1196 2402 rarum,
1224 2328 1329 2407 quibus
1351 2328 1519 2408 ingreditur

166 2432 274 2476 eraro
298 2415 327 2476 iu
353 2415 494 2478 densum:
528 2418 682 2497 ingressus
706 2435 792 2492 vcro,
826 2417 905 2496 quod
923 2417 989 2496 jam
1013 2416 1136 2490 dictum,
1159 2417 1194 2479 lit
1215 2417 1422 2479 tantummodo
1445 2436 1517 2497 per-

167 2504 410 2582 pendicularibus
434 2505 465 2566 iu
480 2516 613 2568 centrum
628 2506 820 2568 coeuntibus:
845 2523 936 2584 quere
959 2508 1057 2568 nullus
1080 2506 1133 2566 liet
1155 2523 1295 2584 egressus
1310 2505 1397 2566 ullius
1416 2507 1519 2586 puncti

166 2592 319 2672 (quamvis
351 2593 499 2656 radiantis
529 2596 556 2656 in
590 2595 706 2666 orbem)
734 2594 814 2658 intra
847 2612 954 2674 corpus
982 2593 1064 2659 Solis
1092 2593 1262 2668 existentis,
1286 2593 1345 2654 nisi
1373 2593 1402 2654 in
1430 2595 1517 2658 lineis

166 2681 473 2759 perpendicularibus.

255 2769 401 2832 Vicissim
424 2772 496 2850 quia
518 2771 555 2832 ad
580 2787 668 2832 unum
691 2777 834 2850 puuctum
857 2769 947 2832 medii
970 2762 1117 2832 densioris
1146 2767 1212 2830 duci
1235 2776 1362 2849 possunt
1384 2767 1517 2833 infinitae

165 2865 269 2920 rectae
301 2878 340 2920 ex
381 2859 479 2922 medio
515 2860 628 2922 rariore
665 2861 828 2922 secundum
865 2859 997 2921 infinitas
1032 2857 1261 2932 inclinationes,
1304 2877 1407 2920 omnes
1444 2877 1516 2920 vero

167 2946 319 3010 inmedio
352 2967 487 3010 summae
518 2948 677 3011 densitatis
709 2947 913 3026 refringantur
939 2945 970 3008 iu
997 2966 1087 3010 unam
1118 2948 1202 3009 illam
1230 2946 1517 3026 perpendicularem,

165 3055 242 3116 quac
273 3055 293 3098 a
320 3045 463 3116 suscepto
495 3045 607 3118 puncto
639 3036 669 3098 in
697 3047 832 3100 centrum
865 3035 997 3098 ducitur:
1037 3055 1108 3117 ergo
1143 3036 1247 3096 cadem
1279 3034 1518 3098 ratiocinationis

166 3124 311 3186 methodo
335 3136 470 3188 centrum
492 3126 627 3206 corporis
651 3123 777 3200 Solaris,
802 3125 939 3205 quamvis
961 3125 1043 3188 intre
1064 3141 1172 3203 corpus
1195 3124 1303 3198 latens,
1327 3141 1382 3203 per
1404 3131 1518 3188 rectam

165 3223 266 3276 tamen
291 3233 448 3294 egressum
469 3215 499 3278 in
523 3213 690 3294 superficiei
723 3222 838 3276 certum
866 3213 988 3294 aliquod
1015 3223 1175 3294 puuctum,
1210 3213 1250 3276 ab
1272 3233 1308 3274 eo
1331 3221 1442 3292 puncto
1464 3232 1520 3293 per

165 3311 262 3364 totum
286 3312 448 3382 spargetur
475 3302 743 3384 hemisphaerium:
777 3313 809 3366 et
831 3303 876 3365 sic
899 3318 954 3382 per
976 3303 1093 3366 infinita
1119 3321 1194 3365 suae
1216 3301 1385 3383 superficiei
1406 3311 1520 3382 puncta

164 3391 308 3455 infinities
330 3409 385 3472 per
407 3400 505 3456 totum
526 3399 686 3472 spargetur
709 3392 969 3472 hemisphaerium.

250 3481 372 3544 Puncta
393 3499 465 3543 vcro
488 3491 575 3542 extra
598 3487 746 3555 centrum,
775 3480 801 3542 si
830 3499 920 3560 quam
951 3489 984 3542 et
1005 3479 1074 3560 ipsa
1102 3481 1199 3542 luceru
1221 3499 1258 3540 ex
1282 3479 1397 3543 enimes
1422 3480 1517 3542 infor-

163 3569 296 3634 mationa
321 3569 469 3643 obtinent,
493 3589 551 3632 non
576 3577 757 3650 spargentur
779 3569 861 3631 foras
885 3569 1000 3633 inulla
1022 3569 1084 3631 alie
1106 3569 1186 3632 linea
1214 3570 1263 3642 (ut
1285 3571 1368 3650 prius
1391 3568 1517 3642 dictum)

164 3659 218 3722 uisi
243 3660 275 3720 in
296 3677 342 3733 ea,
367 3677 444 3739 quae
468 3678 507 3721 ex
528 3676 561 3720 se
585 3677 639 3739 per
653 3665 787 3720 centrum
801 3656 933 3719 ducitur:
959 3665 990 3719 et
1007 3657 1051 3720 sic
1066 3657 1266 3738 cujuscunque
1282 3657 1384 3738 puncti
1397 3665 1518 3736 praeter

162 3757 300 3810 centrum
329 3747 458 3810 radiatio
490 3749 519 3810 in
552 3749 693 3810 mundum
724 3746 973 3825 hemisphaeralis
1011 3765 1076 3810 cum
1105 3767 1164 3808 una
1196 3747 1299 3826 aliqua
1330 3765 1368 3808 cx
1394 3744 1517 3807 infinitis

161 3837 259 3900 centri
274 3836 564 3916 hemispheeralibus
579 3835 799 3898 radiationibus
814 3835 972 3909 coincidit;
996 3853 1051 3896 nec
1066 3835 1124 3897 crit
1138 3835 1229 3896 ubam
1246 3836 1277 3896 in
1294 3832 1517 3914 propinquitate

160 3927 258 3990 centri
281 3924 487 4008 privilegium:
518 3933 550 3988 ct
576 3943 665 3988 unum
699 3931 832 3986 ceuuum
861 3923 1084 4004 aequepollabit
1110 3923 1249 3986 universo
1281 3920 1407 4000 corpori.
1453 3919 1517 3982 Imo

248 4183 278 4258 *)
299 4189 464 4258 Respondet
491 4187 561 4240 haec
589 4185 693 4240 Terrae
722 4183 845 4240 facultas
880 4182 1031 4240 formatrici
1059 4180 1188 4236 facultati
1215 4179 1288 4236 uteri
1316 4178 1451 4241 materni:
1485 4187 1518 4233 nt

161 4272 279 4326 altemm
310 4268 429 4324 citemus
459 4265 603 4335 exemplar
633 4265 705 4320 forte
726 4271 756 4318 et
783 4264 905 4320 sobolem
936 4281 998 4318 esse
1018 4261 1057 4316 sit
1082 4260 1276 4318 necessarium.
1317 4259 1388 4313 Nam
1412 4260 1517 4330 figurae

161 4353 259 4406 format
286 4367 342 4406 non
374 4355 484 4402 tantum
512 4345 696 4418 geometricas
725 4339 767 4413 (in
793 4346 940 4398 adamante
970 4341 1173 4413 perfectissime
1202 4342 1353 4404 tetreddre,
1384 4341 1467 4392 cubos
1489 4339 1517 4392 in

159 4433 240 4488 variis
260 4429 404 4492 materiis,
426 4428 455 4482 in
476 4443 540 4480 aere
562 4431 713 4496 argentoso
733 4424 858 4478 Dresdee
879 4423 1045 4478 anteriorem
1066 4421 1164 4476 facicm
1190 4417 1367 4484 dodecetdri,
1388 4419 1416 4473 in
1438 4419 1516 4472 fossi-

159 4513 226 4568 libus
259 4513 434 4567 thermarum
455 4505 623 4561 Bollensium
644 4503 809 4558 anteriorem
830 4503 928 4557 faciem
949 4501 1083 4557 icoseddri
1101 4498 1177 4566 ridi),
1199 4502 1246 4553 sed
1268 4499 1352 4554 etiam
1372 4500 1515 4562 humanas,

158 4591 258 4648 ferinas
281 4591 342 4656 dre,
366 4603 461 4659 reges,
483 4585 635 4657 pontifices,
657 4581 821 4646 monachos,
843 4581 959 4646 milites,
982 4581 1080 4636 habitu
1099 4597 1131 4632 eo
1152 4595 1231 4650 quem
1245 4595 1309 4633 vers
1331 4585 1447 4650 gestem
1467 4593 1517 4649 pro

156 4681 292 4746 tempore,
325 4671 369 4724 sio
391 4667 534 4732 cochleas,
565 4663 732 4727 testudines,
763 4662 945 4734 amygdalas,
975 4678 1073 4723 nuces,
1104 4673 1206 4713 cornua
1226 4657 1274 4713 doc.
1305 4659 1418 4727 perinde
1440 4673 1473 4713 ec
1494 4659 1517 4712 si

152 4753 240 4812 instar
269 4751 401 4810 feminae
430 4745 614 4818 praegnantis
646 4744 759 4796 horrore
779 4759 815 4796 ex
843 4743 927 4798 rebus
953 4739 1157 4794 occurrentibus
1186 4739 1295 4802 oborto,
1325 4740 1431 4810 ligures
1452 4738 1516 4793 illes

147 4855 197 4910 per
216 4831 460 4907 imaginationem
480 4825 704 4896 trarnplantaret
723 4822 751 4876 in
771 4822 884 4876 foetum.
