3476 5532
645 277 728 330 Notas
745 277 859 330 ilditorls.
1364 279 1428 346 837

44 453 185 510 mobile.
214 453 331 504 coslum
358 455 470 504 indicant
497 469 551 504 essa
578 456 688 508 omnibus
715 455 822 506 numeris
851 457 1055 509 absolutissimum
1082 457 1168 520 (brist
1188 459 1218 509 de
1238 455 1313 508 Coelo
1330 459 1370 514 Π,
1389 454 1426 519 t).

45 523 198 574 Motum
217 539 310 590 quoque
329 526 451 576 coelorum
470 525 554 576 vident
572 527 723 588 circularem,
743 527 783 592 qul
795 530 821 578 in
834 544 860 579 se
879 531 932 594 ipso
949 531 1013 580 sicut
1031 537 1057 580 et
1069 530 1137 580 linea
1155 530 1287 588 circularis,
1307 529 1428 591 infinitus,

46 597 305 666 principimmodio
324 605 350 648 et
367 597 417 647 lino
437 603 522 660 caret,
543 603 569 647 et
588 598 680 650 ldelrco
695 601 857 660 incremento,
878 601 1034 652 decremento
1054 607 1079 652 ot
1090 603 1166 668 vigori
1185 601 1302 651 obnoxius
1318 607 1426 651 nonest.

49 665 156 728 Quam
178 669 210 718 ob
229 683 280 718 rom
298 669 358 718 nihil
385 683 468 720 eorum
495 683 603 736 unquam
629 671 747 736 languore
773 677 818 722 aut
842 673 974 738 aliqnando
1002 663 1144 740 oidurupesq
1172 673 1279 739 quadam
1305 673 1428 733 laborare,
1482 673 1485 680 '

50 737 210 806 aliquando
229 754 285 790 roro
304 741 336 791 ab
355 755 386 790 ea
403 741 472 791 relisi
491 748 565 806 atque
583 743 619 792 sio
637 741 714 791 ullam
732 756 789 792 sere
812 744 949 810 inaequalis
967 753 1047 794 motus
1067 758 1169 796 causam
1191 749 1319 807 praestare
1336 752 1426 808 potest.

163 829 254 880 Tesis
273 829 319 882 111.
356 829 410 892 Hoc
428 830 493 882 idem
513 831 651 887 Asuonomi
670 845 686 881 a
703 833 830 896 posteriori
848 833 1018 885 demonstrant
1042 849 1071 884 ax
1098 835 1252 898 integrarum
1275 834 1428 896 periodorum

53 909 89 952 et
111 917 145 950 ex
166 903 354 966 particularium
372 903 578 967 inaequalitatum
595 903 683 954 reditu.
719 903 782 954 Illae
801 907 867 955 enim
885 907 957 956 statis
979 906 1127 970 temporibus
1147 912 1173 954 et
1190 905 1292 968 perenni
1318 904 1436 968 aequali-¹

52 979 122 1022 tate
144 975 269 1036 exquisite
296 975 473 1030 restituuntnr;
502 973 551 1025 hae
568 990 624 1026 vero
643 981 698 1038 post
715 973 827 1040 periodos
850 977 984 1040 completas
1011 975 1162 1042 parimodo
1182 983 1207 1025 et
1227 976 1351 1026 anomalia
1369 991 1428 1026 con-

53 1045 230 1166 qstantissqqq
246 1052 381 1096 recurrunt
406 1043 487 1098 Recte
506 1061 564 1114 ergo
583 1046 744 1105 concluditur,
763 1047 827 1113 quod
845 1049 871 1098 iu
885 1049 1031 1100 coelestibus
1049 1048 1155 1098 motibus
1173 1045 1244 1098 nulla
1261 1047 1429 1112 irregularitas

67 1130 155 1166 ocum
231 1123 280 1166 eat.

164 1185 330 1252 Keplorus
348 1189 444 1253 pergit:
465 1186 557 1239 contra
573 1187 621 1240 111.

163 1262 228 1316 Etsi
241 1262 328 1334 igitur
341 1279 435 1316 verum
450 1269 501 1328 est,
517 1262 643 1334 integras
657 1261 784 1334 periodos
795 1279 856 1316 esse
870 1264 1012 1333 aequales,
1027 1270 1183 1320 nontamen
1199 1261 1331 1334 sequitur,
1346 1277 1428 1316 unam

60 1343 218 1416 periodum
233 1361 284 1414 per
297 1351 393 1414 partes
408 1360 469 1396 esse
484 1343 637 1414 aequalem.
669 1341 802 1406 Vicissim,
818 1343 871 1397 etsi
885 1343 990 1413 periodi
1003 1361 1055 1414 per
1067 1353 1163 1415 partes
1178 1349 1244 1398 sunt
1257 1344 1426 1414 inaequales,
1447 1342 1451 1356 '

60 1435 150 1480 recte
166 1431 261 1480 tamms
282 1424 388 1489 dicitur,
408 1426 479 1496 quod
493 1424 522 1478 in
536 1423 702 1478 coelestibus
724 1423 843 1478 mohbus
863 1424 943 1478 nulla
961 1423 1155 1498 irregularitas
1174 1423 1248 1479 insit.
1291 1423 1345 1476 Illa
1364 1440 1427 1476 vero

64 1505 201 1560 conlusio
221 1504 321 1577 ingens
342 1514 372 1558 et
393 1511 516 1575 tempore
537 1502 653 1570 infinita,
678 1519 749 1576 quae
773 1503 866 1559 oculos
889 1503 1012 1568 incurrit,
1035 1522 1087 1576 per
1108 1503 1289 1576 paucissimas
1307 1511 1337 1557 at
1357 1519 1428 1572 pene

65 1586 248 1657 singulorum
266 1586 442 1657 planetarum
461 1583 587 1656 singulas
605 1582 741 1656 periodos,
763 1583 930 1656 inpartibus
951 1585 1122 1656 inaequales,
1145 1591 1221 1640 totas
1235 1599 1300 1639 vero
1319 1583 1386 1638 totis
1400 1583 1428 1638 in

67 1665 202 1736 quolibet
216 1668 333 1737 planeta
353 1665 495 1736 aequales,
516 1665 621 1720 salvari
634 1671 737 1738 potest.

165 1746 297 1801 Contra
315 1747 362 1802 IV.
400 1750 495 1814 („lIiuc
513 1759 707 1803 astronomorum
725 1766 813 1801 munus
831 1753 917 1818 erigit.
936 1759 965 1803 ut
981 1751 1080 1802 illarum
1099 1753 1270 1818 apparentium
1288 1751 1426 1816 inaequali·

68 1829 157 1874 tatum
176 1839 267 1874 causas
284 1825 443 1876 rationabiles
460 1823 628 1890 investigent,
648 1831 673 1874 at
691 1822 810 1888 quomodo
829 1837 859 1874 ex
876 1825 982 1874 motibus
1001 1823 1123 1874 coelorum
1152 1824 1263 1873 absolute
1283 1823 1427 1886 aequalibus

69 1910 97 1952 et
117 1904 275 1970 regularibus
294 1917 325 1954 ea
343 1906 494 1960 monentur,
512 1900 690 1968 explicent“):
723 1896 795 1950 Hinc
823 1903 1039 1952 astronomorum
1070 1914 1167 1951 munus
1196 1901 1240 1950 est
1271 1895 1425 1967 geminum:

68 1977 163 2048 primo
178 1977 320 2032 confusam
335 1975 412 2032 illam
426 1983 456 2030 et
469 1993 607 2048 nunquam
622 1975 673 2032 sibi
683 1975 798 2031 similem
811 1984 933 2031 motuum
947 1975 1108 2032 coelestium
1122 1977 1240 2048 speciem
1255 1977 1289 2030 ad
1300 1976 1428 2048 singulas

69 2058 248 2130 singulorum
270 2058 445 2127 planetarum
467 2055 682 2128 inaequalitates
705 2058 852 2112 redeuntes
867 2064 897 2111 et
911 2063 1033 2129 tempore
1056 2057 1148 2112 linitas
1162 2057 1313 2128 'redigerez
1339 2057 1378 2110 sic
1396 2062 1428 2110 ut
1514 2061 1522 2084 ¹

69 2139 212 2194 Saturnus
227 2145 291 2208 post
306 2137 352 2203 30,
367 2137 478 2210 Jupiter
490 2145 555 2209 post
573 2137 617 2202 12,
632 2137 708 2192 Mars
722 2144 787 2208 post
801 2133 827 2202 2,
843 2137 891 2192 Sol
904 2145 970 2208 post
986 2140 1010 2202 l,
1026 2137 1119 2192 Venus
1132 2144 1198 2210 post
1215 2139 1254 2207 il„
1275 2137 1427 2192 Mercurius

69 2225 139 2290 post
158 2223 200 2290 ¹1„
214 2220 296 2273 Luna
303 2225 373 2292 post
391 2221 431 2289 Ἃ,
450 2235 534 2273 annos
549 2235 656 2274 russum
669 2217 789 2288 pristina
803 2217 935 2273 insistant
948 2217 1070 2292 vestigia
1083 2225 1114 2272 et
1125 2219 1259 2289 vigorem.
1294 2217 1426 2289 Secundo,

70 2301 239 2355 astronomis
254 2297 391 2354 incumbet
404 2297 487 2370 hujus
501 2298 596 2354 finitae
610 2297 820 2369 inaequalitatis
830 2315 929 2354 causas
944 2315 1041 2354 eruere
1055 2297 1187 2370 physicas
1202 2305 1232 2352 et
1241 2297 1425 2369 geometricas

71 2373 152 2448 (nam
174 2379 299 2450 separari
312 2375 329 2447 ri
343 2395 428 2452 φυσις
446 2375 504 2434 uino
517 2399 569 2434 rou
587 2393 681 2434 nooou
696 2395 751 2432 non
771 2375 877 2448 potest)
898 2396 1000 2451 easque
1020 2378 1058 2433 sic
1079 2381 1282 2432 accommodare
1303 2378 1426 2433 schema·

69 2461 145 2515 tibus
160 2459 233 2515 reris
247 2468 278 2515 et
290 2477 345 2514 non
358 2459 427 2513 fictis
444 2467 474 2513 et
487 2459 614 2523 numeris,
635 2465 668 2513 ut
680 2459 788 2512 calculo
808 2459 951 2530 explorari
970 2459 1066 2531 possit,
1089 2465 1196 2530 quanta
1210 2460 1246 2513 sit
1260 2458 1288 2513 in
1302 2457 1427 2530 quolibet

13 2587 14 2590 ,
69 2543 131 2594 loco
153 2539 354 2610 inaequalitas:
377 2545 409 2591 ut
427 2539 451 2592 si
464 2539 599 2594 Saturnus
619 2538 704 2593 distet
719 2537 772 2593 30ο
793 2539 899 2610 ajugo,
922 2539 983 2609 ejus
1005 2539 1139 2594 velocitas
1160 2535 1224 2608 (scu
1239 2546 1347 2609 tempus
1362 2539 1424 2609 lap·

71 2638 139 2684 sum,
155 2639 193 2674 ex
207 2638 259 2716 quo
274 2621 302 2674 in
312 2620 384 2690 jugo
399 2618 463 2685 fuit)
478 2627 523 2674 ast
536 2619 698 2690 inquirenda
710 2619 832 2674 salines
845 2620 993 2674 distantiae
1003 2619 1116 2674 Saturni
1131 2637 1149 2674 a
1158 2637 1272 2691 corpore
1285 2625 1432 2684 movente,¹

13 2723 14 2754 ÷
71 2717 127 2754 non
141 2718 179 2754 ex
194 2700 286 2754 circuli
301 2699 504 2771 suppositione:
520 2700 586 2770 quia
599 2699 733 2754 distantia
747 2699 885 2754 concurrit
899 2703 934 2754 ad
947 2707 1037 2754 motus
1058 2700 1285 2772 magnitudinem,
1305 2699 1422 2753 circulus

71 2797 137 2834 vero
161 2781 244 2849 plane
267 2780 374 2834 ahenos
397 2787 450 2835 est.
489 2781 543 2834 Pro
567 2779 726 2850 adjumento
753 2781 854 2834 calculi
881 2779 1029 2850 ellipsis
1058 2781 1208 2834 adhibetur
1230 2781 1290 2834 loco
1319 2779 1421 2836 circuli.

71 2861 151 2914 Nam
170 2859 240 2914 iter
262 2862 427 2931 planetae
446 2861 555 2916 habet
575 2860 731 2933 figuram
749 2859 904 2930 ellipsis,
924 2879 990 2916 non
1004 2861 1139 2915 circuli.
1182 2861 1219 2915 Ut
1233 2877 1298 2914 vero
1313 2859 1420 2930 ellipsis

13 2969 14 2982 2
74 2940 227 3010 computari
255 2949 363 3012 posset,
390 2940 561 2996 Archimedis
589 2947 619 2995 et
645 2939 786 3010 Apollonii
813 2941 960 3013 diligentia
985 2941 1137 3011 praestitit.
1179 2941 1301 3012 Neque
1325 2956 1424 2995 arcus

72 3021 225 3091 ellipsis,
248 3023 308 3076 sed
330 3023 469 3091 planum
491 3020 568 3090 ejus
591 3022 866 3090 computandum.
907 3022 980 3076 Nam
1000 3021 1027 3076 in
1052 3022 1137 3091 plano
1154 3021 1250 3076 insunt
1272 3019 1424 3076 distantiae

75 3102 192 3156 omnium
207 3117 287 3157 arcus
302 3108 473 3172 punctorum,
487 3100 637 3159 distantiae
652 3118 717 3156 vero
732 3101 883 3156 metiuntur
896 3101 1020 3173 vigorem
1034 3108 1124 3156 motus
1138 3101 1196 3156 sire
1211 3109 1344 3171 tempora.

160 3202 245 3264 Haec,
271 3199 372 3270 optime
387 3199 506 3264 Samuel,
528 3197 709 3270 impossibilia
726 3197 791 3254 olim
816 3199 884 3265 risa,
905 3199 967 3270 jam
981 3216 1030 3271 per
1048 3199 1103 3254 Dei
1124 3199 1248 3271 gratiam
1269 3198 1336 3253 mihi
1359 3205 1424 3255 sunt

73 3281 220 3346 tritissima,
246 3281 518 3345 demonstratissima,
542 3279 646 3334 tabulis
669 3279 753 3334 etiam
775 3279 804 3333 in
823 3285 859 3347 d,
877 3288 909 3349 li,
928 3287 944 3350 q
963 3287 993 3334 et
1011 3280 1051 3333 sic
1068 3280 1096 3333 in
1113 3283 1144 3348 Θ
1165 3281 1249 3334 etiam
1267 3296 1419 3350 expressa3

75 3362 100 3415 in
116 3361 139 3432 Q
159 3362 244 3416 minor
258 3361 406 3416 difficultas
420 3379 501 3432 quam
517 3361 544 3415 in
560 3364 602 3428 Θ,
617 3360 669 3414 nisi
684 3365 791 3416 mntem
808 3363 1051 3431 computandorum
1069 3359 1301 3416 observationum.
1330 3361 1374 3414 De
1398 3361 1420 3433 ζῖ

76 3459 123 3510 spe
149 3441 275 3495 devoravi
302 3459 457 3496 successum
480 3449 517 3495 et·
531 3439 744 3513 regularitatem
771 3441 952 3506 consimilem,
981 3440 1189 3495 observationes
1212 3457 1278 3494 vero
1300 3458 1355 3495 non
1377 3441 1421 3495 ita

77 3521 197 3590 copiosae
212 3529 284 3576 sunt.
304 3524 449 3593 Nunquam
464 3521 517 3577 fuit
531 3523 694 3576 observatus
705 3521 861 3592 aTychone
876 3521 903 3577 in
917 3520 1096 3592 elongatione
1107 3520 1154 3584 26,
1167 3520 1213 3586 27,
1225 3520 1263 3576 28
1273 3523 1418 3593 graduum.

77 3601 107 3654 ln
121 3601 178 3655 sola
189 3601 269 3654 Luna
282 3603 380 3656 haeret
394 3603 459 3658 mihi
474 3619 555 3675 aqua,
571 3619 622 3655 nec
636 3601 689 3656 nisi
702 3601 731 3657 in
744 3602 822 3664 locis,
835 3603 881 3673 qui
895 3602 949 3656 45·
971 3619 989 3656 a
1004 3601 1033 3675 ό
1050 3603 1097 3654 vel
1112 3602 1138 3670 00
1159 3604 1191 3668 Θ
1207 3602 1319 3656 absunt.
1336 3635 1372 3644 -

161 3681 229 3735 Sunt
252 3681 310 3735 alia
331 3684 421 3737 multa
443 3683 471 3737 in
492 3681 699 3752 Disputatione,
725 3697 795 3753 quae
818 3699 860 3737 me
881 3682 982 3752 partim
1004 3681 1116 3736 mirifice
1139 3681 1292 3746 delectant,
1316 3682 1419 3752 partim

83 3760 193 3816 inritant
206 3762 241 3814 ad
255 3762 462 3826 conferendum
479 3766 525 3818 sed
549 3764 713 3833 abrumpere
727 3769 831 3834 cogunt
846 3761 1049 3832 occupationes.

165 3842 243 3906 Vale,
259 3841 421 3896 Doctissisne
436 3843 556 3908 Juvenis,
572 3849 602 3896 et
622 3843 693 3898 haec
712 3843 816 3908 studia,
839 3845 903 3897 dnm
924 3850 1003 3896 aetas
1017 3849 1047 3894 et
1060 3839 1200 3912 ingenium
1215 3848 1270 3906 est,
1286 3842 1420 3898 mordicus

80 3923 248 3993 amplectere.
284 3923 446 3998 Theologia,
472 3923 614 3995 ingenioso
637 3924 802 3994 periculosa,
827 3924 996 3994 gravitatem
1018 3921 1124 3976 virilem
1147 3921 1293 3988 desiderat,
1319 3930 1349 3978 et
1367 3923 1419 3978 tibi

79 4005 243 4073 paulopost
265 4001 397 4056 hebescat
419 4019 540 4069 acumen,
566 4003 736 4059 defervescet
756 4005 845 4068 ardor,
870 4009 901 4056 ut
917 4002 977 4071 jam
995 4019 1067 4072 pene
1088 4001 1116 4055 in
1134 4019 1178 4056 me
1198 4002 1259 4073 ipso
1277 4003 1417 4074 experior.

79 4085 169 4156 ltaque
182 4085 243 4136 dum
258 4089 337 4153 potes
352 4083 538 4140 beatissimam
551 4099 675 4140 morosae
689 4083 826 4140 senectuti
839 4083 1038 4139 recreationem
1052 4098 1191 4153 compara.

160 4163 269 4236 Pragae
283 4165 309 4217 d.
329 4158 373 4217 16.
389 4163 458 4219 Nor.
477 4165 561 4221 1606.

543 4244 730 4302 Humanitatis
746 4245 822 4299 'luae
842 4259 938 4301 amaus

1026 4325 1150 4382 Iomanes
1173 4326 1337 4398 Kspplosus.

158 4421 192 4472 Es
218 4419 445 4474 Halsnrollsri
474 4423 629 4490 responsione
658 4419 693 4484 (d.
713 4421 737 4471 d.
764 4417 834 4484 ³11³.
852 4420 910 4470 lan.
939 4417 1018 4482 1607)
1043 4420 1091 4470 hoc
1119 4427 1217 4471 tantum
1240 4421 1418 4472 desumendum

80 4509 209 4550 censemus,
238 4509 294 4543 cum
319 4501 417 4558 praeter
442 4496 531 4548 laudes
549 4494 653 4558 Kepleri
672 4500 698 4543 et
716 4491 906 4556 descriptionem
933 4492 1051 4556 eclipseos
1071 4492 1135 4542 Solis
1160 4507 1246 4556 parum
1274 4501 1417 4543 accuratam

81 4568 131 4616 nihil
147 4565 235 4618 haheat
252 4567 370 4631 variaris
387 4571 520 4619 momenti:
541 4567 681 4630 ¹‚Quoniam
700 4563 779 4613 nullos
795 4577 860 4630 poue
877 4562 950 4626 hujus
974 4563 1051 4612 studii
1070 4559 1260 4626 (astronomiae)
1279 4569 1416 4614 sectatores

82 4646 105 4688 et
117 4639 217 4687 lautores
236 4651 291 4688 osse
308 4639 396 4696 video,
422 4641 448 4691 iu
467 4641 492 4690 id
510 4635 700 4692 incumbendum
717 4633 777 4684 mihi
795 4640 871 4699 puto,
899 4635 1078 4700 utaliquando
1104 4647 1204 4698 operam
1221 4648 1304 4684 meam
1322 4633 1372 4683 slis
1389 4636 1416 4685 in

82 4710 187 4760 laenitate
213 4715 340 4773 praestaro
366 4712 474 4775 possim
502 4714 560 4765 huic
578 4719 663 4762 tamen
689 4705 825 4758 studimum
850 4706 1026 4770 iucundissimo
1058 4706 1221 4756 astronomica
1246 4719 1295 4756 nou
1318 4719 1416 4769 prorsus

82 4783 190 4839 renuntio,
207 4781 251 4832 ssd
268 4781 290 4830 si
307 4795 351 4847 pot
369 4785 445 4834 otium
463 4799 479 4835 s
496 4780 625 4851 principali
644 4779 724 4830 studio
743 4791 887 4830 concauam
905 4777 987 4834 inerit.
1007 4792 1102 4842 semper
1120 4783 1146 4828 ot
1162 4777 1252 4841 ubique
1270 4776 1296 4826 iu
1314 4775 1356 4826 illo
1374 4792 1415 4829 mo

69 4914 70 4917 Ἴ
86 4867 183 4905 morcaro
199 4867 293 4904 sumtum
310 4855 393 4907 studio
411 4856 568 4910 elaborabo.“
784 4847 790 4862 '
