3670 5526
736 313 818 384 ciue
837 319 883 372 ιιι.
903 315 927 370 e.
1446 307 1512 406 ibit

240 491 363 567 Quarto
386 497 488 577 itaque
511 495 774 568 considerandum,
800 497 878 575 quod
902 496 931 558 iu
961 495 1134 560 humoribus
1158 495 1237 558 oculi
1259 503 1342 558 certa
1364 497 1406 558 sit
1429 497 1506 558 den·

155 583 256 646 sitatis
281 594 314 646 et
339 585 499 648 tenuitatis
521 585 608 658 ratio,
633 583 691 664 ipsi
715 584 801 647 oculo
825 585 862 646 de
886 603 919 646 se
942 585 1035 664 probe
1059 593 1140 646 nota
1177 583 1252 648 Cum
1276 583 1367 663 igitur
1390 594 1422 648 et
1444 593 1506 659 aer,

155 691 210 754 quo
233 673 389 736 mediante
414 673 447 760 tit
469 673 562 743 visio,
587 680 619 734 et
641 673 693 736 lux
717 691 793 752 quae
816 673 953 747 videtur,
978 693 1049 735 suas
1073 673 1232 736 densitatis
1259 674 1391 736 rationes
1416 693 1508 754 snpra

155 759 358 824 obtinuerint:
383 769 616 825 cousentaneum
639 769 687 822 est
709 761 810 823 inesse
833 762 920 824 oculo
943 761 1013 837 vim,
1043 760 1196 842 utriusque
1221 770 1252 824 et
1275 761 1354 824 aeris
1378 769 1410 825 et
1433 763 1507 824 lucis

156 869 207 912 seu
231 849 398 912 densitatis
420 867 476 914 seu
498 850 635 914 mritatis
658 849 837 912 metiendae.

244 938 416 1018 Propositio
439 939 513 1002 XII.
559 938 621 1002 Sed
645 938 683 999 ab
708 944 780 1000 sere
803 943 981 1016 argumenta
1004 937 1090 1014 plura
1112 937 1241 1000 collecta
1260 937 1288 1000 in
1312 938 1408 1000 iucem
1433 938 1507 999 diri-

155 1043 270 1106 gemus.
317 1027 442 1089 Etenim
466 1027 583 1090 videtur
614 1027 718 1088 oculus
742 1047 761 1088 a
782 1025 919 1096 videndi,
938 1024 1036 1086 officio
1061 1025 1122 1088 iere
1151 1026 1315 1102 decisurus,
1340 1034 1507 1106 exaequato

155 1115 251 1176 medio
275 1114 426 1195 pellucido
450 1133 517 1178 oum
550 1117 671 1178 humore
704 1114 795 1188 oculi,
831 1121 864 1174 ut
886 1113 915 1174 si
945 1113 1048 1176 oculus
1070 1113 1150 1176 inira
1172 1133 1281 1194 aquam
1305 1115 1506 1194 demergatur.

157 1203 229 1266 ldeo
254 1211 288 1264 et
311 1203 429 1265 omnino
453 1204 553 1266 factus
577 1201 753 1282 albugineus
775 1202 806 1264 in
822 1200 957 1285 spirabili
980 1201 1177 1264 animantium
1199 1221 1318 1281 genere,
1344 1203 1383 1264 ad
1406 1221 1455 1264 res
1478 1203 1507 1263 in

156 1297 226 1354 aere
251 1309 311 1354 non
335 1291 365 1352 in
389 1311 468 1372 aqua
491 1291 666 1354 cernendas.
705 1291 871 1370 Propterea
888 1289 1031 1370 piscibus,
1055 1298 1089 1353 ut
1101 1309 1155 1369 per
1173 1309 1269 1372 aquas
1291 1290 1507 1370 perspicerent,

156 1380 291 1442 crassior
314 1388 346 1442 et
369 1379 469 1442 durior
492 1382 597 1442 humor
620 1388 669 1440 est
692 1379 799 1451 datus,
830 1396 907 1457 pene
930 1396 974 1452 oa,
1008 1395 1067 1440 uon
1090 1379 1204 1442 humor.
1250 1381 1311 1441 Par
1334 1387 1383 1440 est
1405 1380 1508 1459 itaque

156 1467 237 1530 credi
260 1467 417 1530 humorem
440 1467 630 1548 albugineum
653 1467 766 1547 primas
785 1467 814 1529 in
834 1467 920 1528 oculo
939 1475 1040 1530 tenere
1064 1468 1112 1528 vol
1126 1467 1203 1541 ideo,
1228 1478 1262 1531 ut
1276 1467 1317 1531 sit
1340 1467 1510 1529 differentia

156 1555 374 1637 pellucidornm
407 1557 488 1620 aeris
511 1565 543 1618 et
565 1556 652 1619 oculi.
700 1556 856 1618 Potuisset
885 1555 964 1616 enim
991 1564 1117 1630 natura,
1151 1554 1209 1618 nisi
1236 1557 1292 1619 boc
1325 1563 1506 1636 spectasset,

157 1647 255 1707 lucem
279 1661 333 1724 per
357 1645 490 1707 foramen
521 1663 614 1707 oveas
645 1653 782 1725 apertum
814 1643 1023 1706 intromittere.
1070 1642 1216 1714 Quamvis
1240 1645 1331 1707 etiam
1354 1665 1391 1706 ex
1414 1646 1509 1724 figura

157 1734 236 1795 idem
260 1733 423 1796 elucescat.
470 1733 550 1796 Nam
573 1735 807 1820 cum'rotundus
832 1731 884 1803 sit,
907 1731 1002 1793 multa
1024 1733 1202 1812 contingunt
1224 1733 1317 1796 radiis
1341 1733 1447 1794 lucidis
1470 1751 1509 1794 ex

158 1827 229 1883 aere
254 1820 284 1882 in
307 1823 467 1884 rotundum
499 1821 621 1884 densius
653 1821 896 1900 ingredientibus*
923 1821 1071 1890 refracta,
1102 1841 1177 1902 quae
1206 1841 1263 1884 uon
1295 1829 1423 1901 possunt
1444 1820 1508 1882 lieri

160 1910 244 1972 oculo
269 1909 356 1989 aquis
378 1910 504 1986 obruto,
527 1910 579 1973 ubi
602 1918 769 1988 exaequato
793 1911 915 1972 humore
946 1908 1104 1988 albugineo
1136 1929 1203 1972 curn
1226 1911 1375 1972 ambiente
1398 1909 1506 1981 medio,

158 1997 331 2078 superficies
365 1998 517 2080 albugiuei
543 1999 672 2060 rotunda
704 1998 896 2061 annihilatur.
942 1997 993 2058 Ad
1021 1999 1174 2061 minimum
1205 1998 1296 2078 igitur
1318 1997 1399 2060 inest
1421 1997 1506 2060 oculo

158 2104 266 2147 sensus
288 2086 377 2165 hujus
402 2087 559 2150 tenuitatis
587 2086 687 2148 atriae
711 2085 877 2160 eomodo,
912 2104 969 2164 quo
992 2105 1091 2150 rerum
1118 2087 1248 2148 omnium
1272 2086 1377 2166 quibus
1400 2103 1508 2148 maue-

157 2175 254 2236 vimus
278 2193 400 2236 sensum
417 2176 537 2255 penitus
556 2175 677 2238 infixum
699 2177 856 2239 habemus.
893 2174 974 2236 Vide
997 2193 1082 2255 prop.
1100 2171 1129 2237 3.
1150 2170 1181 2238 l.
1206 2175 1257 2237 lib.
1275 2171 1305 2237 3.
1323 2173 1507 2236 Vitellionis.

158 2262 256 2344 Supra
286 2260 585 2344 vesomanio)
618 2271 651 2324 ct
680 2263 740 2327 luci
771 2271 802 2324 et
835 2262 1000 2343 superficiei
1033 2263 1113 2326 aeris
1145 2264 1271 2326 eandem
1303 2261 1508 2325 tribuebamus

158 2350 348 2413 allectionem
372 2352 548 2425 densitatis,
579 2352 693 2414 sentiet
723 2351 814 2430 igitur
838 2359 870 2413 et
892 2351 996 2413 oculus
1020 2352 1201 2414 densitatem
1225 2351 1310 2414 lueis.
1356 2350 1449 2430 quue
1472 2367 1508 2411 eo

158 2439 265 2520 magis,
291 2440 369 2519 quod
392 2437 486 2525 (Gap.
511 2442 535 2515 I,
550 2437 608 2514 20)
632 2443 742 2520 patuit,
766 2443 863 2504 lucem
881 2441 939 2502 boc
961 2439 1124 2502 densitatis
1147 2447 1285 2520 respectu
1309 2437 1374 2520 pati
1396 2437 1508 2518 aliquid

158 2527 195 2589 ab
220 2527 358 2590 omnibus
381 2529 489 2590 mediis
519 2529 598 2590 inter
621 2549 654 2590 se
678 2530 707 2592 in
740 2529 892 2592 densitate
915 2547 969 2612 squ
996 2529 1215 2608 perspicuitate
1247 2527 1453 2590 dillerentibus
1477 2533 1509 2586 et

158 2616 199 2678 sio
221 2617 318 2679 etiam
340 2617 379 2678 ab
403 2617 576 2680 humoribus
608 2619 704 2680 oculi:
743 2618 813 2698 quin
843 2617 935 2697 igitur
962 2625 995 2678 et
1026 2617 1130 2678 oculus
1153 2635 1206 2678 seu
1238 2615 1321 2678 visus
1344 2616 1374 2676 iu
1398 2631 1507 2693 genere

158 2705 269 2785 aliquid
291 2702 385 2768 etiam
408 2714 515 2768 contra
536 2708 672 2786 patiatur
695 2707 733 2768 ab
757 2707 815 2768 luae
837 2705 990 2768 densitate
1014 2704 1100 2777 lucis,
1123 2722 1196 2767 suae
1220 2701 1323 2766 itidem
1347 2701 1507 2764 densitatis

158 2791 320 2874 respectu?

243 2880 414 2960 Propositio
437 2879 525 2943 Xlll.
574 2880 697 2955 Quinto,
722 2881 749 2943 si
773 2881 954 2944 densitatem
978 2882 1053 2942 lucis
1082 2880 1184 2943 oculus
1208 2879 1302 2940 sentit
1325 2880 1395 2958 (per
1416 2896 1508 2958 prae·

157 2969 327 3040 cedentem)
360 2970 597 3032 attenuationem
630 2989 746 3051 quoque
775 2979 807 3032 et
839 2970 1104 3032 condensationem
1141 2969 1204 3048 ejus
1237 2985 1360 3028 necesse
1396 2973 1445 3029 est
1475 2973 1510 3026 ut

157 3057 280 3130 sentiat,
305 3075 381 3136 quae
404 3056 523 3136 quidem
546 3057 628 3120 iutra
651 3059 768 3121 oculum
792 3059 826 3120 tit
849 3075 973 3137 eumque
1002 3057 1219 3138 quodammodo
1250 3055 1413 3136 contingit,
1443 3072 1509 3116 cum

156 3145 392 3225 profunditatem
407 3144 544 3208 humores
559 3146 681 3225 iusuper
695 3147 863 3218 obtineant,
877 3165 931 3225 per
946 3164 1035 3225 quarn
1050 3145 1124 3207 haec
1138 3145 1306 3206 attenuatio
1322 3142 1414 3224 (Cap.
1430 3144 1454 3216 I,
1472 3139 1508 3214 6)

156 3234 319 3314 perficitur.
365 3233 445 3294 Dum
468 3233 546 3296 enim
569 3253 623 3314 per
646 3234 724 3296 hauc
746 3235 984 3314 profunditatem
1005 3235 1055 3296 lua
1079 3235 1199 3310 transit,
1224 3233 1253 3296 in
1274 3239 1358 3294 certa
1380 3250 1508 3312 propor-

157 3321 238 3384 tione
271 3321 425 3400 spargitur
458 3322 583 3392 (ceteris
612 3323 735 3402 paribus
764 3333 795 3384 et
821 3329 939 3385 remota
964 3323 1029 3401 jam
1061 3323 1300 3384 consideratione
1333 3319 1507 3391 coactionis,

157 3429 232 3492 quae
255 3411 291 3471 lit
311 3427 366 3490 per
382 3409 508 3488 liguram
525 3411 695 3472 densiomm
717 3411 898 3485 humorum),
923 3410 1098 3491 tenuiorque
1118 3411 1220 3472 evadit
1239 3411 1268 3471 in
1292 3408 1509 3490 profunditate,

158 3517 247 3579 quam
280 3505 349 3560 erat
379 3498 410 3558 in
439 3499 534 3579 primo
566 3499 715 3579 ingressu.
766 3498 913 3570 Quamvis
946 3501 1065 3573 oculus,
1103 3500 1194 3560 etiam
1228 3505 1404 3578 argumento
1436 3515 1508 3558 usus

157 3587 275 3650 latioris
297 3586 468 3662 illustratae
491 3587 659 3666 superficiei
674 3586 703 3648 iu
722 3589 880 3668 profundo,
906 3588 943 3650 de
966 3588 1176 3650 extenuatione
1201 3587 1274 3649 lucis
1290 3587 1369 3648 intra
1391 3585 1508 3646 oculum

157 3675 240 3739 lacta
263 3681 398 3736 statuere
422 3675 540 3753 possit:
566 3675 636 3755 quia
650 3694 743 3756 supra
758 3679 857 3757 (prop.
875 3677 910 3750 7)
925 3677 984 3756 ipsi
1008 3677 1212 3738 tribuebamus
1233 3693 1352 3738 sensum
1371 3679 1508 3735 attactae

157 3765 265 3826 aluce
289 3761 467 3842 quantitatis
492 3764 668 3842 superficiei.

242 3849 415 3930 Propositio
446 3851 538 3913 XIV.
595 3851 652 3914 His
685 3854 731 3914 ita
762 3870 817 3933 per
848 3861 975 3932 quatuor
1004 3852 1222 3932 praecedentes
1259 3847 1411 3928 probatis,
1444 3847 1507 3926 jara

156 3938 414 4002 demonstratione
437 3941 621 4018 geometrica
637 3942 773 4004 arincam
792 3939 886 4020 (qnod
900 3959 985 4020 prop.
1002 3938 1033 4004 9.
1057 3937 1254 4021 probabiliter
1272 3945 1389 3998 tanturn
1408 3933 1507 3996 stabi-

157 4027 240 4088 litum
256 4027 338 4101 fuit),
364 4027 403 4088 ab
417 4029 504 4089 oculo
528 4029 683 4108 singulari,
708 4028 886 4091 adminiculo
902 4029 1042 4092 altiomm
1062 4029 1250 4099 facultatum,
1273 4032 1305 4085 et
1324 4043 1378 4105 per
1402 4024 1509 4084 bumo-

156 4135 219 4176 mm
250 4115 329 4176 oculi
359 4115 519 4193 passiones
550 4137 569 4178 a
600 4119 753 4180 densitate
785 4114 861 4178 lucis
894 4135 948 4178 ceu
978 4135 1033 4196 per
1064 4115 1295 4178 instrumentum
1334 4111 1447 4191 percipi
1477 4119 1509 4172 et

156 4201 325 4282 comparari
347 4211 523 4283 punctorum
547 4205 591 4267 rei
613 4206 698 4268 visae
731 4204 911 4279 distantias,
935 4205 1073 4286 adquae
1104 4211 1152 4266 est
1179 4201 1332 4264 sensibilis
1362 4201 1509 4262 diameter

156 4291 241 4352 oculi.
288 4290 389 4352 Primo
414 4292 492 4354 enim
514 4302 657 4372 punctum
681 4293 838 4374 quodlibet
864 4292 1018 4356 radiatio
1042 4294 1144 4355 orbem
1168 4289 1259 4370 (Cap.
1283 4291 1308 4363 I,
1333 4287 1389 4361 2);
1415 4306 1507 4367 quare

155 4387 186 4440 et
206 4378 236 4440 iu
260 4377 452 4441 latitudinem
476 4383 554 4442 oculi
578 4381 688 4456 radiat,
714 4399 790 4462 quae
815 4381 953 4455 latitudo,
977 4401 1030 4442 seu
1054 4381 1148 4442 totius
1176 4378 1253 4441 oculi
1277 4397 1330 4440 seu
1354 4375 1508 4440 foraminis

156 4485 263 4542 urew,
297 4475 430 4528 nonest
460 4467 645 4532 insensibilis
669 4488 707 4530 ex
739 4469 912 4551 hypothesi.
952 4469 1077 4530 ‘Deinde
1111 4469 1194 4530 visus
1226 4465 1355 4546 percipit
1377 4472 1410 4526 et
1432 4465 1508 4524 deu-

156 4555 276 4617 sitatem
308 4555 546 4637 tenuitatemque
580 4559 748 4637 specierum
776 4576 830 4619 seu
859 4557 934 4618 lucis
958 4575 995 4618 ex
1022 4563 1133 4636 puncto
1157 4575 1211 4636 per
1239 4554 1341 4616 radios
1373 4554 1508 4632 allapsae

78 4653 88 4662 “
156 4644 251 4724 (prop.
280 4641 337 4718 12)
360 4652 394 4705 et
416 4645 579 4707 earundem
603 4646 683 4708 iutra
704 4645 940 4726 profunditatem
965 4645 1043 4707 oculi
1068 4643 1268 4726 quantitatem
1291 4641 1508 4704 attenuationis

52 4761 54 4766 ’
156 4733 250 4811 (prop.
279 4726 346 4801 1³).
394 4733 491 4794 Tenet
513 4742 613 4796 autem
638 4735 831 4797 assuetudine
854 4734 1090 4814 profunditatem
1113 4733 1265 4794 humorum
1290 4749 1421 4793 suorum.
1459 4729 1510 4791 Sit

100 4857 103 4862 -
161 4819 200 4898 ap
220 4819 370 4884 diameter
402 4820 554 4901 pupillas,
584 4823 610 4884 ei
634 4824 797 4904 parallelos
819 4829 871 4904 po,
904 4830 1021 4885 tautum
1053 4821 1189 4896 distans,
1223 4827 1366 4900 quantum
1395 4821 1509 4899 patitur
