3702 5532
691 315 723 368 ds
740 313 810 368 loris
827 313 980 368 Satellitibus
999 314 1043 368 dte.
1058 271 1070 288 x
1481 313 1547 382 459

191 489 253 554 cilii
283 477 444 554 translatio
478 481 523 566 (id
552 499 599 554 est
622 501 720 555 metus
743 492 916 555 offensionis
941 493 983 554 tui
1007 491 1166 584 principis)
1199 493 1346 553 hactenus
1378 491 1546 555 retinuerit.

192 579 355 644 Certamen
378 581 469 660 igitur
484 581 540 643 hoc
563 581 665 657 fuisse,
691 581 812 662 quinam
835 593 952 645 ceteros
975 581 1004 643 iu
1029 581 1085 642 hac
1108 582 1264 661 palaestra
1287 579 1424 659 publicae
1449 582 1547 662 scrip-

191 669 282 731 tionis
314 676 532 749 praeverteret.
580 669 701 744 Cetera,
728 688 804 750 quae
826 672 895 750 plns
920 670 999 749 apud
1022 688 1069 731 me
1101 669 1242 749 ponderis
1273 669 1444 744 habebant,¹
1473 689 1546 749 pru·

192 757 266 819 dens
288 763 455 838 praetereo.
503 757 584 828 Quid
607 758 733 820 multis?
778 758 973 838 Expuguavit
1002 776 1068 834 me,
1102 757 1212 838 agnovi
1235 757 1417 818 temeritatis
1441 757 1546 820 illece-

192 846 281 914 bras,
316 845 433 926 ignovi;
466 847 608 909 rediimus
632 848 660 910 in
685 845 834 926 gratiam,
868 846 911 908 sic
940 853 1059 922 tamen,
1093 853 1128 908 nt
1150 845 1210 914 ille,
1235 845 1360 924 primum
1386 855 1475 926 atque
1499 865 1546 909 me

192 942 379 996 monstrante
394 933 513 996 visurus
537 944 569 998 et
592 935 748 1016 agniturus
778 933 820 996 sit
841 933 976 996 Joviales
1001 934 1161 1008 satellites,
1186 935 1339 995 sententia
1362 955 1418 996 sua
1440 954 1546 996 cessu-

182 1023 485 1101 =rum·proliteretur.
543 1023 623 1086 Erat
649 1031 751 1086 autem
787 1024 817 1084 iu
856 1023 985 1086 transitu
1018 1023 1057 1084 ad
1084 1031 1225 1102 parentes
1249 1040 1343 1097 snos;
1377 1031 1554 1086 revertetur-

192 1111 274 1172 brevi
298 1111 440 1191 Pragam.

279 1199 367 1262 Nunc
391 1209 422 1262 te
447 1197 586 1261 Galilaee
611 1218 702 1280 rogo,
737 1199 854 1280 quando
886 1197 971 1259 vides
1004 1197 1076 1259 mihi
1099 1197 1307 1271 satisfactum,
1342 1205 1375 1259 ut
1412 1198 1482 1277 quia
1513 1205 1544 1260 te

193 1306 285 1372 usqne
309 1289 348 1350 ad
371 1289 576 1368 praesentium
599 1289 646 1350 lll.
668 1285 807 1348 Oratoris
832 1287 985 1348 literarum
1009 1288 1171 1348 adveutum
1195 1287 1312 1348 differre
1337 1285 1414 1348 velle
1439 1286 1543 1348 dixisti

192 1377 343 1455 publicam
367 1376 520 1440 literarum
544 1395 676 1438 mearum
701 1375 945 1454 descriptionem,
970 1375 1024 1436 illa
1046 1373 1138 1454 igitur
1159 1375 1189 1436 in
1215 1394 1311 1436 rneanv
1335 1374 1465 1454 gratiam
1489 1395 1543 1436 su·
1617 1413 1624 1432 .

190 1465 355 1544 persedeas
388 1465 416 1526 in
450 1473 556 1528 totum.
603 1465 704 1544 Major
736 1464 794 1526 erit
816 1464 913 1543 gloria
936 1462 1098 1543 triumphi,
1134 1463 1160 1524 si
1189 1463 1243 1524 tibi
1268 1464 1310 1524 uti
1336 1482 1423 1543 spero
1448 1463 1545 1526 hostis

192 1553 238 1613 tui
262 1553 479 1616 confessionem
504 1555 671 1616 ultroneam
697 1554 900 1615 transmisero.
946 1551 1025 1614 Nam
1049 1553 1107 1613 etsi
1136 1571 1224 1613 careo
1248 1551 1339 1632 priori
1363 1550 1545 1626 (Electoris)

194 1641 403 1712 instrumento,
428 1643 576 1705 successit
598 1651 699 1704 tanuen
723 1641 806 1704 aliud
827 1641 993 1721 propinquo
1021 1639 1215 1720 perfectiouis
1243 1641 1357 1719 gradu:
1382 1640 1450 1718 plus
1470 1639 1547 1702 euim

195 1749 285 1809 quam
308 1731 459 1809 decuplat.
504 1731 551 1792 Eo
580 1732 644 1810 jam
673 1731 721 1792 bis
749 1729 810 1791 vidi
835 1730 921 1792 binos
944 1730 1084 1807 planetas
1108 1729 1280 1802 Medicecs3
1319 1729 1423 1789 eodem
1455 1747 1545 1808 spero

194 1837 241 1879 me
266 1827 296 1879 et
319 1819 363 1880 illi
387 1828 632 1881 monstraturum.
678 1819 801 1880 Interim
834 1818 892 1880 hac
915 1837 1027 1879 excusa
1052 1817 1274 1892 „Narratioue“
1309 1835 1377 1877 mea
1410 1817 1544 1878 auctori·

191 1914 288 1968 tatem
311 1926 417 1983 meam,
442 1893 599 1989 perperam
623 1915 729 1970 contra
752 1911 786 1968 te'
806 1907 978 1980 adductam,
1003 1905 1169 1967 rectissime
1203 1905 1309 1966 dilues.
1357 1903 1391 1966 Si
1424 1905 1545 1966 adoles-

193 1997 323 2058 centiam
343 1997 436 2076 ipsius
455 1997 591 2077 respicis,
617 1995 690 2058 nibil
714 2005 763 2058 est
786 1996 813 2057 iu
833 1995 890 2057 hac
910 2002 1012 2056 aetate
1028 1993 1213 2066 familiarius,
1239 2013 1328 2072 quam
1353 1995 1381 2053 in
1405 1993 1547 2072 placita

193 2094 480 2164 praeceptorum
511 2085 624 2147 fervide
656 2086 801 2160 transire,
836 2084 997 2166 exqueqiis
1022 2083 1113 2144 veluti
1138 2102 1175 2144 ex
1199 2083 1298 2160 aliquo
1322 2083 1545 2161 propugnaculo

192 2173 353 2234 temerario
383 2193 457 2235 ausu
480 2193 653 2254 procurrere
678 2181 708 2234 et
731 2191 851 2235 manum
881 2191 947 2234 eum
971 2173 1058 2234 hoste
1082 2189 1248 2233 conserere.
1296 2168 1350 2231 Sin
1383 2171 1487 2231 oculos
1514 2171 1544 2231 in

191 2267 224 2321 te
247 2260 344 2340 ipsum
372 2263 540 2337 convertis,
573 2262 711 2342 equidem
734 2280 792 2324 uon
818 2262 893 2322 adeo
917 2261 1056 2322 decorum
1080 2277 1134 2322 uec
1157 2277 1196 2320 ex
1218 2259 1369 2337 gravitate
1402 2267 1455 2319 tua
1487 2266 1544 2333 est,

193 2348 359 2428 projectam
391 2351 469 2412 hanc
501 2351 670 2412 lacessendi
694 2358 725 2412 et
756 2348 920 2430 impetendi
954 2349 1106 2410 libidinem
1137 2347 1166 2409 iu
1198 2365 1288 2408 curae
1318 2353 1403 2425 parta
1434 2365 1546 2426 ponere
1603 2357 1605 2362 ’

193 2445 246 2498 aut
263 2447 379 2500 sumtus
403 2439 432 2501 iu
456 2439 633 2500 refutandas
657 2439 720 2518 ejus
744 2439 942 2500 refutationes
966 2438 1149 2516 impendere.
1195 2435 1229 2497 Si
1253 2435 1359 2496 doctus
1383 2435 1428 2496 vir
1452 2445 1544 2511 esset,

192 2527 218 2586 si
247 2526 373 2606 alicujus
407 2527 552 2602 nominis,
586 2527 667 2589 aliud
699 2527 837 2588 dicerem.
886 2527 979 2587 Plane
1004 2525 1161 2596 existimo,
1194 2532 1256 2585 tum
1280 2524 1397 2584 demum
1420 2541 1545 2602 pravum

135 2658 136 2666 .
192 2615 300 2693 vulgus
324 2615 473 2677 hominum
496 2616 607 2695 aliquid
632 2616 811 2678 tributurum
834 2614 901 2676 huic
925 2613 1003 2676 futili
1027 2612 1150 2692 scripto,
1175 2630 1242 2674 cum
1262 2619 1295 2673 tu
1309 2619 1415 2673 contra
1438 2612 1467 2672 id
1491 2631 1544 2673 seu

192 2702 257 2783 ipse
282 2723 334 2765 sen
356 2720 411 2783 per
434 2704 510 2766 alios
534 2704 740 2767 insurrexeris.
786 2703 864 2766 Nam
887 2702 1039 2783 imperitia
1062 2701 1247 2783 suspiciones
1271 2699 1361 2760 etiarn
1391 2700 1428 2760 de
1456 2699 1545 2761 inuo-

192 2791 375 2856 centissimis
408 2791 593 2872 suppeditat.
645 2791 774 2854 Omnino
807 2791 908 2870 magui
933 2791 1021 2852 animi
1041 2797 1111 2864 ¹est,
1140 2788 1302 2850 mediocria
1334 2787 1425 2849 etiam
1458 2787 1544 2870 parvi

192 2881 355 2941 aestimare
380 2888 412 2942 et
433 2889 642 2956 contemnere3
674 2879 829 2942 contrusi
853 2881 986 2959 coeperis
1011 2878 1152 2940 altercari
1176 2896 1244 2938 curn
1267 2895 1342 2950 uno,
1375 2876 1489 2938 excibis
1512 2884 1545 2938 et

192 2977 328 3043 ceteros,
360 2969 475 3048 passim
497 2971 673 3036 occasiones
696 2970 855 3048 praebebis
874 2966 1054 3048 obloquendi
1077 2967 1168 3029 etiam
1192 2965 1317 3034 levibus,
1341 2965 1367 3026 si
1391 2966 1428 3025 de
1452 2984 1543 3045 scopo

191 3057 257 3136 ipso
283 3057 395 3120 nullam
419 3076 503 3139 spem
526 3059 670 3120 habeant.
716 3058 879 3120 Praeterea
903 3057 929 3118 si
953 3055 1206 3129 dissimulaveris,
1235 3053 1401 3134 principum
1431 3071 1544 3115 morem

191 3146 336 3226 sequeris,
361 3147 407 3208 sin
431 3155 531 3209 antem
554 3147 757 3226 responsabis,
783 3147 821 3208 ad
846 3145 1093 3208 scholasticorum
1117 3143 1262 3206 subsellia
1284 3161 1401 3204 rursum
1415 3144 1545 3204 descen-

193 3235 256 3297 des.
303 3235 398 3315 Atqui
429 3255 488 3297 nou
521 3237 614 3298 habes
643 3237 708 3315 jam
731 3255 750 3295 a
773 3254 830 3315 quo
855 3241 997 3314 expectas
1021 3233 1142 3294 insanos
1166 3233 1328 3293 clamores:
1363 3232 1543 3310 „responde,

191 3323 354 3402 responde,
378 3325 414 3386 ds
438 3335 583 3404 suggestu
608 3324 793 3386 descende!“
840 3323 987 3402 Relinque
1010 3321 1101 3400 igitur
1124 3320 1258 3393 scholae,
1289 3319 1408 3400 quade
1433 3319 1543 3396 exiisti,

193 3427 290 3472 mores
315 3431 396 3474 suos.

280 3501 381 3580 Atque
401 3501 476 3561 haec
492 3498 520 3580 in
545 3519 663 3579 genere,
689 3500 727 3561 de
750 3501 856 3581 quibus
879 3507 912 3560 tu
936 3497 1057 3560 videris.
1095 3499 1195 3559 Meam
1215 3497 1245 3558 iu
1264 3497 1363 3578 specie
1384 3495 1543 3576 epistolam

194 3587 278 3648 unice
301 3588 451 3650 contendo
474 3589 593 3662 omitti;
617 3589 695 3668 quod
720 3589 746 3650 si
769 3606 829 3650 nou
852 3605 1039 3669 persuasero,
1064 3586 1173 3647 saltem
1197 3603 1329 3648 summas
1353 3585 1447 3646 facias
1471 3603 1543 3663 rogo

197 3683 437 3754 argumentorum
474 3695 526 3738 seu
564 3678 791 3756 responsionum
823 3695 965 3739 mearum.
1024 3675 1161 3753 Denique
1197 3673 1224 3735 si
1259 3692 1296 3733 ne
1333 3673 1451 3752 quidem
1487 3672 1544 3732 lroc

194 3764 334 3840 obtineo,
367 3766 478 3826 saltem
502 3765 606 3827 titulos
629 3765 803 3845 personales
828 3774 860 3826 et
882 3767 991 3845 probra
1013 3764 1191 3836 verborum,
1219 3758 1391 3840 justissima
1423 3760 1543 3839 quidem
1589 3793 1593 3818 ;

192 3849 246 3912 sed
280 3852 345 3931 jam
383 3852 528 3929 remissa,
565 3871 738 3932 expungas3
776 3851 943 3933 cujusmodi
974 3859 1063 3927 sunt,
1098 3849 1175 3930 quod
1207 3849 1276 3928 ajo,
1309 3847 1406 3928 ipsum
1428 3847 1542 3909 nullum

192 3941 291 4002 lamae
316 3959 388 4002 suae
413 3961 517 4003 curam
540 3941 651 4002 habere
685 3945 805 4015 (contra
828 3941 906 4021 quod
929 3941 994 4019 ipso
1018 3946 1115 4001 totam
1138 3937 1232 3998 vitam
1256 3955 1342 3997 suam
1365 3937 1403 3997 ad
1428 3935 1544 3998 exami-

191 4029 323 4090 naudum
353 4030 542 4109 proposuit),
577 4030 654 4108 quod
692 4029 893 4109 petulantiam
922 4028 968 4090 illi
1002 4029 1119 4100 tribuo,
1154 4025 1231 4105 quod
1264 4032 1384 4102 sputum
1416 4023 1544 4086 hominis

191 4117 309 4192 vocito,
335 4119 413 4197 quod
437 4118 617 4196 proditionis
641 4117 763 4192 incuso,
789 4119 868 4197 quod
891 4117 1128 4198 sycophantam,
1153 4112 1232 4192 quod
1255 4129 1389 4173 scumam
1413 4112 1544 4192 appello,

190 4203 390 4283 imperitiam,
425 4206 646 4280 temeritatem,
683 4205 911 4284 stupiditatem,
944 4204 1182 4266 infelicissimum
1213 4218 1345 4261 meorum
1387 4201 1545 4262 verborum

188 4293 378 4356 intellectum
402 4301 533 4374 atquae
557 4293 618 4355 alia
642 4293 728 4374 hujus
752 4293 859 4355 classis
883 4292 1090 4354 tolerabiliora
1106 4288 1264 4350 existimo:
1290 4288 1434 4368 quianon
1453 4287 1545 4349 animi

189 4381 295 4455 morbi,
319 4401 378 4443 non
396 4381 484 4443 vitae
509 4382 628 4462 probra,
654 4382 707 4442 sed
731 4383 779 4442 vel
803 4388 929 4443 naturae
953 4381 1002 4442 vel
1025 4379 1137 4440 aetatis
1162 4377 1247 4437 vitia.

279 4468 365 4532 Satis
390 4469 427 4530 de
459 4471 525 4546 his,
559 4489 596 4530 na
627 4478 748 4530 nostrae
774 4470 926 4532 amicitiae
960 4479 1013 4530 aut
1045 4475 1116 4528 tuae
1141 4463 1246 4526 virtuti
1268 4463 1375 4525 videar
1397 4464 1542 4528 diffidere.

190 4555 301 4618 Desino
326 4557 438 4636 igitur,
472 4557 497 4620 si
531 4557 589 4619 hoe
613 4556 709 4618 adhuc
733 4557 935 4636 subjunxere:
971 4555 1058 4618 audio
1083 4554 1176 4629 enirn,
1211 4551 1383 4614 Florentiae
1406 4571 1546 4615 recusam

192 4661 258 4705 esse
281 4645 536 4708 Dissertatiouem
560 4662 679 4718 meam;
709 4644 795 4723 cupio
820 4646 883 4725 ejus
908 4645 1075 4723 exemplum
1099 4641 1211 4702 videre.
1240 4671 1278 4682 -
1303 4639 1371 4702 Jam
1396 4643 1480 4715 vale,
1513 4648 1547 4704 et
1662 4661 1666 4664 ·
1735 4681 1737 4690 ι
1840 4649 1841 4692 l

193 4749 246 4792 uos
268 4733 364 4811 primo
388 4753 505 4814 quoque
536 4742 671 4812 tempore
706 4733 854 4795 desiderio
886 4739 957 4794 tuae
980 4750 1077 4793 novae
1108 4727 1290 4790 inventionis
1314 4727 1393 4792 leva.
1439 4729 1549 4792 Nemi·
1606 4802 1611 4818 .

191 4835 260 4882 nem
281 4819 376 4883 habes
400 4841 489 4903 quem
511 4829 630 4884 metuas
655 4821 813 4898 aemulum.
859 4828 966 4896 haqes,
987 4826 1029 4880 25.
1049 4825 1105 4876 Oct
1127 4819 1204 4874 toto.
