3684 5518
746 302 828 367 caput
846 301 890 352 ru.
909 305 934 355 e.
1172 273 1174 284 ’
1451 311 1512 376 211

148 491 211 535 unc
232 471 350 536 iutuitu
376 475 676 555 comprehendantur,
715 477 810 540 visum
839 478 1027 558 aliquatenus
1056 483 1092 543 de
1120 481 1241 544 immani
1270 485 1416 549 distantia
1439 490 1514 550 edo-

155 569 235 636 ceut,
258 581 295 624 ex
319 581 385 644 qua
409 565 455 625 rei
477 565 561 626 visse
585 565 739 644 quantitas
763 565 843 640 (sive
866 567 1015 630 distantia
1043 570 1177 633 binorum
1211 572 1340 636 sidemm
1369 595 1423 638 seu
1447 578 1514 638 dia-

159 659 252 714 meter
270 652 364 715 unius
389 651 499 714 sideris
522 652 578 725 sit)
617 653 776 716 admodum
808 661 919 733 magna
946 666 1075 737 apparet
1104 661 1209 722 eodem
1233 664 1341 741 angulo
1365 675 1513 728 ruanente.

163 741 269 803 Eorum
292 741 384 815 enim,
411 759 488 821 quae
511 742 616 803 eodem
639 744 749 822 angulo
773 751 941 819 cernuntur,
967 765 1042 826 quae
1056 748 1123 828 plus
1143 749 1268 819 distant.
1292 752 1408 830 majora
1430 764 1509 829 sunt,

165 848 237 912 quac
260 830 370 905 miuus,
398 831 525 892 minora.
571 831 678 911 Neque
701 832 776 893 baec
800 851 893 894 causa
914 835 1038 897 multum
1067 836 1178 898 attinet
1209 847 1408 911 astronomos,
1447 843 1517 924 quia

163 937 199 980 ex
221 937 258 980 ea
281 919 469 993 observatio,
503 938 579 1000 quae
602 919 637 980 tit
660 939 713 999 per
736 921 945 998 instrumenta,
976 923 1082 986 vitium
1106 927 1220 988 nullum
1243 929 1404 990 contrabit.
1450 931 1516 991 Hoc

162 1007 256 1070 solum
279 1015 431 1088 praestat,
455 1015 490 1070 ιιι
511 1025 578 1070 cum
593 1007 731 1088 legimus,
756 1009 895 1090 antiquos
919 1029 978 1073 non
993 1012 1211 1090 instrumentis,
1236 1017 1290 1078 sed
1305 1017 1515 1080 aestimatione

162 1096 373 1160 distantiarum
397 1115 470 1158 suas
494 1097 721 1160 observationes
744 1097 919 1178 perfecisse,
942 1100 1071 1163 sciamus
1096 1102 1160 1165 falli
1183 1103 1252 1166 illos
1276 1103 1332 1168 hac
1352 1106 1380 1167 in
1405 1125 1438 1168 re
1455 1125 1513 1186 pc-

162 1185 267 1262 tuisse,
292 1205 359 1248 cum
390 1187 459 1266 ipsa
490 1186 621 1249 facultas
653 1187 864 1250 aestimatoria
896 1197 1018 1269 propter
1049 1190 1126 1252 banc
1163 1211 1286 1255 causam
1323 1194 1516 1257 vehementer·

162 1274 425 1437 fanatbrb)qu⁰d
461 1282 493 1336 et
524 1273 627 1356 Tycho
659 1276 760 1338 Brahc
796 1276 969 1352 inculcavit,
1000 1283 1032 1340 et
1054 1279 1248 1344 Ptolemaeus
1279 1282 1345 1362 ipse
1379 1283 1428 1346 lib.
1454 1285 1511 1359 IX,

162 1381 229 1442 cap.
279 1409 286 1425 .

215 1501 247 1568 8.
286 1503 341 1566 An
365 1504 549 1568 omuibus
572 1504 672 1566 locis
697 1513 731 1568 et
756 1505 991 1585 temporibus
1015 1507 1269 1572 retractiones
1293 1514 1462 1577 eaedem?

251 1627 465 1690 Reiractiones
495 1629 525 1690 in
556 1629 631 1690 lucis
664 1628 822 1690 maritimis
855 1629 1076 1692 constantiores
1107 1641 1186 1710 sunt,
1226 1633 1254 1694 in
1287 1637 1515 1702 mediterraneis

162 1715 313 1778 interdum
343 1735 420 1796 pene
442 1717 553 1794 nullae,
583 1717 732 1779 interdum
754 1718 957 1799 prodigiosae.
1003 1719 1081 1783 Nam
1112 1720 1141 1783 in
1172 1723 1246 1784 loeis
1273 1725 1431 1788 maritimis
1464 1735 1517 1790 atr

165 1805 294 1867 eandem
316 1806 530 1887 propemodum
553 1806 664 1868 retinet
687 1807 886 1883 altitudinem,
918 1827 1043 1888 eamque
1066 1811 1143 1872 eatis
1174 1811 1362 1891 profundam,
1401 1821 1436 1878 ut
1458 1817 1516 1877 etsi

161 1895 235 1974 quid
258 1895 386 1957 accedat
409 1894 453 1957 illi
475 1894 505 1956 in
530 1895 706 1970 altitudine,
743 1895 783 1957 id·
807 1915 864 1959 nou
893 1896 938 1960 ita
965 1896 1007 1958 sit
1033 1898 1185 1962 sensibile.
1231 1901 1265 1962 In
1289 1903 1516 1965 mediterraneis

163 2001 237 2046 vero
269 1989 323 2047 atr
351 1982 491 2046 humilior
523 1991 579 2059 est,
618 1985 694 2047 adeo
722 1993 757 2046 ut
784 1985 814 2047 in
847 1985 1026 2066 quibusdam
1054 1987 1204 2050 montibus
1232 2009 1269 2050 ne
1298 1991 1366 2071 degi
1398 1992 1517 2074 quidem

252 2193 278 2264 *)
300 2199 343 2253 De
370 2199 577 2262 lusionibus,
608 2215 721 2270 quorum
747 2199 857 2270 parelio
883 2202 1019 2271 quaedam
1040 2207 1135 2270 partes
1158 2203 1321 2259 circulorum
1341 2213 1413 2273 sunt,
1435 2213 1468 2262 ut
1489 2214 1518 2262 et

162 2280 358 2350 paraselenae,
380 2279 433 2334 boc
452 2296 562 2333 monere
583 2279 659 2334 uolui
679 2279 777 2333 barum
791 2297 881 2335 rerum
903 2281 1049 2336 studiosos.
1082 2281 1171 2336 Primo
1193 2285 1323 2339 balenum
1339 2287 1413 2341 circa
1426 2288 1518 2342 Solem

164 2367 195 2414 et
213 2359 381 2430 parelicrum
401 2361 512 2414 eosdem
531 2375 593 2414 esse
614 2360 720 2414 colores
739 2359 785 2430 qui
806 2361 914 2416 suntin
934 2361 1056 2426 iridibus,
1079 2363 1250 2418 obscuriores
1272 2371 1364 2421 tamen
1379 2367 1414 2422 ob
1436 2367 1517 2422 cleri·

163 2447 252 2494 tatem
272 2437 345 2494 Solis
365 2455 453 2510 prope
474 2440 607 2503 lucentia;
630 2447 660 2493 et
680 2445 778 2494 tenum
800 2441 943 2494 admodum
958 2440 986 2494 in
1006 2442 1154 2497 halonibus
1176 2444 1250 2498 circa
1263 2445 1369 2501 Lunam
1385 2457 1415 2502 et
1434 2465 1517 2518 para·

163 2520 275 2574 selenis.
317 2521 394 2591 Ergo
415 2527 481 2574 sunt
500 2519 696 2574 refracticnum
716 2520 826 2574 soboles
846 2527 880 2574 ut
900 2525 938 2582 et¹
950 2520 1040 2574 irides.
1083 2521 1153 2575 Vide
1173 2524 1246 2578 inira
1267 2526 1335 2596 Cap.
1351 2529 1384 2580 V.
1406 2528 1516 2598 eriperi-

164 2606 260 2656 mentc
279 2615 332 2670 per
350 2600 451 2672 globos
478 2615 580 2670 squeoe
602 2607 632 2653 et
652 2599 726 2654 vitra
752 2599 904 2671 triangula.
946 2601 1053 2656 Deinde
1075 2602 1210 2658 diameter
1233 2605 1317 2668 iridis,
1339 2610 1517 2662 occumbente

164 2681 248 2745 Sole,
279 2697 388 2750 semper
418 2685 464 2734 est
489 2681 626 2751 grwuum
648 2679 701 2744 90,
730 2679 839 2734 balonis
862 2673 921 2736 45⁰,
945 2697 1012 2751 ergo
1043 2681 1196 2752 quicunque
1217 2701 1265 2748 es,
1297 2687 1343 2755 qui
1370 2685 1414 2740 hic
1443 2688 1520 2740 ultro

163 2760 344 2816 Aristotelem
364 2775 464 2830 sapere
485 2759 589 2830 aliquid
611 2759 697 2830 cupis,
717 2759 802 2828 hujus
822 2761 863 2814 rei
886 2775 998 2814 causam
1019 2760 1071 2814 tibi
1096 2763 1335 2820 demonstrandam
1356 2783 1419 2822 esse
1440 2767 1517 2820 scito.

253 2839 347 2896 Tertio
368 2839 485 2894 helenes
510 2838 709 2894 cernunturin
728 2839 847 2893 nubibus
875 2841 959 2910 plane
987 2841 1133 2908 proximis,
1157 2846 1227 2913 quod
1248 2863 1285 2900 ex
1311 2846 1395 2899 celeri
1422 2847 1519 2900 volatu
1624 2879 1625 2884 κ

164 2927 254 2992 patet.
303 2920 341 2974 Et
371 2927 464 2973 tamen
492 2920 529 2974 ab
558 2919 682 2974 omnibus
713 2919 821 2973 omnino
849 2918 1003 2974 bominibus
1024 2921 1052 2974 in
1080 2939 1239 2992 quocunque
1269 2925 1329 2977 loco
1361 2925 1518 2980 constitutis

164 3005 314 3054 cernuntur
335 3016 353 3053 a
372 2999 501 3054 luminari
528 3015 579 3053 ceu
599 3013 618 3053 a
639 3015 689 3052 suc
715 3005 810 3053 centro
836 3001 935 3053 abesse
957 2991 1052 3060 22¹!ss
1095 3001 1217 3063 Quilibet
1243 3001 1330 3074 igitur
1351 3004 1379 3058 in
1399 3005 1518 3059 nubibus

164 3085 223 3134 tam
241 3079 402 3150 propinquis
425 3079 563 3150 proprium
584 3078 713 3133 baloucm
739 3078 814 3132 uidet
834 3096 889 3132 uon
908 3077 996 3132 miuus
1018 3096 1098 3150 quam
1123 3081 1230 3145 iridem,
1253 3083 1319 3152 quia
1340 3084 1388 3137 alii
1409 3093 1519 3154 specta·

165 3160 219 3214 tori
240 3158 299 3214 alia
318 3161 406 3213 nubes
427 3159 500 3213 inter
514 3157 588 3212 sidus
603 3158 796 3228 interponitur.
824 3159 956 3228 Adeoque
978 3173 1062 3229 saepe
1077 3159 1143 3214 mibi
1157 3162 1252 3215 eodem
1266 3163 1327 3216 loco
1349 3163 1522 3233 permanenti

164 3240 231 3294 balo
253 3245 284 3292 et
301 3239 469 3309 paraselene
487 3236 547 3308 jam
569 3237 716 3308 apparuit,
741 3238 814 3292 nube
836 3238 915 3307 justo
936 3239 996 3292 loco
1024 3240 1207 3304 consistente,
1232 3241 1293 3310 jam
1314 3244 1428 3298 evanuit
1447 3246 1521 3298 nube

165 3321 296 3384 abeunte,
317 3333 480 3390 rursumque
501 3319 634 3388 apparuit
654 3319 818 3372 succedente
840 3318 914 3383 nube
935 3319 1000 3372 alia.
1030 3319 1150 3374 Necesse
1171 3326 1215 3376 eet
1235 3322 1330 3392 igitur,
1351 3324 1413 3377 loco
1434 3325 1521 3378 multo

165 3397 319 3454 sublimiori
339 3404 370 3453 et
393 3398 536 3454 tamenin
561 3397 681 3452 materia
706 3397 828 3452 fluitanti
848 3403 878 3452 et
904 3403 983 3452 certa
1007 3399 1151 3468 superficie
1182 3403 1332 3458 terminata
1359 3419 1522 3474 semperque

167 3479 293 3548 ejusdem
313 3477 461 3533 densitatis
482 3483 512 3531 et
533 3475 687 3531 altitudinis
708 3477 825 3549 refringi
845 3476 936 3532 radios
957 3478 1054 3533 sideris
1074 3479 1169 3550 itaque
1190 3482 1325 3535 retractos
1346 3484 1468 3538 demitti:
1491 3489 1523 3537 at

170 3575 225 3614 nou
244 3558 340 3622 rideri,
362 3557 415 3612 nisi
436 3574 456 3614 a
475 3557 547 3610 nube
568 3555 709 3626 pellucido
728 3556 771 3611 ita
797 3555 975 3627 excipiantur
994 3573 1094 3628 supra,
1117 3565 1149 3612 ut
1169 3560 1206 3612 ab
1233 3560 1318 3625 infra,
1347 3578 1398 3631 per
1423 3579 1522 3632 corpus

168 3637 275 3694 scilicet
295 3637 450 3708 pellucidae
471 3636 560 3701 nubis,
582 3636 654 3690 baec
673 3635 784 3706 picture
803 3643 950 3706 appareat.

257 3717 364 3780 Quarto
384 3715 495 3786 parelio
514 3723 544 3770 et
562 3715 748 3786 paraeelenae
773 3715 925 3772 crebriores
952 3717 1009 3772 lere
1031 3723 1097 3772 suut
1123 3716 1190 3787 ipsis
1218 3717 1380 3783 balouibus,
1409 3718 1475 3789 quia
1495 3718 1523 3772 iu

168 3797 270 3852 halone
292 3796 351 3851 iere
373 3812 482 3867 semper
501 3795 619 3865 parelio.
650 3795 688 3850 Et
708 3795 779 3849 baec
799 3793 907 3866 quoties
928 3805 1074 3870 apparent
1096 3795 1208 3866 aequali
1229 3813 1289 3852 cum
1302 3798 1366 3853 Sole
1383 3800 1428 3851 rel
1441 3799 1523 3854 Luna

168 3893 277 3947 semper
297 3881 447 3930 cernuntur
468 3873 624 3930 altitudine.

255 3955 369 4019 mnaso,
388 3961 423 4009 ut
440 3953 502 4008 iris
523 3959 678 4024 appareat,
700 3953 789 4008 locum
810 3953 857 4008 ubi
880 3968 1018 4023 apparere
1038 3959 1134 4025 potest
1154 3960 1184 4007 et
1203 3952 1322 4008 materia
1341 3953 1473 4010 restitum
1494 3961 1523 4010 et

167 4037 323 4093 mbrcsum
344 4051 406 4090 esre
426 4051 540 4089 necesse
561 4041 613 4089 eet.
653 4033 809 4103 Propterea
829 4034 936 4103 quoties
957 4033 1032 4103 pluit
1055 4034 1237 4088 interlucente
1258 4032 1336 4098 Sole,
1364 4035 1438 4088 nube
1458 4051 1522 4104 pro·

167 4115 240 4172 xime
261 4131 349 4187 supra
368 4113 460 4170 Solem
481 4118 645 4184 apparente,
667 4111 774 4167 scilicet
793 4113 841 4166 ubi
861 4111 910 4166 vix
930 4115 1028 4168 umbra
1054 4113 1135 4168 uubis
1156 4113 1244 4184 abiit3
1272 4120 1338 4168 tunc
1359 4112 1446 4184 igitur
1466 4117 1522 4167 cla·

168 4195 291 4252 rbsimae
312 4199 464 4250 cernuntur
483 4192 576 4248 irides.
616 4193 694 4262 Ergo
707 4191 833 4260 „materia
854 4205 958 4261 aquea,
985 4209 1056 4262 quae
1077 4192 1151 4246 inter
1173 4198 1361 4263 spectatorem
1381 4200 1411 4247 et
1430 4192 1522 4247 Solem

168 4283 221 4341 cst,
241 4292 293 4330 seu
312 4273 411 4345 pluria
429 4273 467 4328 sit
486 4289 537 4328 seu
557 4269 698 4342 pellucido
716 4272 805 4326 nubes
826 4287 877 4325 eeu
897 4271 1002 4327 nebula
1021 4269 1089 4340 (ridi
1109 4271 1182 4326 enim
1206 4271 1288 4326 irides
1309 4277 1339 4326 et
1358 4273 1386 4326 iu
1407 4267 1521 4337 nebula)

169 4355 239 4410 baec
257 4353 372 4426 inquam
391 4353 493 4408 format
512 4357 544 4406 et
562 4351 668 4423 figurat
693 4350 874 4406 retractiones
901 4351 1040 4406 radiorum
1059 4350 1148 4414 doliu
1176 4367 1248 4422 quae
1272 4367 1338 4406 vero
1359 4356 1424 4420 post
1442 4367 1522 4420 spec·

170 4440 288 4490 tutorem
308 4440 361 4498 eat,
383 4449 419 4486 eu
438 4429 545 4500 excipit
557 4429 608 4484 bos
628 4418 720 4485 radios
734 4428 806 4484 Solia
823 4429 967 4485 refractus.
995 4430 1091 4484 Nubes
1104 4447 1171 4485 vero
1191 4435 1355 4503 superstans
1377 4429 1524 4485 obumbrat

170 4513 258 4569 lectum
278 4518 310 4568 et
329 4511 422 4568 radios
442 4509 515 4565 Solis
536 4509 654 4564 directos
676 4507 790 4574 auertit,
811 4513 844 4563 ut
864 4508 979 4564 colorati
1006 4507 1077 4564 radii
1101 4508 1176 4563 cerni
1196 4516 1309 4580 queant.
1350 4510 1448 4580 Itaque
1468 4525 1523 4562 uon

171 4599 214 4648 est
232 4609 337 4658 rerum,
364 4591 457 4645 radios
483 4605 533 4644 seu
553 4587 627 4643 Solis
648 4603 697 4642 eeu
717 4587 793 4643 rbus
812 4588 951 4658 repercuti
972 4589 1017 4644 rel
1042 4587 1135 4659 bangi
1156 4588 1184 4642 in
1209 4589 1269 4658 ipro
1296 4589 1357 4642 loco
1377 4587 1473 4652 nubis,
1494 4587 1524 4640 in

206 4671 290 4728 ciris
312 4685 332 4726 a
371 4676 442 4725 aret.

170 4685 205 4743 qu
254 4687 370 4816 Sexti?
377 4765 430 4804 nec
448 4747 518 4803 illud
536 4747 773 4809 contemnendum,
794 4751 892 4811 ceptra
911 4743 986 4799 risus
1012 4743 1121 4800 belonis
1143 4750 1173 4798 et
1192 4742 1264 4799 Solis
1285 4744 1331 4799 rel
1351 4745 1448 4800 Lunae
1468 4761 1524 4800 nou

167 4827 255 4888 ιιιιιιιι
274 4829 308 4885 ιι
326 4828 427 4884 ecdem
445 4831 526 4883 reeta
545 4841 607 4881 erre
628 4839 710 4896 quam
730 4829 828 4880 matre
847 4822 922 4878 visus
943 4821 1018 4878 iridis
1040 4829 1070 4878 et
1090 4821 1171 4878 Solia.

1258 4907 1314 4964 w
