3652 5532
360 307 425 378 738
676 333 682 344 ¹
830 309 870 363 De
889 307 968 362 Stella
983 307 1055 364 Nora
1071 308 1220 376 Serpentarli

360 475 447 554 nobis
479 489 631 564 ostendit3
663 495 695 550 et
717 487 836 570 quidem
858 488 889 550 in
917 496 1038 552 nostrae
1070 489 1157 570 hujus
1180 488 1308 552 Telluris
1338 486 1485 568 gratiam,
1518 495 1552 550 ut
1574 507 1612 552 ex
1634 507 1697 570 qna

358 578 477 659 Jupiter
499 580 592 640 Marti
616 587 647 640 et
668 578 774 642 Novas
806 579 980 658 conjunctus
1012 599 1079 640 esse
1111 579 1192 641 visus
1221 586 1279 641 est.
1333 576 1450 642 Seneca
1479 577 1589 640 alicubi
1620 579 1697 642 nihil

358 669 402 732 ait
431 676 494 730 tam
520 686 659 746 magnum
683 687 749 730 esse
764 668 794 729 in
812 667 859 728 his
875 667 985 740 Terris,
1008 668 1089 747 cujus
1112 667 1221 730 notitia
1239 668 1276 728 ad
1291 667 1430 730 mundum
1447 665 1530 730 illurn
1552 685 1697 748 superum

357 757 518 838 pertineat.
565 755 640 820 Cum
663 757 719 818 hac
743 756 893 818 sententia
920 757 991 818 mihi
1014 765 1078 819 toto
1102 758 1158 818 hoc
1181 756 1255 818 libro
1283 755 1556 836 pertinacissimum
1583 755 1697 820 bellum

359 853 415 908 est.
460 845 660 925 Respondebo
690 863 745 924 ego
769 844 903 907 Senecae
933 865 969 907 ex
998 843 1073 924 Gap.
1102 843 1158 908 16:
1188 845 1254 907 Deo
1286 844 1414 907 creatori
1446 864 1539 926 neque
1571 853 1696 908 vastum

359 954 427 998 esse
449 934 532 998 illum
554 934 692 996 mundum
715 953 862 1013 superum,
886 953 980 1016 neque
1003 953 1112 1014 parvos
1135 935 1190 998 hos
1213 934 1368 997 homines:
1397 933 1506 996 sufficit
1527 934 1613 998 nobis
1635 935 1697 997 huc

360 1031 410 1087 sat
431 1041 579 1103 magnum,
602 1023 680 1104 quod
702 1023 800 1103 imago
824 1042 924 1085 sumus
946 1023 1003 1085 Dei
1027 1021 1191 1086 Creatoris.

443 1113 549 1194 Itaque
572 1111 644 1174 nihil
667 1112 827 1192 impeditus
849 1131 941 1192 pergo
965 1113 1003 1174 ad
1025 1112 1196 1193 probabiles
1223 1110 1399 1192 allegorias,
1424 1129 1499 1191 quas
1522 1129 1592 1191 ego,
1616 1131 1696 1194 quas

359 1209 390 1266 et
413 1201 464 1264 alii
486 1201 569 1264 varie
593 1201 751 1263 commenti
774 1209 844 1262 snut
865 1201 1020 1262 occasione
1049 1201 1135 1281 hujus
1163 1201 1271 1263 stellae
1295 1207 1326 1262 st
1350 1219 1424 1281 quas
1451 1199 1577 1281 gignunt
1602 1202 1695 1264 nobis

357 1289 443 1354 varia
471 1290 670 1352 doctrinarum
700 1298 731 1352 et
757 1289 965 1368 philosophias
996 1308 1114 1370 genera.
1162 1289 1291 1352 Primum
1322 1289 1395 1350 mihi
1422 1288 1465 1351 sic
1496 1289 1632 1352 videtur:
1666 1291 1696 1354 si

354 1387 496 1461 portenta
518 1378 664 1442 coelestia
685 1377 743 1441 Dei
766 1379 889 1440 oonsilio
912 1387 1114 1459 proponuntur
1137 1379 1222 1441 nobis
1245 1377 1420 1453 hominibus,
1446 1375 1694 1457 consentaneum,

354 1489 391 1532 oa
416 1488 490 1551 quae
514 1468 602 1548 plane
626 1475 696 1530 sunt
718 1475 823 1529 contra
845 1474 969 1528 naturae
998 1457 1145 1542 ordiriem‚
1176 1487 1212 1530 ea
1235 1467 1273 1532 ad
1296 1487 1412 1530 summa
1443 1486 1576 1549 quaeque
1599 1487 1693 1548 spec-

353 1566 431 1633 tare,
456 1573 532 1638 qnae
555 1557 668 1618 suntin
683 1557 771 1620 rebus
794 1555 948 1618 humanis:
973 1555 1019 1618 sin
1035 1556 1146 1637 aliquid
1169 1575 1227 1620 non
1242 1564 1346 1618 contra
1360 1556 1414 1618 sed
1435 1563 1555 1636 praeter
1578 1565 1693 1620 statam

355 1655 509 1716 naturam,
542 1646 581 1708 ad
605 1646 794 1708 novationem
826 1645 955 1731 aliquam
982 1645 1010 1706 in
1041 1645 1192 1726 imperiis:
1226 1645 1350 1726 denique
1375 1645 1401 1707 si
1429 1645 1499 1726 quid
1530 1645 1694 1710 secundum

355 1737 472 1818 quidem
495 1741 642 1810 naturam,
667 1735 756 1815 paulo
779 1733 954 1796 insolentius
976 1743 1075 1796 tamen
1100 1742 1153 1798 aut
1175 1735 1280 1810 rarius,
1304 1733 1334 1796 id
1349 1735 1386 1796 ad
1412 1734 1527 1814 vulgus,
1550 1735 1590 1796 ad
1609 1744 1693 1798 terra

353 1823 521 1899 nascentia,
552 1824 591 1886 ad
613 1824 756 1887 animalia
787 1831 945 1902 cete-reque
967 1823 1044 1884 talia
1067 1823 1147 1904 vulgi
1173 1842 1384 1904 corporumque
1416 1822 1597 1886 utilitatibus
1621 1843 1692 1887 ser-

353 1915 467 1976 vientia
494 1913 654 1994 pertinere.
700 1912 783 1974 Nihil
806 1912 835 1972 in
860 1911 959 1972 Terris
992 1912 1088 1992 majus
1120 1913 1263 1992 religione
1292 1931 1364 1974 vera
1392 1912 1515 1993 ejusque
1544 1921 1694 1994 perpetua

353 2003 476 2065 cultrice
499 2001 636 2066 ecclesia.
681 2002 787 2081 Itaque
810 2001 892 2062 Dens
916 1999 1055 2081 Optimus
1078 2001 1214 2064 Mennis
1238 2001 1467 2063 emolumentum
1489 2000 1553 2080 ejus
1575 2002 1690 2083 populi,

354 2091 401 2154 cui
421 2089 547 2172 primum
566 2090 596 2152 in
611 2088 741 2152 ecclesia
764 2091 860 2152 locum
878 2089 1013 2165 dederat,
1037 2091 1192 2152 immutato
1216 2097 1341 2158 naturae
1364 2090 1466 2151 ordine
1480 2088 1562 2152 Solis
1585 2110 1692 2154 cursus

352 2179 490 2255 inhibuit,
513 2179 624 2242 diemm
647 2179 747 2259 spatia
766 2178 887 2240 exclusa
906 2187 991 2241 nocte
1007 2179 1199 2254 continuavit,
1224 2179 1410 2259 gratificatus
1427 2179 1478 2240 uni
1491 2177 1603 2242 Josuae
1623 2181 1692 2243 duci

353 2267 454 2350 populi
477 2267 647 2330 Israelitici.
691 2267 763 2330 Alio
786 2274 919 2346 tempore
943 2268 1074 2348 ejusdem
1101 2268 1202 2349 populi
1228 2287 1327 2348 regern
1350 2269 1431 2348 pium
1452 2267 1613 2332 Ezechiam
1634 2289 1692 2350 pro

353 2356 558 2420 incolumitate
582 2375 637 2420 sua
660 2358 870 2436 deprecantem
893 2375 959 2418 cum
981 2356 1092 2438 Esajae
1115 2358 1279 2439 prophetae
1312 2356 1411 2420 verbis
1427 2357 1605 2434 erexisset,
1631 2377 1693 2420 non

310 2481 314 2491 =
353 2445 510 2521 dubitavit,
534 2444 727 2509 conversione
751 2444 867 2507 Solaris
897 2445 1016 2509 umbrae
1040 2447 1069 2507 in
1093 2447 1250 2509 scioterico
1283 2447 1455 2509 confirmare
1486 2446 1627 2510 miraculo
1651 2449 1694 2509 ad

353 2553 455 2618 omnes
486 2547 591 2616 gentes
628 2536 775 2616 stupendo
810 2541 994 2616 naturaeque
1026 2555 1121 2598 rerum
1156 2535 1316 2598 contrario.
1365 2533 1457 2606 ,Quae
1488 2554 1537 2596 res
1571 2543 1693 2598 tantam

318 2625 337 2644 ⁴
352 2624 464 2688 Esaiae
488 2623 660 2686 conciliavit
681 2624 902 2699 auctoritatem,
926 2631 1037 2704 quanta
1060 2625 1187 2688 omnium
1210 2633 1342 2686 aetatum
1361 2624 1497 2686 ecclesiis
1516 2625 1598 2686 utilis
1624 2633 1695 2688 erat

353 2715 392 2776 ad
415 2713 469 2776 illa
490 2733 563 2776 vera
576 2713 633 2775 fide
657 2714 875 2792 amplectenda,
899 2731 975 2793 quae
990 2714 1136 2794 propheta
1158 2715 1208 2776 ille
1223 2712 1331 2775 divinis
1353 2715 1443 2794 plane
1465 2712 1565 2775 verbis
1584 2715 1693 2796 copio-

353 2803 472 2866 sissime
496 2803 533 2865 de
556 2810 681 2865 venturo
704 2803 819 2864 Massia
841 2803 1066 2883 perscripserat.
1103 2801 1172 2865 Jam
1196 2820 1261 2865 cum
1284 2810 1376 2882 caput
1397 2801 1543 2864 ecclesiae
1566 2801 1636 2864 Rex
1658 2812 1695 2866 et

351 2891 497 2956 Dominus
519 2899 623 2954 noster
643 2892 734 2955 Jesus
758 2889 897 2955 Christus
920 2892 1039 2952 humani
1063 2892 1182 2972 generis
1204 2898 1331 2973 peccata
1354 2891 1570 2954 contumeliosa
1591 2902 1692 2955 morte

353 2983 469 3044 lueret:
504 2981 617 3044 nullum
643 3000 738 3061 neque
762 2980 792 3042 in
820 2981 902 3042 coelo
934 2999 1030 3061 neque
1057 2981 1087 3042 in
1112 2980 1205 3043 Terra
1234 2988 1423 3062 portentum,
1456 2981 1554 3044 nullus
1586 2981 1695 3044 horror

354 3071 489 3134 sufficere
511 3071 618 3152 potuit,
644 3069 714 3150 quin
737 3069 803 3151 ipsa
816 3070 875 3146 lux,
901 3069 977 3148 quod
997 3075 1045 3132 est
1068 3070 1195 3132 omnium
1217 3068 1399 3132 horribilium
1422 3069 1694 3148 horribilissimum,

356 3160 438 3222 claro
461 3160 555 3235 coelo,
580 3166 613 3221 et
634 3166 768 3239 tempore
793 3177 849 3239 quo
873 3177 931 3220 nou
955 3157 1065 3234 debuit,
1091 3159 1338 3239 exstingueretur.

441 3248 561 3312 Auctor
584 3248 740 3328 epistolae,
765 3267 840 3328 quae
864 3248 1035 3310 inscribitur
1052 3247 1195 3331 Dionysio
1210 3247 1413 3328 Areopagitae
1428 3247 1466 3309 ad
1481 3248 1694 3331 Polycarpum,

357 3335 488 3418 quisquis
515 3344 577 3409 est,
611 3355 663 3398 seu
695 3355 795 3398 veram
829 3344 931 3398 narrat
962 3335 1118 3398 historiam
1145 3357 1197 3399 seu
1235 3337 1303 3418 quid
1336 3355 1402 3398 esse
1433 3336 1565 3417 potuerit
1594 3337 1696 3419 tingit,

355 3443 522 3488 sermonem
536 3425 737 3504 Apollophani
753 3425 928 3506 philosopho
943 3424 1057 3500 tribuit,
1076 3425 1118 3486 rei
1132 3444 1219 3507 quam
1235 3429 1338 3488 narrat
1351 3445 1408 3487 non
1425 3425 1695 3490 inconvenientem.

356 3513 431 3578 Cum
455 3514 531 3576 enim
554 3521 726 3594 spectarent
749 3520 871 3595 uterque
895 3533 952 3576 una
975 3513 1004 3576 in
1026 3515 1175 3595 Heliopoli
1189 3515 1320 3597 Aegypti
1343 3515 1421 3576 hunc
1435 3513 1517 3577 Solis
1540 3516 1697 3580 defectum

355 3611 553 3685 notarentqne
579 3603 708 3680 Lunam,
729 3610 833 3664 contra
867 3622 970 3665 cursus
1003 3602 1049 3666 sni
1080 3613 1216 3668 naturam
1248 3604 1286 3664 ab
1318 3613 1384 3666 ortu
1416 3604 1633 3684 ingredientem
1662 3606 1696 3668 in

357 3693 471 3756 discum
494 3691 587 3767 Solis,
622 3693 708 3773 idque
735 3699 869 3772 tempore
901 3690 1070 3771 plenilunii,
1102 3700 1133 3756 et
1154 3700 1311 3774 postquam
1334 3701 1396 3755 tres
1428 3694 1517 3758 horas
1540 3694 1594 3757 sub
1618 3693 1695 3758 Sole

358 3783 457 3864 quiete
480 3781 627 3852 stetisset,
651 3801 795 3844 conversa
817 3781 867 3842 via
881 3800 996 3844 rursum
1019 3788 1116 3844 ortum
1138 3801 1242 3844 versus
1265 3791 1448 3862 pergentem,
1472 3783 1516 3845 sic
1530 3791 1564 3846 ut
1576 3783 1696 3847 initium

354 3872 493 3934 defectus
517 3870 659 3932 essetab
683 3891 735 3932 ora
758 3869 904 3944 orientali,
929 3870 1045 3933 initium
1069 3871 1236 3950 emergendi
1261 3872 1297 3932 ab
1322 3890 1375 3933 ora
1398 3873 1593 3936 occidentali:
1618 3875 1695 3936 sub-

354 3959 454 4042 junxit
467 3960 711 4041 Apollophanes:
728 3957 752 4021 oi
768 3961 835 4022 sele
852 3961 995 4028 Alorcum,
1011 3963 1103 4022 dacos
1117 3959 1239 4038 ἀμοιβαι
1255 3981 1437 4040 spumosos.
1467 3961 1570 4024 Rebus
1585 3962 1696 4024 divinis

360 4049 547 4128 comparavit
577 4037 742 4112 ordinarios
772 4049 959 4128 planetarum
981 4067 1085 4110 cursus
1107 4058 1230 4130 propter
1258 4051 1457 4114 constantiam
1485 4059 1695 4132 utrorumque:

360 4157 454 4220 neque
476 4137 539 4201 fieri
561 4157 651 4218 posse
674 4138 800 4218 putavit,
825 4141 866 4199 ut
881 4145 1102 4200 converteretur
1119 4138 1222 4201 Lunae
1247 4157 1349 4202 cursus
1372 4139 1401 4202 in
1425 4141 1613 4214 contrarium,
1636 4141 1697 4204 nisi

361 4227 503 4312 simulet
525 4225 690 4289 divinarum
713 4246 807 4290 rerum
832 4225 982 4290 accideret
1005 4227 1187 4290 vicissitudo.
1233 4228 1298 4292 Nec
1320 4229 1452 4307 ineptam
1477 4229 1697 4292 architectatus

296 4323 300 4331 '
361 4323 409 4379 est
431 4315 624 4395 allegoriam:
657 4316 743 4379 Luna
770 4334 863 4397 genus
892 4316 1050 4378 humanum
1078 4323 1180 4392 notat;
1213 4316 1266 4378 Sol
1288 4317 1344 4379 Dei
1368 4317 1493 4393 Filium;
1526 4319 1696 4380 contrarius

277 4467 284 4483 ,
363 4407 466 4468 Lunae
490 4423 603 4479 cursus,
628 4424 715 4485 quam
739 4404 852 4478 debuit,
873 4413 999 4484 peccata
1021 4406 1139 4484 generis
1161 4406 1298 4481 humani3
1322 4407 1457 4468 deiectus
1478 4406 1597 4470 luminis
1617 4426 1697 4489 pas·

363 4495 477 4558 sionem
499 4493 568 4556 Filii
590 4493 657 4556 Dei.
704 4495 805 4575 Atque
832 4494 907 4556 baec
936 4493 998 4556 sint
1024 4495 1160 4575 exempla
1188 4495 1379 4558 maximarum
1407 4513 1516 4572 rerum,
1547 4497 1697 4577 portentis

364 4582 509 4664 ejusmodi
531 4601 751 4660 expressarum,
776 4602 852 4663 quae
875 4590 945 4644 sunt
967 4588 1090 4644 naturae
1118 4585 1265 4646 coelorum
1287 4585 1376 4664 plane
1404 4585 1581 4648 contrariae.

450 4672 521 4735 Jam
544 4681 678 4733 cometae
693 4683 724 4734 et
738 4691 832 4733 novae
847 4673 965 4744 stellae,
988 4673 1147 4735 secundnm
1165 4681 1366 4751 portentorum
1381 4691 1483 4753 genus,
1504 4694 1561 4737 non
1577 4673 1697 4756 quidem

365 4767 470 4824 contra
486 4759 539 4824 sed
553 4767 652 4822 tamen
669 4770 788 4840 praeter
796 4761 872 4822 coeli
882 4766 1018 4822 naturam
1026 4761 1213 4836 ordinariam,
1227 4763 1265 4824 ad
1276 4763 1414 4842 quidnam
1424 4763 1504 4826 aliud
1516 4761 1696 4840 reserantur,

365 4850 442 4929 quod
465 4851 507 4914 sit
527 4849 690 4930 proximum
713 4849 800 4912 rebus
823 4869 860 4910 ex
887 4849 1021 4912 humanis
1054 4851 1171 4914 omnino
1198 4851 1352 4927 maximis,
1382 4871 1470 4933 quam
1490 4851 1640 4935 immriis,
1663 4853 1697 4916 iu
