3700 5530
782 302 922 370 Caram·
1454 301 1518 372 655

179 485 403 574 &mancatum
433 481 566 563 gentium
601 481 720 546 illuvies
755 484 825 548 luxu
866 480 1069 546 effeminatam
1102 489 1133 546 et
1167 482 1305 546 libertate
1338 483 1518 547 dissolutam

179 594 330 673 Europam
361 589 569 666 inundaverit,
601 589 737 653 omnibus
769 597 800 654 et
836 589 949 652 artibus
987 599 1019 651 et
1053 588 1225 671 prodigiosa
1259 589 1399 652 librorum
1434 590 1520 672 eopia

180 699 312 762 fonditus
336 695 530 777 exstirpatis:

444 821 539 886 Qualis
560 821 608 876 ubi
628 823 663 876 ad
684 827 782 885 terras,
804 821 923 890 abrupto
944 819 1041 884 sidere,
1063 819 1175 886 nimbus,

442 904 469 958 lt
488 919 563 957 mare
583 919 633 972 per
653 901 782 956 medium:
804 900 908 955 miseris
929 901 983 955 beu
1004 905 1130 970 praescia
1150 901 1232 974 longe

442 985 614 1038 Horresouut
633 983 715 1036 corda
735 980 872 1052 agricolis,
894 981 972 1034 dabit
993 981 1041 1034 ille
1060 981 1152 1036 ruinas

443 1063 595 1118 Arboribus
616 1069 792 1134 stragemque
813 1061 890 1125 satis,
911 1067 975 1116 ruet
995 1061 1086 1116 omnia
1105 1062 1169 1118 late.

443 1143 613 1200 Antevolant
632 1143 803 1214 sonitumque
823 1142 917 1196 ferunt
936 1144 970 1195 ad
990 1141 1090 1196 littora
1108 1142 1190 1197 renti.

493 1225 532 1278 Et
548 1223 608 1292 jam
627 1223 779 1296 aggeribus
799 1219 889 1291 ruptis
910 1237 1038 1292 spumeus
1059 1222 1143 1277 amris

443 1303 522 1361 Exiit
542 1301 737 1374 oppositasque
758 1301 841 1356 erioit
860 1301 974 1375 gurgite
995 1302 1099 1364 maleae

442 1386 541 1440 Fertur
561 1383 588 1438 in
609 1400 678 1438 arva
698 1383 790 1438 boreus
811 1382 918 1438 cumulo
939 1399 1103 1454 camposque
1121 1398 1172 1454 per
1192 1399 1282 1436 omnes

445 1466 512 1520 Cum
532 1463 651 1518 stabulis
673 1472 802 1519 umento
818 1463 914 1517 trabit.

267 1578 329 1643 Sed
353 1579 427 1641 haec
450 1577 566 1659 superis
590 1597 679 1640 curae
702 1585 801 1639 sunto.
846 1576 934 1639 Nune
953 1576 1017 1656 jem
1046 1586 1160 1656 tempus
1184 1584 1231 1637 est
1252 1573 1369 1643 videre,
1403 1575 1522 1655 qualem

177 1671 260 1732 Deus
285 1667 356 1749 Opt.
381 1669 464 1730 Mas.
489 1668 554 1747 ipse
584 1667 701 1729 clarum
724 1666 822 1728 fixerit
851 1667 889 1727 ad
913 1666 1009 1728 locum
1034 1675 1065 1729 et
1088 1667 1165 1728 diem
1192 1665 1277 1744 hujus
1301 1664 1423 1726 ultimae
1446 1682 1520 1726 eon-

174 1759 357 1840 junotiouis:
389 1765 421 1820 et
444 1756 523 1838 quali
554 1764 744 1819 monumento
775 1755 857 1816 illam
882 1755 919 1816 ad
950 1756 1137 1835 posteritatis
1169 1755 1338 1816 memoriam
1368 1771 1520 1815 oomrnen-

179 1847 315 1910 daverit:
340 1847 417 1926 quod
441 1845 496 1909 sub
518 1845 697 1926 principium
721 1845 807 1925 hujus
832 1844 925 1906 libelli
949 1845 1006 1906 dici
1030 1852 1175 1925 coeptum,
1201 1861 1275 1906 nuno
1299 1844 1396 1922 quoad
1420 1850 1521 1904 astro-

184 1927 314 2000 nomiam
337 1935 509 2018 diligentius
533 1935 711 1998 excutietur.

736 2484 855 2584 'Caput
882 2482 968 2557 XII.

537 2661 771 2726 Observationes
793 2662 887 2748 trojus
908 2661 1018 2725 Novae
1041 2653 1167 2726 Stellae.

273 2821 467 2886 Memorabile
491 2829 538 2884 est
560 2830 590 2884 et
614 2820 815 2902 superioribus
839 2822 1073 2901 adjungendum,
1099 2820 1232 2884 omnibus
1252 2821 1333 2900 loeis,
1358 2843 1395 2886 ex
1419 2822 1524 2904 quibus

185 2914 223 2975 ad
246 2932 294 2974 me
318 2913 399 2974 lama
421 2911 488 2973 novi
522 2911 628 2973 sideris
661 2911 813 2990 pervenit,
845 2911 960 2973 coelum
984 2929 1037 2992 per
1059 2911 1135 2972 hane
1157 2910 1242 2972 Jovis
1266 2921 1296 2973 et
1318 2912 1426 2974 Martis
1449 2931 1523 2974 oon-

180 3001 364 3084 juoctionem
394 3001 547 3080 ipsumque
578 2999 685 3062 sideris
717 3007 851 3062 exortum
883 3000 974 3062 luisse
1002 3000 1133 3080 pluvium
1165 3001 1381 3064 continentibus
1412 3001 1526 3082 aliquot

186 3091 301 3154 diebus.
348 3088 405 3152 Dia
439 3081 524 3171 7117.
550 3087 691 3152 Octobris
724 3089 888 3152 serenitate
920 3089 1063 3153 restituta
1095 3088 1169 3150 haee
1199 3089 1353 3164 obseruari
1384 3097 1524 3152 sextante

184 3181 291 3253 lerreo,
315 3177 363 3260 qui
387 3177 581 3258 sequentibus
604 3178 709 3240 diebus
732 3179 885 3241 abundare
910 3179 1112 3258 deprehensus
1137 3178 1194 3240 luit
1215 3179 1326 3260 aliquot
1347 3179 1478 3242 minutis.

273 3268 389 3332 Oeeaso
418 3265 509 3339 Sole,
541 3267 624 3330 clara
652 3268 750 3330 adbuc
783 3267 849 3344 die,
880 3267 1007 3337 vidimus
1038 3266 1114 3330 satis
1147 3267 1256 3345 altum,
1288 3277 1448 3350 autequam
1476 3268 1525 3330 vel
1616 3257 1623 3280 ‘

184 3359 303 3440 Jupiter
326 3359 374 3421 vel
397 3358 459 3421 nlla
482 3356 573 3419 stella
596 3356 676 3418 cerni
700 3365 812 3436 posset.

585 3473 681 3528 Jorem
706 3513 908 3530 .....
970 3471 1003 3526 3⁰
1024 3469 1109 3542 28¹1'2‘

586 3554 705 3610 Martem
755 3595 761 3608 .
804 3597 810 3610 .
852 3597 907 3612 ..
969 3551 997 3608 8.
1021 3551 1067 3608 31.

334 3637 408 3691 lnter
428 3635 534 3691 Noram
586 3635 760 3689 Saturnum.
803 3675 810 3689 .
853 3679 859 3692 .
900 3679 906 3692 .
969 3634 996 3689 6.
1022 3632 1068 3687 12.
1089 3633 1134 3687 rel
1154 3635 1188 3702 6⁰
1213 3631 1267 3689 14¹.

420 3723 450 3770 et
586 3716 735 3770 Humerum
754 3715 844 3787 Sagit.
901 3755 909 3769 .
950 3713 996 3770 20.
1041 3715 1068 3769 0.

586 3797 723 3852 Dextrum
743 3811 818 3868 genu
839 3797 908 3866 Opb.
972 3794 998 3850 7.
1021 3793 1068 3847 39.
1091 3787 1221 3862 (difficilis
1242 3787 1421 3861 observatio.)

274 3977 359 4042 Haeo
383 3999 402 4041 a
424 3987 576 4061 tempore,
600 4000 656 4062 quo
679 3981 783 4057 Nova,
806 3980 943 4060 Jupiter,
970 3979 1055 4040 Mers
1083 3977 1249 4039 habuerunt
1281 3977 1466 4040 altitudinem
1489 3972 1528 4040 9ο

187 4086 279 4148 usque
311 4069 379 4130 dum
409 4068 483 4132 baec
516 4071 649 4133 decrevit
682 4071 719 4132 ad
753 4071 941 4132 altitudinem
966 4063 1013 4131 4⁰.
1060 4066 1225 4141 Saturnus,
1253 4065 1338 4130 Nora
1368 4075 1399 4128 et
1429 4067 1525 4129 lemur

187 4159 358 4220 formabant
381 4159 531 4222 scalenum
555 4161 778 4241 acutangulum.
816 4159 912 4222 Erant
934 4158 1028 4237 primo
1042 4156 1129 4218 Nova
1146 4164 1176 4218 et
1195 4156 1278 4217 Mars
1301 4155 1328 4216 in
1353 4154 1526 4235 aequilibrio

187 4247 360 4322 horizontis,
385 4248 473 4328 paulo
496 4259 567 4330 post
589 4250 678 4312 Nova
700 4257 732 4310 et
753 4247 880 4327 Jupiter.
919 4245 1015 4308 Erunt
1033 4245 1066 4306 in
1090 4245 1195 4306 eadem
1218 4253 1301 4307 reeta
1321 4244 1418 4320 Nova,
1442 4245 1526 4305 Mars

186 4345 218 4398 et
239 4337 389 4417 posterior
410 4338 440 4400 in
473 4339 606 4419 trapezio
630 4337 800 4417 Sagittarii,
824 4337 901 4399 Jove
924 4334 1070 4408 inferiori,
1102 4334 1151 4414 qui
1183 4341 1284 4396 tamen
1308 4341 1369 4396 erat
1402 4343 1525 4416 septen-

186 4426 323 4491 trionalis
343 4427 458 4508 aliquot
475 4428 605 4489 minutis.
643 4426 749 4508 Itaque
773 4427 953 4505 arguebatur
977 4423 1058 4484 sidus
1074 4423 1110 4485 ab
1131 4422 1268 4505 ecliptica
1284 4422 1525 4503 septentrionale.

687 4533 743 4595 Die
768 4529 853 4614 ulls.
878 4529 1027 4593 Octobris.

428 4624 525 4678 Jorem
547 4663 747 4681 .....
810 4623 843 4678 3⁰
864 4625 913 4678 40¹
935 4621 987 4677 bis.

189 4701 383 4759 luterNcram
429 4705 578 4759 Humerum
599 4703 690 4775 Sagit.
746 4743 753 4758 .
794 4704 840 4759 20.
888 4705 923 4772 1.,
954 4703 1008 4758 20⁰
1029 4699 1093 4771 2¹r,‘
1113 4699 1166 4755 bis.

267 4789 298 4837 et
430 4785 567 4840 Dextrum
587 4800 662 4857 genu
684 4783 755 4857 Opb.
817 4783 844 4838 7.
868 4783 915 4840 31.
956 4781 1083 4837 Difficilis
1119 4779 1275 4836 observatio
1304 4782 1340 4836 ob
1369 4782 1469 4837 stellae
1497 4787 1528 4838 et

818 4863 844 4926 7.
867 4863 913 4921 32.
1013 4861 1186 4920 instrumenti
1207 4861 1276 4918 ritus
1295 4861 1482 4920 incommodus.
