3464 5524
324 283 368 352 34
741 283 841 333 Literac
860 281 963 344 Keplsri
981 279 1131 344 adommque
1149 285 1252 330 mutuae

324 461 503 544 aequabitur
526 459 716 534 refractioni,
741 457 805 518 ut
797 477 825 518 ιι
851 455 1046 560 praecedenti
1068 455 1236 535 positione,
1271 456 1325 518 sed
1349 455 1407 518 erit
1429 453 1678 534 complementum

324 549 529 616 inclinationis
553 548 684 621 refracti,
710 565 747 606 ex
771 565 830 626 qua
849 547 916 624 jam
940 545 1030 606 etiam
1055 545 1116 606 alia
1139 552 1281 625 sequetur
1304 544 1457 624 proportio
1479 543 1534 605 BD
1558 544 1596 605 ad
1613 543 1677 617 DF,

324 659 419 722 exque
445 659 482 700 ea
505 645 539 700 ut
560 637 642 716 prius
658 635 786 696 omnium
799 633 867 709 DE,-
892 644 983 696 notae
1000 633 1308 718 inclinationisDEF,
1334 633 1463 696 altitudo
1479 649 1569 712 super
1595 632 1678 693 lrori-

325 737 446 791 zontem
469 724 569 788 lo'DO:
604 724 708 805 quibus
739 723 933 803 investigatis
965 742 1083 786 rursum
1106 723 1275 798 videndum,
1309 743 1346 784 an
1378 721 1500 803 propius
1523 721 1679 783 veniamus

324 820 364 880 ad
396 833 536 880 numeros
560 813 710 894 Tychouis
735 821 767 874 et
790 832 849 893 qna
872 821 967 892 quant
954 812 1046 875 titate
1069 811 1258 874 retractionis
1281 811 1434 891 plenariae
1466 810 1593 890 proximi
1622 811 1679 870 lia-

323 927 389 969 mus
421 902 652 968 retractionibus
685 901 846 981 Typhonis.
893 900 1017 962 Exilia
1048 901 1188 978 prodiens
1212 901 1292 964 aeris
1316 901 1444 962 altitudo
1468 899 1600 962 tenenda
1619 898 1680 960 nti-

322 1015 379 1077 que
405 993 461 1056 erit
483 1010 537 1071 pro
560 1009 649 1065 vera,
675 990 733 1052 etsi
758 1011 776 1051 a
800 989 979 1072 TJclaoniois
1002 990 1231 1052 retractionibus
1263 1008 1379 1052 rursum
1402 1005 1597 1068 pressumque
1622 1005 1679 1067 pa-

320 1101 440 1161 rumper
463 1079 743 1160 discrepaverimus.
769 1079 938 1140 autetiam
961 1079 1057 1156 ipsam
1080 1078 1296 1140 horizontalern
1320 1077 1409 1158 paulo
1433 1077 1525 1138 aliam
1548 1095 1680 1155 usurpa-

321 1173 454 1234 verimus
475 1189 564 1250 quarn
579 1165 642 1243 30‘,
667 1168 693 1229 si
717 1167 884 1246 contingat,
910 1187 964 1228 nos
979 1167 1035 1229 hoc
1049 1177 1139 1247 pacto
1159 1167 1291 1248 reliquos
1304 1169 1406 1246 piures
1421 1167 1532 1228 rectius
1548 1166 1680 1245 assequi.

412 1257 498 1322 Satis
523 1276 672 1337 superque
697 1258 734 1320 de
758 1257 815 1318 hoc
837 1256 1034 1336 problemate.
1081 1257 1256 1319 Methodum
1287 1256 1354 1318 hinc
1373 1255 1546 1335 inquirendi
1570 1273 1680 1334 super-

319 1349 419 1411 ficiem
444 1347 524 1409 aeris
549 1346 716 1408 breviorem
731 1345 757 1408 si
772 1345 930 1415 inveneris,
955 1363 992 1406 ea
1006 1363 1052 1405 rne
1068 1363 1140 1424 rogo
1156 1345 1348 1426 impertiaris.
1395 1343 1493 1406 Vides
1508 1343 1534 1406 si
1548 1344 1683 1404 maxima

320 1438 401 1499 atiris
427 1436 574 1499 refractio
598 1441 751 1498 statuatur
774 1453 832 1496 non
856 1433 951 1513 ruaJ'or
975 1453 1062 1514 quarn
1087 1430 1154 1508 30⁴,
1179 1435 1244 1496 fieri
1267 1433 1456 1496 altitudinem
1480 1433 1561 1494 atiris
1585 1433 1680 1493 semi-

319 1526 461 1588 diametri
485 1527 598 1587 Terrae
622 1520 665 1586 26
685 1523 885 1598 millesimam,
911 1523 1094 1586 tricesimam
1109 1542 1151 1586 sc.
1168 1524 1254 1586 unius
1270 1522 1417 1600 milliaris,
1442 1529 1545 1584 stante
1559 1522 1679 1584 refrac-

319 1615 401 1678 tione
426 1613 581 1697 Tychonis
606 1612 727 1674 horizon
731 1612 786 1678 teli
808 1613 935 1673 totidem
960 1613 1165 1691 scrupulorum
1187 1632 1232 1674 sc.
1257 1607 1309 1674 30.

410 1703 483 1752 Haec
501 1707 570 1759 sunt,
591 1715 655 1765 quac
670 1700 791 1765 Kepleros
810 1700 841 1750 de
855 1699 949 1763 Opticis
962 1715 1018 1749 cum
1031 1699 1163 1750 Maestlino
1182 1717 1225 1765 per
1243 1701 1327 1750 literas
1347 1701 1405 1766 egit
1444 1698 1511 1760 Quid
1530 1699 1587 1750 alii
1603 1697 1680 1762 Kep-

321 1775 386 1825 leri
406 1774 499 1824 amici
518 1778 550 1823 et
567 1772 711 1822 lautores
730 1772 761 1822 dc
773 1771 820 1821 lroc
832 1771 892 1821 libro
910 1774 1041 1832 senserint,
1061 1772 1261 1837 exsequentibus
1279 1771 1356 1820 literis
1375 1785 1436 1835 quas
1450 1770 1621 1820 exHanschio
1641 1771 1681 1820 de·

321 1847 453 1896 sumsimus
473 1841 647 1908 apparebit.

410 1916 438 1966 M
446 1915 527 1964 atth
538 1913 789 1964 Hateri-sileres
803 1911 945 1978 (tubingae
958 1911 1000 1962 26.
1010 1913 1099 1964 Jamr.
1108 1911 1450 1974 stl605)huncinmodum
1463 1915 1577 1976 scripum.
1590 1913 1719 1968 Multa

323 1987 417 2038 clauim.
438 1993 464 2038 et
483 1985 581 2035 doctiss.
602 1987 645 2042 vir,
665 1983 772 2035 Domine
791 1986 871 2036 amice
890 1993 916 2035 et
940 1985 1017 2034 irater
1041 1986 1219 2042 manthsims,
1245 1984 1332 2041 multa,
1359 1987 1467 2048 inquam,
1493 1986 1562 2034 intra
1588 1999 1682 2048 pancos

321 2073 426 2110 evenere
444 2055 503 2106 milri
522 2056 583 2113 dier,
602 2069 666 2120 quae
687 2057 724 2106 tui
741 2057 893 2112 memoriam,
913 2069 986 2120 quam
1005 2070 1145 2106 meusmoa
1163 2070 1352 2120 nnnquamuon
1368 2057 1547 2118 jucundissime
1568 2057 1683 2106 recorda-

324 2138 372 2184 tur,
390 2128 549 2178 novissimam
568 2134 644 2190 atque
663 2127 829 2177 dulcissimam
849 2134 908 2177 aute
925 2127 1007 2176 oculos
1025 2141 1094 2176 meos
1113 2141 1226 2191 posuere,
1264 2125 1322 2175 Vidi
1340 2139 1447 2191 namque
1473 2133 1499 2177 et
1516 2127 1596 2192 relegi
1617 2128 1683 2192 cogi·
1718 2147 1719 2190 3

279 2255 282 2262 ,
323 2201 434 2249 tationes
453 2205 509 2248 tuas
528 2197 559 2248 de
578 2198 653 2248 stella
670 2211 742 2256 nora,
762 2212 826 2262 quae
844 2199 961 2262 superiori
980 2204 1099 2248 autumno
1119 2199 1200 2248 lucere
1220 2199 1308 2261 coepit,
1336 2211 1401 2262 quae
1418 2199 1496 2247 multo
1514 2197 1575 2248 milri
1592 2200 1683 2260 jucun·
1718 2203 1719 2214 ¹

321 2271 438 2320 dissimae
467 2271 573 2327 iueruut,
602 2269 647 2318 sed
664 2268 711 2319 lroo
730 2270 805 2319 etism
830 2270 998 2332 jucundiores,
1023 2269 1088 2334 quod
1115 2283 1171 2319 cum
1196 2281 1254 2319 mea
1272 2269 1423 2332 Epiphanius
1450 2271 1580 2326 concione,
1610 2283 1684 2332 quam
1718 2267 1719 2300 l

317 2343 459 2405 nuperrime
485 2341 551 2390 dicto
576 2341 639 2390 testo
659 2340 791 2397 dederam,
818 2343 844 2390 in
872 2346 963 2404 puncto
983 2339 1136 2390 difficultatis
1156 2341 1282 2392 divinandi
1308 2341 1476 2390 adamussim
1500 2341 1682 2407 congruebant.
1718 2361 1719 2390 1

320 2413 440 2462 Proximis
464 2413 584 2462 insecutis
610 2411 696 2460 diebus
723 2411 772 2460 ridi
798 2411 892 2462 incluto
917 2411 1017 2462 scholae
1045 2413 1142 2462 senatui
1171 2412 1252 2462 offerri
1277 2411 1401 2474 exemplar
1419 2412 1631 2476 Paralipomenon
1658 2413 1683 2460 iu

322 2481 491 2543 vitellianum,
512 2489 538 2532 et
555 2482 628 2532 simul
647 2481 730 2531 audivi
747 2481 833 2532 literas
852 2483 951 2532 recitari
970 2496 1002 2531 ea
1020 2483 1050 2532 de
1070 2495 1148 2533 cansa
1166 2489 1290 2532 exaratos.
1329 2482 1369 2531 Ad
1390 2481 1445 2532 illas
1464 2483 1565 2547 quidem
1584 2490 1682 2548 gratam
1718 2493 1719 2550 j

321 2561 425 2604 senatus
444 2554 596 2602 voluntatem
617 2553 788 2603 declaraturus
814 2553 918 2618 magnit
938 2551 970 2602 D.
991 2551 1084 2602 Rectus
1100 2553 1266 2617 respondebit.
1304 2553 1357 2618 ligo
1376 2567 1433 2603 rsro
1459 2553 1564 2604 evolutis
1593 2553 1683 2604 ibidem

320 2625 466 2689 quibusdam
491 2624 544 2674 libri
563 2625 683 2690 pagellis,
711 2631 809 2688 propter
837 2625 957 2674 materiae
983 2625 1188 2688 nacuaaursque
1214 2624 1370 2674 nobilitatem
1398 2631 1424 2676 st
1451 2624 1606 2690 elegantiam
1635 2639 1682 2674 non
1718 2657 1719 2660 κ

318 2703 417 2746 tantum
442 2697 536 2746 auctori
555 2703 580 2746 et
598 2697 634 2745 rei
653 2695 851 2746 mathematicae
870 2695 1059 2760 congratulatus
1077 2709 1140 2753 sum,
1166 2695 1210 2746 sed
1229 2696 1358 2746 confestim
1386 2695 1452 2758 apud
1470 2697 1582 2746 animum
1601 2711 1682 2746 rusum
1718 2693 1719 2770 J

320 2768 470 2824 statuebam,
490 2767 570 2830 prima
587 2781 684 2831 quaque
704 2767 845 2824 occasione,
876 2772 905 2816 ut
924 2768 1034 2816 animum
1052 2767 1182 2830 oculosque
1200 2780 1268 2816 meos
1283 2769 1350 2828 iusto
1368 2769 1462 2817 sutiam
1489 2768 1600 2830 possim,
1628 2783 1680 2831 pro·
1718 2795 1719 2826 ι

321 2839 400 2902 prium
419 2838 545 2902 exemplar
564 2852 716 2901 comparare.
755 2835 804 2888 Sed
824 2853 894 2897 ecce,
915 2844 1050 2902 autequam
1069 2835 1229 2900 comparandi
1247 2838 1390 2888 occasiones
1408 2838 1553 2902 obtingant,
1575 2839 1639 2892 clar,
1658 2845 1683 2886 et
1718 2891 1719 2896 J

323 2910 428 2960 consult.
447 2911 483 2957 uir
502 2907 534 2957 D.
554 2907 587 2957 D.
606 2909 728 2958 Bescldns
745 2909 845 2958 nomine
865 2910 972 2958 auctoris
992 2909 1101 2970 ejusdem
1121 2909 1260 2974 argumenti
1273 2908 1398 2972 exemplar
1411 2907 1474 2957 douc
1488 2907 1570 2958 offert
1611 2909 1682 2970 Quod
1718 2899 1719 2934 l

324 2987 391 3030 certe
410 2995 498 3029 munus
525 2979 608 3028 multis
626 2981 765 3028 nominibus
789 2987 815 3028 et
832 2979 879 3028 init
898 2985 924 3029 et
942 2988 981 3029 est
1004 2986 1031 3029 et
1048 2979 1095 3028 erit
1112 2979 1185 3044 longe
1204 2992 1278 3043 qaam
1296 2980 1471 3043 panssimmu.
1499 2979 1681 3046 ludenamqus

321 3065 372 3100 non
382 3056 482 3100 tantum
492 3055 648 3098 constantem
658 3063 719 3114 erga
730 3064 771 3100 me
784 3050 892 3100 favorem
904 3057 931 3099 et
950 3049 1147 3100 benevolentiam
1156 3056 1226 3100 tusrrr
1245 3051 1375 3100 mannssco
1388 3049 1546 3114 deprehendi,
1560 3053 1609 3103 sed
1619 3053 1681 3117 quod
1718 3089 1719 3092 ,

323 3122 413 3183 etipse
428 3121 458 3170 de
471 3135 527 3170 meo
540 3129 568 3168 nt
581 3121 654 3170 amici
668 3133 728 3184 erga
741 3129 766 3170 tc
785 3121 865 3170 studio
885 3127 911 3170 et
929 3135 1075 3185 quacunque
1094 3121 1119 3170 iu
1138 3136 1164 3170 re
1183 3122 1225 3185 pis
1244 3126 1270 3169 et
1287 3121 1393 3171 honesta
1410 3122 1558 3172 inserviendi
1578 3125 1680 3188 promti·
1718 3139 1719 3176 2

322 3191 407 3240 tudine
427 3187 489 3239 nihil
507 3190 641 3247 dubitares,
661 3196 713 3239 turn
731 3196 830 3255 propter
848 3193 988 3258 argumenti
1005 3191 1169 3248 nobilitatem,
1190 3205 1271 3256 aquo
1288 3206 1370 3240 meum
1382 3207 1517 3256 urgemum
1535 3193 1599 3244 licet
1618 3208 1681 3258 quae

323 3261 465 3312 sublimiora
484 3267 542 3312 sunt
559 3276 609 3310 uon
627 3273 724 3324 semper
742 3267 1039 3327 nusquamnunquam
1058 3262 1105 3312 init
1118 3262 1240 3312 mierum·
1260 3262 1326 3313 undo
1340 3263 1474 3314 msadlrno
1487 3268 1680 3329 sompertstius-

322 3332 387 3382 modi
412 3332 595 3396 jucundissimis
620 3333 755 3381 studiorum
774 3333 881 3383 flosculis
903 3333 1080 3396 jucundissime
1099 3347 1211 3383 recreare
1229 3333 1305 3384 soleo.
1342 3334 1437 3400 Legum
1464 3337 1540 3400 igitur
1569 3337 1680 3386 oblatum

321 3417 409 3452 munus
428 3410 455 3452 et
472 3403 555 3468 legam
573 3417 741 3468 magnacum
760 3405 835 3453 animi
860 3404 1018 3467 jucunditate
1047 3409 1073 3453 et
1091 3404 1181 3462 stude,
1207 3417 1350 3469 semperque
1377 3411 1405 3455 et
1421 3406 1466 3455 tibi
1492 3414 1518 3457 et
1535 3409 1638 3471 patriae
1656 3417 1681 3457 et

322 3474 395 3524 rebus
414 3475 596 3525 mathematicis
616 3480 642 3523 et
660 3474 724 3538 qnod
743 3475 806 3525 tales
825 3481 934 3526 nostrum
946 3475 1057 3525 seculum
1071 3476 1177 3525 cultores
1194 3478 1323 3533 mrenerit,
1342 3481 1395 3526 tum
1411 3477 1471 3526 nrilri
1483 3491 1596 3542 qnoque,
1616 3479 1680 3543 quod
1718 3501 1719 3534 ι

324 3546 351 3596 iu
370 3545 504 3596 eorundem
523 3546 683 3594 contubernio
703 3553 729 3594 et
747 3547 881 3596 amicorum
901 3546 1016 3610 catalogo
1036 3561 1090 3595 esse
1108 3546 1198 3604 liceat,
1220 3548 1384 3598 sincerissime
1402 3547 1554 3612 grutulsbor.
1593 3551 1633 3600 Ex
1652 3565 1680 3599 ec
1718 3541 1719 3572 ³

321 3622 429 3680 quantas
447 3616 491 3665 tibi
509 3632 551 3680 pro
570 3617 709 3682 madssimo
728 3631 829 3666 munere
848 3617 943 3682 gratias
961 3615 1069 3666 babeam
1086 3617 1161 3668 facile
1173 3617 1309 3682 intelligis:
1327 3625 1412 3668 tantas
1424 3619 1547 3676 nimimm,
1569 3627 1679 3686 quantas
1718 3655 1719 3664 r

321 3687 385 3737 ullas
404 3701 514 3752 unquam
533 3689 615 3737 auimo
636 3687 764 3752 concipere
782 3689 864 3751 potui:
891 3701 992 3752 operam
1010 3687 1112 3737 daturus
1130 3696 1159 3738 nt
1176 3701 1322 3754 quacunque
1341 3690 1472 3739 occasione
1490 3691 1577 3742 oblata
1596 3706 1678 3742 meam

321 3760 398 3808 tacite
417 3766 563 3822 conceptam
581 3759 759 3824 gratitudinem
777 3773 804 3808 re
822 3760 878 3822 ipsa
896 3759 1028 3810 declarem.
1065 3758 1167 3808 lntedm
1193 3765 1222 3809 ut
1239 3762 1306 3810 rivas
1325 3767 1351 3810 et
1368 3759 1452 3810 rsless
1480 3769 1556 3827 atque
1585 3763 1679 3813 honore
1718 3819 1719 3822 J

320 3831 474 3895 nominisque
493 3829 567 3880 laude
586 3829 726 3880 cumulatus
744 3830 847 3880 subinde
865 3830 935 3879 nobis
953 3830 1096 3880 utilissimos
1115 3831 1233 3893 ejusmodi
1251 3830 1347 3880 labores
1360 3831 1479 3894 proferas,
1498 3833 1582 3884 Deum
1597 3833 1677 3884 o.r1.
1718 3889 1719 3892 ,

316 3907 368 3950 toto
388 3901 461 3958 corde
480 3901 612 3966 precabor:
630 3900 678 3949 hoc
698 3901 781 3950 addito
795 3907 859 3958 roto,
879 3907 908 3950 ut
925 3900 963 3950 rel
982 3900 1085 3950 taudem
1103 3902 1215 3952 sincerae
1227 3909 1327 3952 nostrae
1343 3901 1468 3968 religionis
1480 3904 1572 3956 liberas
1585 3905 1679 3956 habere
1718 3905 1719 3956 Ῐ

316 3972 394 4034 possis
414 3973 508 4035 etjam
527 3971 568 4022 diu
587 3977 717 4036 exoptatus
736 3972 935 4022 exercitationes.
971 3969 1036 4021 Vale
1054 3972 1129 4036 igitur
1147 3973 1228 4022 amics
1247 3974 1360 4024 etirater
1375 3975 1568 4036 jucundissime,
1590 3983 1618 4028 et
1638 3991 1678 4026 me
1718 3969 1719 3998 ³

318 4043 398 4092 Tuum
418 4043 482 4108 qnod
500 4043 577 4104 lacis,
596 4055 681 4092 amare
699 4057 783 4107 perge.

405 4115 505 4164 literae
524 4113 690 4170 Rectoris,
710 4125 771 4178 qnsr
789 4112 975 4164 Haienrefferus
994 4127 1069 4177 supra
1087 4113 1161 4172 dicit,
1180 4113 1319 4164 bossunt:
1718 4173 1719 4176 Ἴ

405 4185 520 4244 ,Litcras
538 4192 604 4242 tuas,
624 4183 669 4232 Vir
687 4183 831 4241 clamesime,
850 4197 902 4234 una
921 4198 1069 4248 sumopere
1087 4191 1129 4234 tuo
1147 4185 1357 4249 Paralipomenon
1373 4186 1405 4236 ad
1420 4185 1580 4239 Vitellionsm
1600 4204 1675 4242 acos-
1718 4191 1719 4194 ’

313 4255 392 4316 pimus
413 4253 436 4304 ³.
453 4255 511 4306 Jan.
531 4255 625 4305 Juliani
644 4257 703 4306 unni
720 4258 865 4318 praesentis.
904 4255 960 4305 lico
977 4256 1075 4320 quidem
1092 4257 1162 4306 nobis
1179 4263 1333 4320 pergratum,
1354 4257 1419 4322 quod
1436 4257 1477 4307 illo
1497 4259 1675 4312 bibliothecam

313 4333 422 4376 noemam
441 4327 523 4376 ornari
541 4326 646 4384 voluisti,
665 4326 720 4376 illas
737 4328 872 4392 gratimm,
897 4324 962 4392 quod
980 4326 1084 4389 plurium
1103 4325 1172 4376 nobis
1190 4327 1283 4392 ingenii
1306 4329 1341 4377 tui
1361 4329 1470 4378 ioetunm
1488 4345 1556 4394 spem
1577 4332 1676 4382 iaciunt

313 4409 362 4445 non
381 4397 525 4455 obscuramJ
544 4405 673 4461 utrumqne
692 4397 729 4446 rel
749 4411 777 4448 eo
796 4399 895 4447 nomine
913 4397 1089 4463 gratissimum,
1110 4397 1175 4462 qnod
1192 4403 1218 4448 te
1235 4397 1331 4448 habent
1349 4406 1375 4449 et
1390 4399 1509 4451 habitura
1520 4408 1588 4464 sunt,
1609 4417 1674 4467 quae
1718 4419 1719 4444 r

314 4474 500 4530 exspectamus,
526 4475 652 4519 auctorem
678 4468 735 4518 olim
760 4469 905 4532 discipulum
924 4470 1050 4533 civemque
1069 4475 1191 4519 nostrum:
1216 4471 1253 4519 uti
1276 4477 1393 4537 parentes
1418 4472 1486 4522 laudi
1514 4471 1559 4522 sibl
1581 4475 1674 4525 ducere

313 4542 339 4584 et
357 4537 468 4588 nonnihil
487 4539 517 4588 ad
537 4553 565 4589 se
582 4541 674 4590 reterre
692 4539 773 4590 solent
791 4553 890 4600 eorum,
918 4553 982 4604 quae
1001 4553 1018 4588 a
1035 4539 1091 4590 liliis
1109 4540 1238 4604 praeclare
1263 4541 1335 4591 flunt.
1371 4542 1418 4592 Pro
1437 4558 1539 4595 munere
1558 4549 1604 4596 tuo
1622 4547 1671 4610 pri·

311 4620 380 4656 mnur
397 4607 516 4658 habemus
534 4612 640 4674 gratias,
666 4611 783 4661 reddituri
803 4626 899 4676 quoque
917 4611 958 4661 nbi
977 4625 1032 4660 sese
1052 4611 1148 4662 dederit
1166 4612 1277 4666 occasio,
1297 4612 1357 4664 nibil
1378 4613 1533 4674 dubitantes,
1549 4631 1673 4692 maguam

311 4677 433 4726 scientiae
446 4685 471 4727 et
482 4680 613 4744 disciplinis
626 4682 809 4732 mathematicis
830 4681 998 4731 accessionem
1016 4681 1132 4741 futurem,
1151 4682 1172 4731 si
1189 4681 1378 4745 praeclarissimi
1390 4683 1514 4747 Tychonis
1532 4691 1571 4736 tot
1591 4685 1671 4738 anuo·

311 4761 363 4794 rum
383 4747 593 4801 lucubrationibus
613 4757 638 4801 et
656 4751 864 4802 obseruationibus
884 4759 954 4800 tuum
971 4753 1099 4816 ingenium
1119 4759 1145 4802 et
1162 4752 1309 4802 industriam
1329 4757 1554 4807 communicaveris.
1597 4758 1672 4842 Quqd

311 4831 366 4867 raro
385 4817 450 4880 petis
479 4833 494 4868 a
520 4821 603 4881 nobis,
630 4828 658 4872 at
684 4829 780 4872 tuorum
799 4821 829 4872 do
857 4823 998 4872 motibus
1016 4822 1131 4873 Martis
1158 4827 1456 4878 commentariorum
1487 4827 1618 4894 exemplar
1645 4831 1671 4878 in
1718 4893 1719 4904 χ
