3674 5538
309 291 374 362 ΜΟ
783 285 975 362 Paralipomena
990 297 1017 348 in
1037 295 1204 350 vitellianum.

305 471 487 536 mechanicis
512 484 560 538 est
589 475 838 536 demonstratum.
886 474 979 538 Patet
1002 495 1073 556 ergo
1099 475 1295 556 propositum.
1342 476 1424 555 Ergo
1448 493 1501 556 per
1525 475 1671 537 suorum-1

305 561 416 624 donem
436 571 542 641 patet,
576 581 628 625 our
652 562 746 624 librae
778 561 905 624 brachia
938 566 1130 626 revolvantur
1154 566 1191 626 ad
1222 565 1438 644 aequilibrium.
1487 563 1562 629 Cum
1587 563 1664 628 enim

305 669 400 732 aeque
423 653 601 730 ponderent,
635 652 777 732 aequales
811 651 903 712 etiam
926 654 955 716 iu
979 655 1089 716 circulo
1114 656 1176 716 lieri
1210 654 1373 715 descensus
1398 673 1454 734 per
1477 663 1534 716 est.
1581 655 1667 716 Haeo

307 739 405 802 obiter
428 747 459 800 et
487 741 573 820 quasi
602 739 632 801 iu
664 741 917 821 protheorematis
951 746 1026 806 loco.
1073 743 1160 806 Nunc
1191 743 1229 804 ad
1260 751 1374 806 motum
1407 743 1584 824 physicum,
1616 742 1665 824 qui

305 828 473 892 cornmuuis
497 837 546 892 est
569 828 639 892 luci.
1630 841 1633 846 ·

523 935 575 1000 lug.
597 929 641 984 ta.
955 918 1005 982 Sit
1028 919 1134 982 tabula
1157 921 1224 995 AB,
1249 929 1384 984 centrum
1404 918 1440 994 O,
1464 920 1664 1001 perpendicu-

867 1010 941 1073 laris
964 1027 1018 1088 per
1041 1008 1202 1083 illudED3
1227 1009 1352 1089 quodsi
1374 1011 1481 1090 globus
1497 1018 1551 1072 aut
1573 1011 1664 1073 telum

671 1141 695 1186 Κ
808 1127 823 1174 1
867 1099 954 1161 exE
985 1099 1114 1160 ferretur
1145 1098 1174 1158 iu
1207 1099 1340 1160 tabulam
1370 1100 1444 1171 AB,
1475 1101 1666 1182 protruderet

867 1189 948 1250 illam
981 1205 1085 1249 versus
1108 1187 1157 1260 D;
1191 1195 1244 1248 aut
1271 1188 1296 1249 si
1321 1189 1365 1257 A,
1398 1189 1424 1250 B
1455 1197 1559 1251 esseut
1590 1187 1665 1250 remi

866 1279 1004 1356 utrinque
1038 1293 1132 1355 aeque
1166 1276 1247 1352 longi
1274 1284 1310 1337 ‘et
1332 1277 1388 1338 ΕΙ)
1421 1279 1538 1341 flumen.
1584 1276 1665 1347 Quia

867 1365 945 1427 enim
968 1363 1069 1439 EOA,
1095 1363 1175 1427 ECB
1199 1366 1284 1438 recti,
1309 1366 1432 1428 brachia
1454 1367 1526 1440 AG,
1557 1366 1610 1429 OB
1635 1366 1663 1427 in

863 1454 1063 1537 aequipondio
1103 1461 1174 1515 suut
1212 1453 1291 1526 sita,
1333 1463 1365 1516 et
1397 1457 1515 1535 aequali
1553 1457 1664 1518 virtute

864 1551 1024 1606 occurrunt
1046 1543 1179 1623 impacto
1203 1543 1315 1606 mobili.
1362 1545 1482 1606 Incidet
1502 1546 1566 1624 jam
1592 1543 1662 1606 inG

863 1633 985 1712 obliqua
1006 1630 1058 1694 FO
1087 1642 1120 1693 et
1152 1631 1341 1694 continuetur
1368 1633 1397 1694 iu
1421 1634 1452 1696 K
1484 1635 1663 1714 advoletque

864 1722 950 1784 exF
981 1721 1073 1784 teluru
1107 1728 1160 1782 aut
1192 1720 1299 1783 fluvius
1323 1721 1352 1782 in
1376 1722 1444 1786 AB.
1492 1721 1567 1786 Cum
1592 1741 1663 1802 ergo

303 1807 386 1872 Ace
409 1813 536 1892 angulus
561 1812 656 1875 minor
674 1811 716 1875 sit
734 1811 813 1875 FCB
839 1812 958 1892 angulo,
982 1828 1040 1872 nou
1060 1809 1178 1890 aequali
1202 1809 1231 1870 vi
1251 1809 1449 1890 pulsabuntur
1466 1820 1571 1890 partes
1586 1809 1657 1884 Ao,

302 1896 375 1973 CB;
399 1901 452 1961 sed
476 1901 543 1980 plus
567 1901 681 1963 sentiet
703 1901 804 1977 ictum,
830 1919 905 1982 quae
928 1900 997 1981 plus
1021 1898 1144 1962 resistit.
1194 1898 1266 1960 Plus
1295 1907 1396 1961 autem
1424 1900 1554 1975 resistit,
1580 1919 1660 1981 quae

302 1989 413 2067 angulo
437 1989 555 2064 obtuso,
582 2009 670 2070 quarn
694 2009 770 2072 quae
795 1998 883 2052 acuto
907 1989 1022 2052 obstat.
1068 1986 1171 2059 Quare
1195 1989 1326 2050 exterior
1351 1988 1414 2051 OB.
1461 1991 1541 2052 Nam
1565 1990 1659 2051 etiam

301 2075 327 2138 si
350 2075 408 2139 ΚΟ
432 2077 545 2141 trutina
568 2080 631 2153 tiat,
657 2077 710 2142 CB
735 2079 888 2141 fortiorem
913 2077 1005 2140 habet
1028 2073 1120 2155 donna
1142 2096 1247 2138 versus
1271 2079 1296 2139 F
1321 2097 1410 2158 quam
1434 2077 1502 2144 Ac.
1540 2080 1658 2158 Estque

302 2165 350 2226 hic
374 2165 479 2228 eadem
502 2167 657 2248 proportio
689 2168 883 2231 resistentiae
917 2167 1085 2247 aequalium
1117 2165 1319 2246 potentiarum
1343 2167 1372 2228 iu
1402 2175 1484 2230 motu
1513 2169 1658 2241 violento,

302 2272 378 2333 quae
402 2275 495 2337 supra
519 2256 576 2318 luit
597 2258 762 2336 ponderum
785 2256 985 2338 inaequalium
1010 2256 1038 2318 iu
1063 2263 1144 2318 motu
1174 2257 1336 2318 secuudum
1361 2265 1514 2331 naturam,
1541 2257 1661 2319 scilicet

301 2358 358 2403 non
383 2343 484 2423 anguli
514 2345 567 2406 sed
597 2346 694 2408 lineae
724 2347 887 2409 metiuntur
911 2363 987 2407 earu.
1035 2342 1136 2415 Quare
1160 2344 1189 2405 in
1215 2342 1268 2406 OB
1299 2345 1395 2424 major
1424 2355 1473 2408 est
1502 2345 1659 2425 impressio

301 2439 400 2494 motus
432 2433 566 2496 violenti.
614 2433 689 2498 Cum
723 2454 794 2516 ergo
823 2435 879 2496 AB
913 2435 978 2496 loco
1011 2441 1165 2506 movetur,
1199 2434 1266 2513 plus
1299 2435 1417 2514 proficit
1446 2437 1472 2497 B
1507 2453 1595 2514 quam
1619 2433 1658 2496 A.

300 2519 376 2582 Dico
401 2521 531 2586 futurum
555 2523 611 2584 lroc
626 2531 726 2604 pacto,
752 2533 786 2587 ut
801 2523 825 2586 Ο
841 2531 976 2585 oeutmm
997 2542 1054 2584 non
1081 2523 1194 2584 seratur
1208 2522 1237 2583 in
1259 2521 1338 2585 linea
1352 2524 1415 2592 FK.
1441 2510 1662 2586 sed‘deflectat

300 2609 339 2670 ad
369 2611 647 2691 perpendicularem
678 2612 753 2687 OD,
788 2621 820 2676 et
849 2613 893 2689 Α,
919 2613 944 2674 Β
973 2631 1086 2676 remum
1115 2612 1237 2674 tandem
1264 2613 1302 2674 ad
1332 2611 1403 2674 litos
1431 2623 1585 2675 extrusum
1614 2611 1660 2686 iri,

299 2698 326 2761 si
363 2707 428 2762 arte
466 2701 497 2762 iu
530 2702 585 2763 hoo
623 2703 682 2764 AB
713 2703 773 2764 situ
814 2703 1000 2764 retineatur:
1035 2709 1068 2763 et
1105 2701 1251 2780 sagittam
1281 2701 1339 2764 CK
1377 2702 1575 2765 transversali
1605 2699 1660 2762 AB

300 2787 429 2869 obliquo,
456 2809 475 2852 a
498 2807 589 2868 scopo
613 2792 652 2853 ad
676 2791 831 2855 sinistram
856 2791 1075 2853 aberraturum.
1123 2790 1322 2853 Describatur
1345 2791 1422 2852 enirn
1446 2811 1483 2852 ex
1510 2790 1534 2852 Α
1560 2791 1658 2870 perti-

299 2878 367 2938 oula
399 2878 569 2942 itinerisA
601 2880 712 2960 fiatque
745 2881 910 2960 parallelos
942 2881 980 2942 ad
1005 2877 1078 2951 CK,
1114 2897 1209 2959 neque
1242 2880 1319 2941 enirn
1353 2880 1420 2958 plus
1449 2881 1486 2940 ud
1521 2881 1658 2941 dextram

300 2965 452 3042 deflectet,
479 2987 544 3032 euru
570 2969 757 3050 motusipse
781 2970 931 3031 violentus
956 2987 1012 3029 nou
1038 2968 1080 3029 sit
1103 2965 1250 3049 obliquior
1274 2987 1362 3049 quarn
1382 2969 1445 3043 FK,
1472 2969 1570 3047 sitque
1588 2969 1656 3030 All.

298 3053 340 3116 Et
363 3074 453 3135 super
476 3076 611 3120 connexa
635 3059 690 3121 ΗΒ
715 3067 851 3122 struatur
873 3057 1068 3137 triangulum,
1095 3058 1198 3118 latere
1214 3075 1272 3119 uno
1296 3058 1342 3118 HI
1365 3057 1483 3138 aequali
1508 3057 1566 3136 ipsi
1592 3058 1656 3127 ΑΒ,

299 3143 395 3206 altero
419 3145 462 3207 Bl
485 3147 599 3227 majore
623 3167 710 3227 quam
734 3149 802 3210 AH.
847 3147 890 3210 Et
913 3147 958 3208 Hl
982 3155 1066 3208 secet
1088 3143 1139 3207 FO
1163 3145 1192 3207 in
1217 3147 1257 3207 Κ.
1296 3146 1432 3226 Denique
1456 3147 1586 3208 ducatur
1601 3145 1657 3206 HL

299 3231 507 3312 aequidistans
531 3235 589 3316 ipsi
615 3237 680 3309 AB,
707 3257 815 3298 secans
839 3233 891 3298 FC
915 3236 944 3297 iu
968 3235 1010 3297 M.
1050 3233 1125 3298 Cum
1150 3253 1222 3315 ergo
1246 3237 1314 3308 ΑΗ,
1340 3235 1395 3296 FK
1418 3235 1658 3315 aequidistantes

299 3320 337 3381 ab
361 3321 633 3402 aequidistantibus
657 3325 730 3398 AB,
755 3326 812 3387 HL
835 3335 974 3387 resecent
996 3332 1100 3404 partes
1129 3324 1270 3404 aequales
1293 3322 1365 3398 AC,
1391 3325 1454 3385 ΗΜ
1477 3334 1511 3386 et
1532 3322 1589 3386 Ac
1614 3323 1656 3384 sit

298 3409 519 3486 ulmineae,
555 3431 626 3492 ergo
655 3421 688 3476 et
710 3415 773 3476 HM
804 3423 852 3476 est
885 3413 1104 3475 dimidiant.
1153 3413 1252 3492 Major
1281 3431 1353 3478 vero
1377 3413 1436 3474 HK
1470 3431 1557 3494 quarn
1584 3412 1656 3480 llll,

298 3497 395 3578 major
417 3517 488 3575 ereo
513 3501 571 3563 ΗΚ
595 3522 683 3582 quam
716 3503 841 3566 dimidia
864 3501 940 3576 An,
973 3502 1028 3563 hoc
1058 3509 1105 3564 est
1128 3521 1226 3582 -quam
1260 3501 1384 3563 dimidia
1406 3502 1462 3563 HI.
1511 3499 1655 3562 Centrum

298 3605 370 3666 ergo
394 3595 444 3650 est
469 3589 548 3651 iuter
570 3590 613 3666 Η,
639 3591 667 3652 Κ
691 3599 723 3651 et
746 3611 803 3653 non
827 3592 857 3653 iu
881 3591 919 3666 Κ,
945 3591 1108 3653 declinavit
1132 3609 1203 3670 ergo
1227 3592 1265 3652 ad
1289 3598 1391 3669 partes
1415 3591 1458 3665 D,
1489 3591 1568 3670 quod
1592 3597 1658 3650 erat

299 3677 575 3741 demonstrandum.
619 3677 706 3750 Quod
731 3680 757 3743 si
780 3681 841 3742 ΑΗ
865 3679 909 3742 sic
933 3681 1068 3755 ducatur,
1094 3687 1126 3742 ut
1148 3699 1253 3742 versus
1276 3681 1479 3742 Foonourrat
1502 3699 1569 3740 curu
1594 3676 1655 3750 Or,

297 3773 332 3828 ut
354 3765 398 3828 sic
422 3767 513 3830 eliam
536 3767 567 3830 A
591 3789 608 3831 e
632 3769 682 3830 via
710 3768 908 3832 declinaverit
940 3787 1044 3831 versus
1075 3769 1248 3844 sinistram,
1282 3769 1334 3830 liet
1357 3769 1419 3830 HM
1449 3767 1545 3848 major
1568 3785 1656 3846 quarn

296 3854 365 3928 AC,
389 3873 480 3936 quare
505 3857 565 3919 HK
599 3860 692 3922 multo
726 3859 824 3939 major
847 3878 936 3939 quam
960 3857 1083 3920 dimidia
1106 3858 1163 3920 AB
1188 3858 1236 3920 vel
1259 3857 1314 3919 HI.
1361 3857 1427 3918 Hoc
1450 3857 1478 3918 in
1503 3856 1582 3918 omni
1607 3855 1655 3916 in-

298 3944 461 4008 clinatione
484 3948 633 4022 usuvenit,
659 3948 734 4010 adeo
749 3956 783 4010 ut
798 3949 929 4020 taudem,
955 3948 979 4008 si
1000 3947 1109 4010 mobile
1127 3947 1261 4026 proxime
1277 3945 1529 4026 aequidistantem
1546 3945 1654 4006 lineam
1732 3943 1736 3952 ‘

297 4033 354 4112 ipsi
379 4034 544 4114 superficiei
569 4045 734 4106 moveatur,
759 4036 827 4117 ipsa
850 4036 1022 4115 superficies
1047 4036 1154 4098 leviter
1177 4036 1238 4098 icta
1260 4053 1336 4115 pene
1361 4034 1390 4096 in
1415 4055 1501 4097 sunm
1524 4051 1657 4113 perpen-

296 4121 459 4185 dicularem
484 4125 624 4200 resultet,
649 4127 708 4188 nisi
733 4124 940 4188 immanioris
970 4133 1067 4187 motus
1091 4125 1173 4186 illam
1203 4123 1338 4186 noonibil
1364 4124 1524 4203 provehat.
1572 4123 1656 4183 llaec

297 4210 398 4291 itaque
431 4211 547 4295 physici
580 4215 705 4278 violenti
737 4223 837 4277 molus
871 4213 989 4276 affectio
1023 4232 1090 4274 cum
1122 4231 1176 4274 suo
1210 4231 1320 4291 genere
1349 4213 1376 4274 iu
1412 4213 1506 4274 lucem
1541 4227 1657 4292 quoque

297 4301 455 4363 redundat.

385 4390 475 4470 Prop.
498 4387 586 4451 XXI.
633 4389 681 4451 Et
704 4391 923 4470 repercussi
950 4399 985 4451 et
1009 4389 1168 4453 refracti
1193 4389 1289 4452 radii
1314 4399 1402 4470 post
1427 4390 1547 4450 locum
1571 4407 1656 4468 pas-

296 4477 420 4539 sionis
444 4478 541 4540 recti
565 4488 663 4544 suut.
711 4481 791 4542 Nam
816 4480 890 4542 lucis
915 4489 1023 4541 nutura
1046 4489 1094 4541 est
1117 4479 1256 4560 trajicere
1282 4479 1382 4552 rectis,
1410 4485 1557 4558 quatenus
1582 4475 1654 4537 nihil

297 4565 415 4644 objectu
440 4566 662 4647 superficierum
685 4567 801 4646 patitur
822 4587 877 4648 per
896 4566 928 4630 4.
955 4587 1009 4630 nec
1033 4568 1192 4650 quicquam
1211 4589 1230 4628 a
1244 4569 1333 4630 medii
1358 4567 1515 4630 soliditate
1540 4567 1655 4645 patitur

296 4655 424 4732 errrplins
448 4662 519 4734 poet
542 4655 709 4733 superficiei
732 4657 893 4734 trajectum
917 4675 970 4736 per
998 4655 1046 4720 10.
1094 4659 1139 4720 At
1165 4665 1264 4720 motus
1292 4657 1407 4739 physici
1437 4665 1601 4716 curvantur
1624 4653 1652 4713 iu

296 4761 402 4814 arcus3
434 4761 647 4823 repercussus,
676 4745 747 4824 quia
768 4745 855 4808 finita
877 4746 941 4824 ejus
965 4747 1080 4820 virtus,
1113 4747 1279 4820 infractus,
1310 4745 1379 4827 quia
1409 4745 1536 4808 medium
1561 4743 1653 4804 etiam

297 4829 450 4892 soliditate
474 4839 674 4908 cooperatur:
699 4851 776 4914 quae
799 4834 829 4895 in
854 4833 949 4896 luceru
974 4855 1032 4897 uou
1056 4843 1238 4914 competunt.
