3718 5528
813 297 895 364 ospes
912 296 956 348 XI·
1497 306 1563 376 359

201 472 242 534 ad
265 473 370 534 horam
397 467 428 535 6.
452 469 484 536 5‘
506 472 665 536 Huenuae.
712 474 892 542 Differentia
915 476 1009 557 igitur
1032 478 1263 542 meridianorum
1293 482 1414 546 circiter
1440 483 1491 548 15¹
1516 489 1564 550 vel

202 558 360 640 dgradus
384 562 591 643 probabiliter.
716 565 719 570 “

291 651 383 712 Auno
410 648 505 715 1602.
530 649 583 716 25.
600 652 678 714 Maii
702 653 750 713 vel
765 649 797 716 4.
812 653 906 728 Junii,
930 653 1049 736 Pragse
1069 657 1269 720 Bohemorum
1293 660 1452 722 observavi
1476 665 1563 726 tinem

203 739 324 818 eclipsis
356 740 486 804 Lunuris
518 742 549 804 in
581 743 660 804 hunc
693 741 822 804 modum.
876 743 1072 822 Horologium
1102 746 1255 826 Tychonis
1288 749 1326 810 ad
1359 769 1465 813 manus
1499 763 1565 816 erat

202 830 319 892 minuta
341 838 374 889 et
397 831 528 892 secunda
552 830 698 894 iudicans.
745 831 841 904 Illud,
877 837 1025 912 utcunque
1056 834 1141 896 initio
1166 856 1271 899 cursus
1301 849 1409 918 capto,
1442 861 1562 904 accom-

202 919 362 981 modabam
386 920 425 981 ad
449 919 531 982 Solis
554 919 720 982 occidentis
746 919 936 981 altitudinem
959 915 1018 1006 4²l,
1049 923 1206 1003 graduum.

203 1051 281 1114 Tyeh.
300 1051 453 1118 horologium
473 1051 504 1102 6¹²
523 1049 575 1103 43¹.
595 1053 707 1102 Altitudo
728 1050 791 1102 Solis
811 1059 866 1118 post
883 1061 992 1104 montem
1011 1057 1092 1106 euntis
1112 1052 1143 1104 ⁴⁰
1161 1053 1213 1106 to‘.
1233 1057 1302 1109 Vera
1320 1073 1378 1125 ergo
1396 1061 1457 1112 hora
1476 1058 1500 1110 7.
1521 1060 1563 1111 24’

367 1157 381 1182 „
474 1121 812 1174 nemausensem
1261 1163 1275 1188 η
1333 1168 1346 1190 s
1422 1131 1562 1192 ..7.33.

366 1231 379 1254 „
472 1194 496 1245 7.
519 1217 554 1230 ·-
591 1195 731 1260 Vestigium
761 1195 837 1244 iridis.
885 1195 970 1246 Nubes
1002 1197 1107 1248 colorem
1137 1197 1200 1249 Solis

628 1267 762 1316 occidentis
781 1266 931 1318 exhibebant
965 1302 972 1317 .
1011 1305 1017 1318 .
1054 1307 1059 1318 .
1100 1306 1106 1320 .
1144 1306 1150 1320 .
1188 1307 1195 1321 .
1261 1305 1274 1330 „
1332 1309 1345 1332 „
1421 1311 1433 1334 „
1473 1273 1560 1327 7.41.

365 1373 378 1396 ‚,
470 1335 495 1387 7.
536 1336 560 1387 1.
590 1337 706 1388 Urbicum
724 1337 876 1403 horologium
896 1336 968 1388 ²4¹¹.
1006 1372 1014 1390 .
1052 1377 1058 1390 .
1097 1377 1103 1390 .
1142 1377 1148 1390 .
1187 1377 1194 1392 .
1259 1378 1272 1402 „
1330 1379 1343 1404 „
1419 1382 1431 1403 ‚,
1471 1343 1495 1394 7.
1516 1345 1557 1396 42.

365 1444 378 1466 „
472 1405 651 1468 ⁷.17.,
797 1445 810 1468 „
913 1407 1192 1462 0.15¹....
1258 1449 1271 1472 „
1329 1450 1342 1474 „
1419 1415 1557 1474 ,,7.5Θ.

595 1478 706 1530 Occasus
726 1477 789 1530 Solis
806 1495 851 1544 per
869 1481 1005 1542 calculum,
1025 1488 1053 1532 ut
1072 1485 1148 1532 otiam
1168 1499 1198 1533 ex

629 1551 804 1616 proportionali
823 1555 1038 1616 argumentatione
1060 1555 1198 1605 altitudinis

630 1629 766 1674 annotatae
794 1624 868 1688 prius.
913 1624 989 1676 Luna
1020 1632 1075 1676 orta
1106 1634 1145 1676 est
1174 1629 1199 1676 in

631 1695 720 1744 crassis
739 1695 851 1744 nubibus.

368 1801 381 1824 „
473 1762 498 1813 8.
540 1763 564 1812 2.
593 1763 674 1814 Primo
693 1767 770 1814 risum
789 1765 886 1814 luminis
905 1766 993 1816 Lunae
1012 1769 1141 1834 vestigium
1187 1803 1194 1816 .
1261 1805 1273 1830 „

367 1873 379 1895 „
471 1833 496 1884 8.
520 1833 561 1885 1³.
589 1835 629 1885 De
648 1837 755 1886 rotunda
773 1838 971 1887 circumferentia
983 1838 1071 1889 Lunae
1095 1834 1125 1903 Ἰ.
1147 1839 1190 1890 ab·

632 1916 695 1966 erat,
715 1909 804 1958 umbra
821 1910 954 1972 spectabat
972 1910 1037 1960 iutra
1054 1911 1142 1962 Jovem
1188 1948 1194 1960 .
1260 1947 1274 1972 „

368 2013 381 2036 „
473 1975 499 2027 8.
527 1975 566 2026 tt.
595 1977 712 2030 Nondum
731 1981 810 2030 omnis
829 1980 937 2030 desierat
970 2017 975 2028 .
1013 2017 1018 2029 .
1057 2017 1063 2030 .
1102 2018 1108 2030 .
1146 2017 1153 2031 .
1191 2019 1197 2032 .
1262 2017 1275 2042 „

367 2085 381 2108 „
472 2047 497 2098 8.
521 2047 563 2098 21.
591 2049 654 2101 Visa
673 2051 879 2110 choumtorentia,
899 2052 943 2102 sed
961 2051 1055 2116 pallida
1101 2089 1107 2104 .
1146 2089 1152 2102 .
1191 2087 1197 2102 .
1264 2089 1277 2114 „

296 2163 432 2228 Desierit
454 2183 527 2226 saue
552 2166 647 2227 omnis
671 2185 729 2228 uno
759 2167 874 2228 minuto
902 2176 985 2248 post,
1012 2186 1054 2229 sc.
1080 2168 1109 2231 h.
1134 2164 1164 2232 9.
1190 2165 1232 2244 3’,
1257 2169 1392 2232 calculus
1415 2171 1566 2253 Tychouia

208 2253 343 2316 exhibuit
367 2256 453 2316 linem
476 2255 507 2316 h.
532 2250 562 2318 9.
589 2252 650 2331 19⁴,
675 2257 765 2336 idque
788 2275 842 2336 per
866 2256 1026 2331 horarium,
1052 2257 1262 2338 aequationem
1287 2259 1445 2339 temporie,
1470 2263 1564 2324 semi-

209 2343 370 2406 diametros
393 2344 497 2406 Lunae
521 2347 553 2404 e't
575 2345 709 2417 umbrae,
733 2354 765 2407 et
787 2345 1018 2408 meridianomm
1033 2346 1196 2426 Pragensis
1216 2355 1248 2408 et
1262 2348 1453 2410 Hueuueusis
1478 2349 1563 2412 dite.

209 2435 336 2496 rentiam
360 2455 380 2496 a
403 2433 544 2515 Tychoue
570 2435 756 2496 constituta:
782 2453 857 2514 quae
881 2437 991 2498 mutari
1014 2443 1151 2517 possunt,
1177 2437 1264 2498 salva
1287 2437 1456 2520 hypothesi,
1482 2439 1566 2520 ipsos

208 2523 352 2585 articulos
376 2521 596 2604 oppositionum
621 2531 879 2603 repraesentante.

297 2612 490 2674 Problema
520 2611 608 2674 XXI.
663 2614 794 2674 Locum
824 2613 948 2675 Lunae
977 2611 1163 2674 visibilem
1195 2612 1389 2676 secundum
1420 2616 1563 2694 longum

207 2708 246 2762 et
268 2701 379 2764 latum
404 2702 448 2763 ad
478 2701 576 2763 lixas
607 2719 819 2782 comparare
848 2703 882 2763 iu
910 2701 1121 2781 praecipuis
1153 2700 1340 2783 phasibus.
1389 2702 1563 2765 Admonitio

205 2789 308 2871 potius
332 2799 380 2854 est
403 2791 439 2852 de
464 2791 517 2864 iis,
551 2811 626 2871 quae
651 2792 680 2853 in
712 2789 874 2871 eclipsibus
898 2791 1002 2852 Lunae
1033 2791 1149 2852 utiliter
1181 2790 1395 2868 observantur,
1426 2811 1462 2853 ne
1488 2793 1564 2854 forte

208 2880 417 2959 negligantur,
450 2889 481 2942 et
514 2880 722 2959 cognationem
756 2881 927 2943 nonnullam
961 2878 1053 2941 habet
1084 2900 1149 2942 cum
1184 2875 1233 2943 19.
1263 2881 1439 2961 praemisso.
1487 2881 1564 2944 narn

207 2969 291 3030 varie
322 2970 385 3030 fieri
417 2976 531 3049 potest.
579 2967 732 3048 Optimum
758 2970 783 3032 si
809 2969 931 3049 eclipsis
954 2968 983 3029 iu
1014 2968 1160 3048 principio
1185 2967 1295 3034 Cancri
1318 2973 1367 3032 vel
1391 2971 1566 3052 Capricorni

207 3059 307 3134 suerit,
333 3059 416 3139 cujus
440 3059 567 3120 medium
592 3059 621 3119 in
644 3059 743 3140 ipsum
766 3059 871 3120 Lunae
896 3058 1054 3138 appulsum
1078 3058 1117 3119 ad
1141 3059 1293 3121 meridiem
1317 3059 1483 3122 coincidats
1515 3061 1564 3122 vel

206 3147 237 3209 iu
263 3168 434 3229 quocunque
459 3148 555 3227 signo,
582 3147 649 3208 dum
666 3148 753 3208 Luua
770 3148 849 3209 circa
873 3146 1050 3209 medimnis
1077 3148 1270 3226 nonagesimo
1288 3150 1382 3227 gradu
1406 3148 1563 3225 consistat,

206 3246 240 3299 et
269 3257 326 3300 non
361 3239 449 3318 longe
481 3239 519 3300 ab
552 3237 653 3316 aliqua
685 3238 745 3298 fixa
775 3238 937 3300 secuudum
967 3234 1185 3314 longitudinem
1217 3245 1415 3302 removeatur.
1464 3239 1509 3300 At
1539 3239 1563 3300 si

207 3328 373 3390 extrahes
402 3327 544 3389 articulos
573 3326 680 3394 fuerit,
716 3325 874 3389 dummodo
899 3327 938 3387 ad
970 3325 1100 3388 medium
1132 3326 1252 3407 eclipsis
1286 3328 1479 3402 attendatur,
1510 3347 1565 3408 per

206 3416 404 3495 parallaxium
428 3415 590 3478 Lunarium
614 3413 826 3478 tractationem
850 3413 1079 3476 commoditates
1103 3423 1224 3477 ceterae
1252 3417 1385 3496 suppleri
1409 3425 1561 3496 poterunt.

297 3505 422 3568 Planum
452 3505 599 3568 horizonti
639 3505 886 3583 perpendiculum
919 3503 949 3566 in
981 3503 1133 3566 meridiem
1164 3505 1212 3566 vel
1251 3507 1478 3584 nonagesimum
1515 3506 1564 3568 vel

206 3595 326 3657 omniuo
350 3595 380 3658 in
403 3597 508 3658 Lunae
532 3595 653 3674 plagam
677 3595 731 3656 sub
755 3593 884 3656 medium
915 3591 1035 3672 eclipsis
1066 3593 1171 3674 dirige.
1209 3595 1283 3656 Inde
1309 3604 1381 3656 uota
1404 3595 1564 3674 diligenter
1623 3585 1629 3600 ‘

207 3686 245 3746 ad
270 3684 456 3764 horologium
489 3684 669 3746 minutorum
694 3691 725 3744 et
755 3683 951 3743 secundorum
984 3681 1130 3757 indicem,
1164 3683 1268 3763 quibus
1301 3683 1435 3746 articulis
1458 3684 1564 3746 Lunae

206 3791 310 3854 margo
335 3774 529 3836 occidentalis
558 3772 771 3851 orientalisque
797 3779 827 3833 et
850 3770 949 3831 vicina
972 3771 1032 3831 tixa
1055 3771 1083 3831 in
1108 3772 1262 3834 meridiem
1294 3773 1436 3852 appellat.
1483 3773 1563 3834 Num

206 3883 246 3925 ex
268 3863 426 3925 intervallo
443 3871 608 3942 temporum
634 3861 804 3923 differentia
826 3859 1041 3922 mediationum
1060 3860 1136 3920 coeli
1162 3861 1299 3922 habetur.
1339 3859 1454 3931 Quodsi
1478 3861 1566 3922 Luna

205 3953 235 4014 in
260 3953 326 4032 ipso
350 3951 472 4032 eclipsis
495 3952 593 4012 medio
623 3950 795 4012 constiterit
818 3949 848 4010 iu
873 3949 1083 4028 nonagesimo,
1118 3951 1271 4028 negotium
1295 3949 1423 4028 longiori
1456 3951 1566 4012 circui-

205 4043 287 4104 tione
311 4061 369 4104 non
393 4040 508 4120 indiget
531 4041 717 4120 habeturque
739 4045 770 4099 et
784 4039 889 4099 Lunae
913 4047 945 4098 et
969 4038 1091 4100 umbrae
1116 4045 1284 4100 neutrorum
1309 4039 1446 4100 ascensio
1470 4049 1565 4110 recta,

206 4130 346 4192 avicina
378 4131 439 4192 fixa
471 4137 646 4204 numerata;
679 4147 769 4209 quare
804 4134 835 4188 et
867 4126 993 4188 remotio
1026 4127 1104 4188 lixae
1138 4147 1157 4188 a
1188 4135 1288 4189 centro
1320 4127 1409 4190 Solis.
1459 4127 1566 4209 Neque

205 4229 306 4282 tamen
331 4219 501 4300 spernenda
526 4225 596 4280 suut
619 4218 680 4281 alia
704 4215 885 4277 adminicula
908 4215 955 4276 his
980 4215 1244 4278 commoditatibus
1269 4217 1414 4278 carentia.

295 4308 396 4392 Tycho
420 4327 474 4388 per
500 4315 597 4370 totam
628 4306 816 4376 durationem
851 4313 922 4366 ente
946 4312 1071 4383 etpost
1095 4303 1223 4366 medium
1253 4305 1423 4387 frequenter
1447 4306 1565 4385 accepit

207 4417 261 4479 per
285 4406 443 4460 sextantes
467 4405 499 4459 et
522 4395 657 4458 armillas
681 4395 844 4456 distantias
867 4393 1012 4472 marginis
1035 4393 1134 4455 illaesi
1159 4415 1178 4454 a
1200 4393 1307 4456 vicinis
1331 4393 1407 4456 lixis.

294 4486 435 4549 Proderit
464 4494 496 4547 et
528 4484 674 4548 linearum
707 4489 825 4545 tractus
858 4492 1021 4558 annotare,
1056 4489 1090 4543 ut
1121 4482 1304 4548 Maestlinus
1336 4484 1366 4544 in
1397 4491 1562 4549 ceterorum

207 4578 339 4639 sidemm
362 4574 623 4638 observationibus
647 4579 696 4634 est
719 4573 837 4633 solitus.

293 4665 407 4731 Horum
439 4664 539 4745 aliquo
573 4661 661 4725 modo
693 4661 835 4724 credibile
866 4667 913 4721 est
941 4658 1145 4738 Hipparchum
1178 4679 1280 4734 usurn3
1314 4661 1381 4741 qui,
1414 4664 1562 4726 referente

206 4755 380 4817 Ptolemaeo
403 4752 455 4816 lib.
480 4753 537 4816 III.
562 4771 629 4832 cap.
649 4749 680 4824 2,
706 4769 772 4812 curu
796 4767 874 4811 auno
899 4745 949 4810 32.
974 4748 1083 4810 tertiae
1104 4746 1279 4829 Calippicae
1303 4750 1560 4830 deprehendisset,

206 4841 426 4926 aequinoctium
448 4842 571 4904 vernale
596 4841 644 4902 die
668 4837 721 4902 27.
747 4837 858 4900 mensis
883 4837 999 4898 Meclrir
1029 4845 1164 4917 tempore
1197 4839 1345 4901 matutino
1378 4843 1561 4922 contigisse:
