<?xml version="1.0" encoding="UTF-8"?>
<!DOCTYPE html PUBLIC "-//W3C//DTD XHTML 1.0 Transitional//EN"
    "http://www.w3.org/TR/xhtml1/DTD/xhtml1-transitional.dtd">
<html xmlns="http://www.w3.org/1999/xhtml" xml:lang="en" lang="en">
 <head>
  <title>
</title>
<meta http-equiv="Content-Type" content="text/html;charset=utf-8" />
  <meta name='ocr-system' content='tesseract 3.04.00' />
  <meta name='ocr-capabilities' content='ocr_page ocr_carea ocr_par ocr_line ocrx_word'/>
</head>
<body>
  <div class='ocr_page' id='page_1' title='image "./joanniskepleria02unkngoog/joanniskepleria02unkngoog_0294.png"; bbox 0 0 3672 5528; ppageno 0'>
   <div class='ocr_carea' id='block_1_1' title="bbox 734 308 1510 378">
    <p class='ocr_par' dir='ltr' id='par_1_1' title="bbox 734 308 1510 378">
     <span class='ocr_line' id='line_1_1' title="bbox 734 308 1510 378; baseline 0.004 -3"><span class='ocrx_word' id='word_1_1' title='bbox 734 309 818 375; x_wconf 74' lang='lat' dir='ltr'><strong>capes</strong></span> <span class='ocrx_word' id='word_1_2' title='bbox 834 311 879 362; x_wconf 81' lang='lat' dir='ltr'><strong>vl.</strong></span> <span class='ocrx_word' id='word_1_3' title='bbox 903 309 928 361; x_wconf 71' lang='lat'><strong>¹·</strong></span> <span class='ocrx_word' id='word_1_4' title='bbox 1445 308 1510 378; x_wconf 71' lang='lat'><strong>269</strong></span> 
     </span>
    </p>
   </div>
   <div class='ocr_carea' id='block_1_2' title="bbox 150 485 1511 878">
    <p class='ocr_par' dir='ltr' id='par_1_2' title="bbox 150 485 1511 878">
     <span class='ocr_line' id='line_1_2' title="bbox 150 485 1511 563; baseline 0.003 -21"><span class='ocrx_word' id='word_1_5' title='bbox 150 487 274 558; x_wconf 74' lang='lat' dir='ltr'><strong>perimus</strong></span> <span class='ocrx_word' id='word_1_6' title='bbox 295 485 361 550; x_wconf 81' lang='lat' dir='ltr'><strong>bec,</strong></span> <span class='ocrx_word' id='word_1_7' title='bbox 384 487 487 542; x_wconf 76' lang='lat' dir='ltr'><strong>erinis</strong></span> <span class='ocrx_word' id='word_1_8' title='bbox 506 487 641 542; x_wconf 80' lang='lat' dir='ltr'><strong>uniuersi</strong></span> <span class='ocrx_word' id='word_1_9' title='bbox 662 489 789 543; x_wconf 75' lang='lat' dir='ltr'><strong>censione</strong></span> <span class='ocrx_word' id='word_1_10' title='bbox 809 489 956 544; x_wconf 67' lang='lat' dir='ltr'><strong>debiliores</strong></span> <span class='ocrx_word' id='word_1_11' title='bbox 976 489 1145 560; x_wconf 84' lang='lat' dir='ltr'><strong>reliquarum</strong></span> <span class='ocrx_word' id='word_1_12' title='bbox 1166 492 1290 562; x_wconf 82' lang='lat' dir='ltr'><strong>opprirrs&#39;.</strong></span> <span class='ocrx_word' id='word_1_13' title='bbox 1319 495 1411 563; x_wconf 78' lang='lat' dir='ltr'><strong>Atque</strong></span> <span class='ocrx_word' id='word_1_14' title='bbox 1424 491 1511 548; x_wconf 79' lang='lat' dir='ltr'><strong>etitn</strong></span> 
     </span>
     <span class='ocr_line' id='line_1_3' title="bbox 153 567 1511 641; baseline 0.002 -20"><span class='ocrx_word' id='word_1_15' title='bbox 153 568 244 637; x_wconf 82' lang='lat' dir='ltr'><strong>eapite</strong></span> <span class='ocrx_word' id='word_1_16' title='bbox 263 569 389 622; x_wconf 68' lang='lat' dir='ltr'><strong>neuntio</strong></span> <span class='ocrx_word' id='word_1_17' title='bbox 413 567 481 622; x_wconf 83' lang='lat' dir='ltr'><strong>lllnd</strong></span> <span class='ocrx_word' id='word_1_18' title='bbox 509 567 682 622; x_wconf 67' lang='lat' dir='ltr'><strong>fundamenti</strong></span> <span class='ocrx_word' id='word_1_19' title='bbox 702 570 763 622; x_wconf 80' lang='lat' dir='ltr'><strong>loco</strong></span> <span class='ocrx_word' id='word_1_20' title='bbox 783 568 852 632; x_wconf 82' lang='lat' dir='ltr'><strong>init,</strong></span> <span class='ocrx_word' id='word_1_21' title='bbox 880 570 985 624; x_wconf 74' lang='lat' dir='ltr'><strong>lumina</strong></span> <span class='ocrx_word' id='word_1_22' title='bbox 1006 571 1034 623; x_wconf 90' lang='lat' dir='ltr'><strong>ln</strong></span> <span class='ocrx_word' id='word_1_23' title='bbox 1053 572 1163 640; x_wconf 79' lang='lat' dir='ltr'><strong>pariete</strong></span> <span class='ocrx_word' id='word_1_24' title='bbox 1191 571 1321 626; x_wconf 86' lang='lat' dir='ltr'><strong>distincta</strong></span> <span class='ocrx_word' id='word_1_25' title='bbox 1339 585 1391 641; x_wconf 81' lang='lat' dir='ltr'><strong>per</strong></span> <span class='ocrx_word' id='word_1_26' title='bbox 1416 571 1511 626; x_wconf 72' lang='lat' dir='ltr'><strong>latiur</strong></span> 
     </span>
     <span class='ocr_line' id='line_1_4' title="bbox 154 647 1510 719; baseline 0.001 -15"><span class='ocrx_word' id='word_1_27' title='bbox 154 647 274 705; x_wconf 68' lang='lat' dir='ltr'><strong>lmen</strong></span> <span class='ocrx_word' id='word_1_28' title='bbox 295 647 431 719; x_wconf 69' lang='lat' dir='ltr'><strong>ingressu</strong></span> <span class='ocrx_word' id='word_1_29' title='bbox 456 647 573 704; x_wconf 80' lang='lat' dir='ltr'><strong>debilius</strong></span> <span class='ocrx_word' id='word_1_30' title='bbox 595 663 614 704; x_wconf 73' lang='grc' dir='ltr'><strong>ι</strong></span> <span class='ocrx_word' id='word_1_31' title='bbox 633 648 760 705; x_wconf 74' lang='lat' dir='ltr'><strong>vnlidiuri</strong></span> <span class='ocrx_word' id='word_1_32' title='bbox 784 649 935 710; x_wconf 57' lang='lat' dir='ltr'><strong>occultum</strong></span> <span class='ocrx_word' id='word_1_33' title='bbox 964 657 1107 704; x_wconf 71' lang='lat' dir='ltr'><strong>comto</strong></span> <span class='ocrx_word' id='word_1_34' title='bbox 1131 667 1198 704; x_wconf 76' lang='lat' dir='ltr'><strong>reru</strong></span> <span class='ocrx_word' id='word_1_35' title='bbox 1221 651 1356 708; x_wconf 70' lang='lat' dir='ltr'><strong>sunnine</strong></span> <span class='ocrx_word' id='word_1_36' title='bbox 1373 669 1432 706; x_wconf 72' lang='lat' dir='ltr'><strong>unu</strong></span> <span class='ocrx_word' id='word_1_37' title='bbox 1447 651 1510 706; x_wconf 72' lang='lat' dir='ltr'><strong>dori</strong></span> 
     </span>
     <span class='ocr_line' id='line_1_5' title="bbox 154 727 1510 799; baseline 0.004 -18"><span class='ocrx_word' id='word_1_38' title='bbox 154 727 392 798; x_wconf 67' lang='lat' dir='ltr'><strong>preportionniiur</strong></span> <span class='ocrx_word' id='word_1_39' title='bbox 413 734 446 782; x_wconf 91' lang='lat' dir='ltr'><strong>nt</strong></span> <span class='ocrx_word' id='word_1_40' title='bbox 464 727 589 797; x_wconf 75' lang='lat' dir='ltr'><strong>quemvis</strong></span> <span class='ocrx_word' id='word_1_41' title='bbox 609 728 701 784; x_wconf 80' lang='lat' dir='ltr'><strong>emnia</strong></span> <span class='ocrx_word' id='word_1_42' title='bbox 720 728 900 785; x_wconf 70' lang='lat' dir='ltr'><strong>debilitentur</strong></span> <span class='ocrx_word' id='word_1_43' title='bbox 920 729 1032 794; x_wconf 75' lang='lat' dir='ltr'><strong>lumine,</strong></span> <span class='ocrx_word' id='word_1_44' title='bbox 1052 731 1116 799; x_wconf 87' lang='lat' dir='ltr'><strong>plur</strong></span> <span class='ocrx_word' id='word_1_45' title='bbox 1131 737 1225 788; x_wconf 79' lang='lat' dir='ltr'><strong>tanen</strong></span> <span class='ocrx_word' id='word_1_46' title='bbox 1244 731 1370 788; x_wconf 75' lang='lat' dir='ltr'><strong>clerituti</strong></span> <span class='ocrx_word' id='word_1_47' title='bbox 1387 731 1510 786; x_wconf 71' lang='lat' dir='ltr'><strong>sonions</strong></span> 
     </span>
     <span class='ocr_line' id='line_1_6' title="bbox 154 806 641 878; baseline 0.004 -15"><span class='ocrx_word' id='word_1_48' title='bbox 154 807 288 865; x_wconf 61' lang='lat' dir='ltr'><strong>“initu</strong></span> <span class='ocrx_word' id='word_1_49' title='bbox 308 806 484 878; x_wconf 71' lang='lat' dir='ltr'><strong>nobiliusque</strong></span> <span class='ocrx_word' id='word_1_50' title='bbox 504 815 641 878; x_wconf 65' lang='lat' dir='ltr'><strong>mgni.</strong></span> 
     </span>
    </p>
   </div>
   <div class='ocr_carea' id='block_1_3' title="bbox 743 1021 924 1036">
    <p class='ocr_par' dir='ltr' id='par_1_3' title="bbox 743 1021 924 1036">
     <span class='ocr_line' id='line_1_7' title="bbox 743 1021 924 1036; baseline 0 -2"><span class='ocrx_word' id='word_1_51' title='bbox 743 1021 924 1036; x_wconf 54' lang='lat' dir='ltr'><strong>mnu—nn·-</strong></span> 
     </span>
    </p>
   </div>
   <div class='ocr_carea' id='block_1_4' title="bbox 729 1219 939 1320">
    <p class='ocr_par' dir='ltr' id='par_1_4' title="bbox 729 1219 939 1320">
     <span class='ocr_line' id='line_1_8' title="bbox 729 1219 939 1320; baseline -0.01 -24"><span class='ocrx_word' id='word_1_52' title='bbox 729 1221 850 1320; x_wconf 81' lang='lat' dir='ltr'><strong>Ccput</strong></span> <span class='ocrx_word' id='word_1_53' title='bbox 876 1219 939 1296; x_wconf 87' lang='lat' dir='ltr'><strong>vl.</strong></span> 
     </span>
    </p>
   </div>
   <div class='ocr_carea' id='block_1_5' title="bbox 611 1397 1055 1462">
    <p class='ocr_par' dir='ltr' id='par_1_5' title="bbox 611 1397 1055 1462">
     <span class='ocr_line' id='line_1_9' title="bbox 611 1397 1055 1462; baseline 0 -2"><span class='ocrx_word' id='word_1_54' title='bbox 611 1397 667 1460; x_wconf 88' lang='lat' dir='ltr'><strong>Dc</strong></span> <span class='ocrx_word' id='word_1_55' title='bbox 688 1401 783 1462; x_wconf 78' lang='lat' dir='ltr'><strong>osric</strong></span> <span class='ocrx_word' id='word_1_56' title='bbox 809 1397 880 1460; x_wconf 79' lang='lat' dir='ltr'><strong>lucc</strong></span> <span class='ocrx_word' id='word_1_57' title='bbox 905 1397 1055 1461; x_wconf 61' lang='lat' dir='ltr'><strong>delerant</strong></span> 
     </span>
    </p>
   </div>
   <div class='ocr_carea' id='block_1_6' title="bbox 154 1554 1512 1814">
    <p class='ocr_par' dir='ltr' id='par_1_6' title="bbox 154 1554 1512 1814">
     <span class='ocr_line' id='line_1_10' title="bbox 238 1554 1512 1637; baseline 0.004 -22"><span class='ocrx_word' id='word_1_58' title='bbox 238 1554 309 1616; x_wconf 88' lang='lat' dir='ltr'><strong>Non</strong></span> <span class='ocrx_word' id='word_1_59' title='bbox 345 1555 440 1618; x_wconf 90' lang='lat' dir='ltr'><strong>solius</strong></span> <span class='ocrx_word' id='word_1_60' title='bbox 473 1563 520 1618; x_wconf 88' lang='lat' dir='ltr'><strong>est</strong></span> <span class='ocrx_word' id='word_1_61' title='bbox 551 1555 666 1636; x_wconf 80' lang='lat' dir='ltr'><strong>physici</strong></span> <span class='ocrx_word' id='word_1_62' title='bbox 700 1557 736 1620; x_wconf 89' lang='lat' dir='ltr'><strong>ds</strong></span> <span class='ocrx_word' id='word_1_63' title='bbox 769 1557 835 1619; x_wconf 89' lang='lat' dir='ltr'><strong>luce</strong></span> <span class='ocrx_word' id='word_1_64' title='bbox 869 1556 999 1620; x_wconf 89' lang='lat' dir='ltr'><strong>sidemm</strong></span> <span class='ocrx_word' id='word_1_65' title='bbox 1028 1556 1196 1636; x_wconf 83' lang='lat' dir='ltr'><strong>disputare,</strong></span> <span class='ocrx_word' id='word_1_66' title='bbox 1234 1557 1288 1619; x_wconf 90' lang='lat' dir='ltr'><strong>sed</strong></span> <span class='ocrx_word' id='word_1_67' title='bbox 1320 1557 1431 1637; x_wconf 87' lang='lat' dir='ltr'><strong>aliquid</strong></span> <span class='ocrx_word' id='word_1_68' title='bbox 1461 1558 1512 1620; x_wconf 87' lang='lat' dir='ltr'><strong>bic</strong></span> 
     </span>
     <span class='ocr_line' id='line_1_11' title="bbox 154 1641 1512 1725; baseline 0.004 -21"><span class='ocrx_word' id='word_1_69' title='bbox 154 1641 243 1704; x_wconf 82' lang='lat' dir='ltr'><strong>etism</strong></span> <span class='ocrx_word' id='word_1_70' title='bbox 267 1651 462 1706; x_wconf 82' lang='lat' dir='ltr'><strong>astronomus</strong></span> <span class='ocrx_word' id='word_1_71' title='bbox 486 1644 565 1725; x_wconf 89' lang='lat' dir='ltr'><strong>quod</strong></span> <span class='ocrx_word' id='word_1_72' title='bbox 587 1645 670 1708; x_wconf 88' lang='lat' dir='ltr'><strong>dicat</strong></span> <span class='ocrx_word' id='word_1_73' title='bbox 692 1645 801 1724; x_wconf 77' lang='lat' dir='ltr'><strong>habet;</strong></span> <span class='ocrx_word' id='word_1_74' title='bbox 824 1645 1003 1724; x_wconf 80' lang='lat' dir='ltr'><strong>praesertim</strong></span> <span class='ocrx_word' id='word_1_75' title='bbox 1026 1644 1063 1707; x_wconf 89' lang='lat' dir='ltr'><strong>de</strong></span> <span class='ocrx_word' id='word_1_76' title='bbox 1078 1645 1182 1708; x_wconf 87' lang='lat' dir='ltr'><strong>Lunae</strong></span> <span class='ocrx_word' id='word_1_77' title='bbox 1205 1643 1418 1710; x_wconf 72' lang='lat' dir='ltr'><strong>illustratione.</strong></span> <span class='ocrx_word' id='word_1_78' title='bbox 1446 1646 1512 1710; x_wconf 89' lang='lat' dir='ltr'><strong>Nos</strong></span> 
     </span>
     <span class='ocr_line' id='line_1_12' title="bbox 154 1733 965 1814; baseline 0.005 -22"><span class='ocrx_word' id='word_1_79' title='bbox 154 1737 311 1812; x_wconf 86' lang='lat' dir='ltr'><strong>utrumque</strong></span> <span class='ocrx_word' id='word_1_80' title='bbox 335 1733 601 1814; x_wconf 75' lang='lat' dir='ltr'><strong>contemplationis</strong></span> <span class='ocrx_word' id='word_1_81' title='bbox 624 1752 718 1796; x_wconf 87' lang='lat' dir='ltr'><strong>causa</strong></span> <span class='ocrx_word' id='word_1_82' title='bbox 741 1733 965 1814; x_wconf 78' lang='lat' dir='ltr'><strong>conjungemus.</strong></span> 
     </span>
    </p>
   </div>
   <div class='ocr_carea' id='block_1_7' title="bbox 630 1871 1043 1936">
    <p class='ocr_par' dir='ltr' id='par_1_7' title="bbox 630 1871 1043 1936">
     <span class='ocr_line' id='line_1_13' title="bbox 630 1871 1043 1936; baseline -0.002 0"><span class='ocrx_word' id='word_1_83' title='bbox 630 1877 657 1936; x_wconf 92' lang='lat' dir='ltr'><strong>l.</strong></span> <span class='ocrx_word' id='word_1_84' title='bbox 704 1873 759 1935; x_wconf 88' lang='lat' dir='ltr'><strong>De</strong></span> <span class='ocrx_word' id='word_1_85' title='bbox 791 1872 880 1936; x_wconf 87' lang='lat' dir='ltr'><strong>luce</strong></span> <span class='ocrx_word' id='word_1_86' title='bbox 914 1871 1043 1936; x_wconf 90' lang='lat' dir='ltr'><strong>Solis.</strong></span> 
     </span>
    </p>
   </div>
   <div class='ocr_carea' id='block_1_8' title="bbox 153 1993 1515 4293">
    <p class='ocr_par' dir='ltr' id='par_1_8' title="bbox 153 1993 1515 3405">
     <span class='ocr_line' id='line_1_14' title="bbox 243 1993 1512 2078; baseline 0.005 -22"><span class='ocrx_word' id='word_1_87' title='bbox 243 1993 320 2056; x_wconf 82' lang='lat' dir='ltr'><strong>Cum</strong></span> <span class='ocrx_word' id='word_1_88' title='bbox 345 1993 427 2056; x_wconf 86' lang='lat' dir='ltr'><strong>Solis</strong></span> <span class='ocrx_word' id='word_1_89' title='bbox 451 1994 479 2055; x_wconf 88' lang='lat' dir='ltr'><strong>iu</strong></span> <span class='ocrx_word' id='word_1_90' title='bbox 504 1997 614 2058; x_wconf 89' lang='lat' dir='ltr'><strong>mundo</strong></span> <span class='ocrx_word' id='word_1_91' title='bbox 637 1997 821 2060; x_wconf 88' lang='lat' dir='ltr'><strong>incredibilis</strong></span> <span class='ocrx_word' id='word_1_92' title='bbox 844 2017 880 2060; x_wconf 85' lang='lat' dir='ltr'><strong>ac</strong></span> <span class='ocrx_word' id='word_1_93' title='bbox 903 2015 996 2078; x_wconf 90' lang='lat' dir='ltr'><strong>prope</strong></span> <span class='ocrx_word' id='word_1_94' title='bbox 1020 1996 1123 2060; x_wconf 88' lang='lat' dir='ltr'><strong>diviua</strong></span> <span class='ocrx_word' id='word_1_95' title='bbox 1145 1995 1191 2058; x_wconf 83' lang='lat' dir='ltr'><strong>vis</strong></span> <span class='ocrx_word' id='word_1_96' title='bbox 1214 1996 1271 2070; x_wconf 88' lang='lat' dir='ltr'><strong>sit,</strong></span> <span class='ocrx_word' id='word_1_97' title='bbox 1296 2019 1316 2059; x_wconf 84' lang='lat' dir='ltr'><strong>a</strong></span> <span class='ocrx_word' id='word_1_98' title='bbox 1338 1998 1411 2062; x_wconf 89' lang='lat' dir='ltr'><strong>Sole</strong></span> <span class='ocrx_word' id='word_1_99' title='bbox 1434 2000 1512 2062; x_wconf 88' lang='lat' dir='ltr'><strong>enim</strong></span> 
     </span>
     <span class='ocr_line' id='line_1_15' title="bbox 154 2081 1511 2166; baseline 0.005 -22"><span class='ocrx_word' id='word_1_100' title='bbox 154 2081 251 2145; x_wconf 89' lang='lat' dir='ltr'><strong>omnis</strong></span> <span class='ocrx_word' id='word_1_101' title='bbox 283 2089 383 2146; x_wconf 89' lang='lat' dir='ltr'><strong>motus</strong></span> <span class='ocrx_word' id='word_1_102' title='bbox 413 2090 445 2144; x_wconf 91' lang='lat' dir='ltr'><strong>et</strong></span> <span class='ocrx_word' id='word_1_103' title='bbox 473 2084 536 2146; x_wconf 85' lang='lat' dir='ltr'><strong>vita</strong></span> <span class='ocrx_word' id='word_1_104' title='bbox 568 2093 600 2146; x_wconf 91' lang='lat' dir='ltr'><strong>et</strong></span> <span class='ocrx_word' id='word_1_105' title='bbox 630 2085 821 2148; x_wconf 79' lang='lat' dir='ltr'><strong>conservat-io</strong></span> <span class='ocrx_word' id='word_1_106' title='bbox 850 2094 881 2148; x_wconf 92' lang='lat' dir='ltr'><strong>et</strong></span> <span class='ocrx_word' id='word_1_107' title='bbox 908 2093 1032 2150; x_wconf 86' lang='lat' dir='ltr'><strong>ornatus</strong></span> <span class='ocrx_word' id='word_1_108' title='bbox 1062 2086 1236 2148; x_wconf 89' lang='lat' dir='ltr'><strong>coelestium</strong></span> <span class='ocrx_word' id='word_1_109' title='bbox 1267 2095 1299 2148; x_wconf 89' lang='lat' dir='ltr'><strong>et</strong></span> <span class='ocrx_word' id='word_1_110' title='bbox 1328 2089 1511 2166; x_wconf 76' lang='lat' dir='ltr'><strong>terrestium,</strong></span> 
     </span>
     <span class='ocr_line' id='line_1_16' title="bbox 155 2170 1512 2254; baseline 0.003 -20"><span class='ocrx_word' id='word_1_111' title='bbox 155 2172 230 2234; x_wconf 85' lang='lat' dir='ltr'><strong>cdeo</strong></span> <span class='ocrx_word' id='word_1_112' title='bbox 255 2181 289 2233; x_wconf 93' lang='lat' dir='ltr'><strong>ut</strong></span> <span class='ocrx_word' id='word_1_113' title='bbox 313 2190 370 2251; x_wconf 93' lang='lat' dir='ltr'><strong>quo</strong></span> <span class='ocrx_word' id='word_1_114' title='bbox 395 2173 515 2250; x_wconf 89' lang='lat' dir='ltr'><strong>propius</strong></span> <span class='ocrx_word' id='word_1_115' title='bbox 539 2176 762 2254; x_wconf 84' lang='lat' dir='ltr'><strong>contempleris,</strong></span> <span class='ocrx_word' id='word_1_116' title='bbox 787 2175 842 2237; x_wconf 91' lang='lat' dir='ltr'><strong>hoc</strong></span> <span class='ocrx_word' id='word_1_117' title='bbox 865 2176 953 2254; x_wconf 87' lang='lat' dir='ltr'><strong>plura</strong></span> <span class='ocrx_word' id='word_1_118' title='bbox 975 2175 1005 2236; x_wconf 91' lang='lat' dir='ltr'><strong>in</strong></span> <span class='ocrx_word' id='word_1_119' title='bbox 1030 2170 1082 2237; x_wconf 92' lang='lat' dir='ltr'><strong>illo</strong></span> <span class='ocrx_word' id='word_1_120' title='bbox 1104 2191 1162 2236; x_wconf 89' lang='lat' dir='ltr'><strong>uno</strong></span> <span class='ocrx_word' id='word_1_121' title='bbox 1186 2174 1322 2238; x_wconf 84' lang='lat' dir='ltr'><strong>iuvenies</strong></span> <span class='ocrx_word' id='word_1_122' title='bbox 1346 2177 1512 2240; x_wconf 80' lang='lat' dir='ltr'><strong>miracula:</strong></span> 
     </span>
     <span class='ocr_line' id='line_1_17' title="bbox 156 2260 1515 2346; baseline 0.004 -26"><span class='ocrx_word' id='word_1_123' title='bbox 156 2260 262 2321; x_wconf 88' lang='lat' dir='ltr'><strong>decere</strong></span> <span class='ocrx_word' id='word_1_124' title='bbox 294 2260 504 2340; x_wconf 89' lang='lat' dir='ltr'><strong>philosophum</strong></span> <span class='ocrx_word' id='word_1_125' title='bbox 532 2262 678 2337; x_wconf 81' lang='lat' dir='ltr'><strong>arbitror,</strong></span> <span class='ocrx_word' id='word_1_126' title='bbox 701 2281 805 2325; x_wconf 89' lang='lat' dir='ltr'><strong>omnes</strong></span> <span class='ocrx_word' id='word_1_127' title='bbox 833 2272 958 2325; x_wconf 86' lang='lat' dir='ltr'><strong>naturae</strong></span> <span class='ocrx_word' id='word_1_128' title='bbox 987 2263 1147 2325; x_wconf 79' lang='lat' dir='ltr'><strong>thesauros</strong></span> <span class='ocrx_word' id='word_1_129' title='bbox 1175 2261 1278 2326; x_wconf 83' lang='lat' dir='ltr'><strong>rimari</strong></span> <span class='ocrx_word' id='word_1_130' title='bbox 1308 2264 1348 2328; x_wconf 88' lang='lat' dir='ltr'><strong>ad</strong></span> <span class='ocrx_word' id='word_1_131' title='bbox 1372 2265 1515 2346; x_wconf 81' lang='lat' dir='ltr'><strong>dogmata</strong></span> 
     </span>
     <span class='ocr_line' id='line_1_18' title="bbox 156 2349 1512 2433; baseline 0.004 -23"><span class='ocrx_word' id='word_1_132' title='bbox 156 2357 243 2410; x_wconf 83' lang='lat' dir='ltr'><strong>tauto</strong></span> <span class='ocrx_word' id='word_1_133' title='bbox 271 2349 416 2412; x_wconf 89' lang='lat' dir='ltr'><strong>miraculo</strong></span> <span class='ocrx_word' id='word_1_134' title='bbox 449 2350 661 2414; x_wconf 81' lang='lat' dir='ltr'><strong>convenientis</strong></span> <span class='ocrx_word' id='word_1_135' title='bbox 691 2352 880 2431; x_wconf 80' lang='lat' dir='ltr'><strong>proferende.</strong></span> <span class='ocrx_word' id='word_1_136' title='bbox 927 2353 974 2416; x_wconf 81' lang='lat' dir='ltr'><strong>Ac</strong></span> <span class='ocrx_word' id='word_1_137' title='bbox 997 2371 1063 2416; x_wconf 91' lang='lat' dir='ltr'><strong>cum</strong></span> <span class='ocrx_word' id='word_1_138' title='bbox 1083 2351 1146 2432; x_wconf 83' lang='lat' dir='ltr'><strong>jem</strong></span> <span class='ocrx_word' id='word_1_139' title='bbox 1170 2351 1200 2414; x_wconf 92' lang='lat' dir='ltr'><strong>in</strong></span> <span class='ocrx_word' id='word_1_140' title='bbox 1224 2353 1326 2433; x_wconf 88' lang='lat' dir='ltr'><strong>optica</strong></span> <span class='ocrx_word' id='word_1_141' title='bbox 1348 2371 1512 2428; x_wconf 89' lang='lat' dir='ltr'><strong>versemur,</strong></span> 
     </span>
     <span class='ocr_line' id='line_1_19' title="bbox 156 2435 1514 2524; baseline 0.006 -26"><span class='ocrx_word' id='word_1_142' title='bbox 156 2456 221 2516; x_wconf 78' lang='lat' dir='ltr'><strong>ege,</strong></span> <span class='ocrx_word' id='word_1_143' title='bbox 248 2438 327 2517; x_wconf 90' lang='lat' dir='ltr'><strong>quod</strong></span> <span class='ocrx_word' id='word_1_144' title='bbox 347 2435 439 2499; x_wconf 88' lang='lat' dir='ltr'><strong>estin</strong></span> <span class='ocrx_word' id='word_1_145' title='bbox 455 2438 512 2500; x_wconf 83' lang='lat' dir='ltr'><strong>hac</strong></span> <span class='ocrx_word' id='word_1_146' title='bbox 535 2439 663 2502; x_wconf 86' lang='lat' dir='ltr'><strong>scientia</strong></span> <span class='ocrx_word' id='word_1_147' title='bbox 676 2441 901 2516; x_wconf 88' lang='lat' dir='ltr'><strong>nobilissimum,</strong></span> <span class='ocrx_word' id='word_1_148' title='bbox 922 2441 1109 2502; x_wconf 87' lang='lat' dir='ltr'><strong>excutiemus</strong></span> <span class='ocrx_word' id='word_1_149' title='bbox 1132 2439 1258 2520; x_wconf 77' lang='lat' dir='ltr'><strong>huicque</strong></span> <span class='ocrx_word' id='word_1_150' title='bbox 1282 2444 1398 2522; x_wconf 82' lang='lat' dir='ltr'><strong>corpori</strong></span> <span class='ocrx_word' id='word_1_151' title='bbox 1414 2441 1514 2524; x_wconf 81' lang='lat' dir='ltr'><strong>sppli-</strong></span> 
     </span>
     <span class='ocr_line' id='line_1_20' title="bbox 155 2525 1515 2610; baseline 0.003 -22"><span class='ocrx_word' id='word_1_152' title='bbox 155 2544 268 2588; x_wconf 80' lang='lat' dir='ltr'><strong>cemus.</strong></span> <span class='ocrx_word' id='word_1_153' title='bbox 314 2525 363 2588; x_wconf 82' lang='lat' dir='ltr'><strong>Ex</strong></span> <span class='ocrx_word' id='word_1_154' title='bbox 397 2525 496 2588; x_wconf 90' lang='lat' dir='ltr'><strong>divino</strong></span> <span class='ocrx_word' id='word_1_155' title='bbox 520 2526 606 2590; x_wconf 85' lang='lat' dir='ltr'><strong>Mose</strong></span> <span class='ocrx_word' id='word_1_156' title='bbox 636 2529 792 2601; x_wconf 86' lang='lat' dir='ltr'><strong>discimus,</strong></span> <span class='ocrx_word' id='word_1_157' title='bbox 825 2529 925 2592; x_wconf 87' lang='lat' dir='ltr'><strong>omnia</strong></span> <span class='ocrx_word' id='word_1_158' title='bbox 946 2529 1085 2608; x_wconf 89' lang='lat' dir='ltr'><strong>primitus</strong></span> <span class='ocrx_word' id='word_1_159' title='bbox 1118 2547 1156 2590; x_wconf 89' lang='lat' dir='ltr'><strong>ex</strong></span> <span class='ocrx_word' id='word_1_160' title='bbox 1185 2547 1265 2610; x_wconf 85' lang='lat' dir='ltr'><strong>equa</strong></span> <span class='ocrx_word' id='word_1_161' title='bbox 1292 2539 1448 2606; x_wconf 82' lang='lat' dir='ltr'><strong>constere3</strong></span> <span class='ocrx_word' id='word_1_162' title='bbox 1479 2549 1515 2592; x_wconf 83' lang='lat' dir='ltr'><strong>ec</strong></span> 
     </span>
     <span class='ocr_line' id='line_1_21' title="bbox 155 2612 1514 2698; baseline 0.003 -22"><span class='ocrx_word' id='word_1_163' title='bbox 155 2633 221 2676; x_wconf 87' lang='lat' dir='ltr'><strong>cum</strong></span> <span class='ocrx_word' id='word_1_164' title='bbox 246 2613 275 2674; x_wconf 88' lang='lat' dir='ltr'><strong>in</strong></span> <span class='ocrx_word' id='word_1_165' title='bbox 299 2613 449 2694; x_wconf 88' lang='lat' dir='ltr'><strong>principio</strong></span> <span class='ocrx_word' id='word_1_166' title='bbox 473 2615 554 2678; x_wconf 92' lang='lat' dir='ltr'><strong>rudis</strong></span> <span class='ocrx_word' id='word_1_167' title='bbox 578 2615 787 2698; x_wconf 86' lang='lat' dir='ltr'><strong>indigesteque</strong></span> <span class='ocrx_word' id='word_1_168' title='bbox 811 2617 908 2681; x_wconf 90' lang='lat' dir='ltr'><strong>moles</strong></span> <span class='ocrx_word' id='word_1_169' title='bbox 941 2619 1114 2692; x_wconf 86' lang='lat' dir='ltr'><strong>sisteretur,</strong></span> <span class='ocrx_word' id='word_1_170' title='bbox 1148 2635 1187 2678; x_wconf 84' lang='lat' dir='ltr'><strong>ex</strong></span> <span class='ocrx_word' id='word_1_171' title='bbox 1213 2612 1334 2680; x_wconf 89' lang='lat' dir='ltr'><strong>humido</strong></span> <span class='ocrx_word' id='word_1_172' title='bbox 1366 2627 1398 2678; x_wconf 89' lang='lat' dir='ltr'><strong>et</strong></span> <span class='ocrx_word' id='word_1_173' title='bbox 1430 2617 1514 2682; x_wconf 87' lang='lat' dir='ltr'><strong>arido</strong></span> 
     </span>
     <span class='ocr_line' id='line_1_22' title="bbox 154 2705 1513 2787; baseline 0.004 -23"><span class='ocrx_word' id='word_1_174' title='bbox 154 2721 375 2783; x_wconf 76' lang='lat' dir='ltr'><strong>seuereque</strong></span> <span class='ocrx_word' id='word_1_175' title='bbox 405 2711 436 2766; x_wconf 92' lang='lat' dir='ltr'><strong>et</strong></span> <span class='ocrx_word' id='word_1_176' title='bbox 460 2710 541 2766; x_wconf 84' lang='lat' dir='ltr'><strong>terre</strong></span> <span class='ocrx_word' id='word_1_177' title='bbox 569 2714 727 2781; x_wconf 88' lang='lat' dir='ltr'><strong>constans,</strong></span> <span class='ocrx_word' id='word_1_178' title='bbox 764 2707 868 2770; x_wconf 84' lang='lat' dir='ltr'><strong>stetim</strong></span> <span class='ocrx_word' id='word_1_179' title='bbox 896 2725 932 2768; x_wconf 88' lang='lat' dir='ltr'><strong>eo</strong></span> <span class='ocrx_word' id='word_1_180' title='bbox 964 2707 1031 2787; x_wconf 92' lang='lat' dir='ltr'><strong>ipso</strong></span> <span class='ocrx_word' id='word_1_181' title='bbox 1060 2707 1156 2786; x_wconf 89' lang='lat' dir='ltr'><strong>primo</strong></span> <span class='ocrx_word' id='word_1_182' title='bbox 1184 2705 1232 2766; x_wconf 91' lang='lat' dir='ltr'><strong>die</strong></span> <span class='ocrx_word' id='word_1_183' title='bbox 1265 2707 1417 2768; x_wconf 86' lang='lat' dir='ltr'><strong>conditam</strong></span> <span class='ocrx_word' id='word_1_184' title='bbox 1445 2726 1513 2770; x_wconf 87' lang='lat' dir='ltr'><strong>esse</strong></span> 
     </span>
     <span class='ocr_line' id='line_1_23' title="bbox 155 2787 1514 2874; baseline 0.004 -21"><span class='ocrx_word' id='word_1_185' title='bbox 155 2793 267 2866; x_wconf 85' lang='lat' dir='ltr'><strong>lucem,</strong></span> <span class='ocrx_word' id='word_1_186' title='bbox 302 2811 379 2872; x_wconf 88' lang='lat' dir='ltr'><strong>quae</strong></span> <span class='ocrx_word' id='word_1_187' title='bbox 408 2791 456 2852; x_wconf 92' lang='lat' dir='ltr'><strong>die</strong></span> <span class='ocrx_word' id='word_1_188' title='bbox 487 2801 594 2872; x_wconf 86' lang='lat' dir='ltr'><strong>quarto</strong></span> <span class='ocrx_word' id='word_1_189' title='bbox 622 2793 653 2857; x_wconf 90' lang='lat' dir='ltr'><strong>in</strong></span> <span class='ocrx_word' id='word_1_190' title='bbox 681 2795 766 2857; x_wconf 86' lang='lat' dir='ltr'><strong>varia</strong></span> <span class='ocrx_word' id='word_1_191' title='bbox 793 2813 921 2874; x_wconf 86' lang='lat' dir='ltr'><strong>corpore</strong></span> <span class='ocrx_word' id='word_1_192' title='bbox 944 2787 1033 2858; x_wconf 85' lang='lat' dir='ltr'><strong>luerit</strong></span> <span class='ocrx_word' id='word_1_193' title='bbox 1057 2793 1229 2857; x_wconf 85' lang='lat' dir='ltr'><strong>distributa.</strong></span> <span class='ocrx_word' id='word_1_194' title='bbox 1274 2794 1324 2856; x_wconf 80' lang='lat' dir='ltr'><strong>Ex</strong></span> <span class='ocrx_word' id='word_1_195' title='bbox 1346 2795 1403 2857; x_wconf 91' lang='lat' dir='ltr'><strong>hoc</strong></span> <span class='ocrx_word' id='word_1_196' title='bbox 1425 2804 1514 2874; x_wconf 88' lang='lat' dir='ltr'><strong>portu</strong></span> 
     </span>
     <span class='ocr_line' id='line_1_24' title="bbox 154 2881 1513 2964; baseline 0 -20"><span class='ocrx_word' id='word_1_197' title='bbox 154 2881 347 2944; x_wconf 88' lang='lat' dir='ltr'><strong>certissimae</strong></span> <span class='ocrx_word' id='word_1_198' title='bbox 385 2881 556 2944; x_wconf 84' lang='lat' dir='ltr'><strong>sententiae</strong></span> <span class='ocrx_word' id='word_1_199' title='bbox 590 2882 711 2946; x_wconf 86' lang='lat' dir='ltr'><strong>solvens</strong></span> <span class='ocrx_word' id='word_1_200' title='bbox 747 2883 927 2964; x_wconf 87' lang='lat' dir='ltr'><strong>conjecturis</strong></span> <span class='ocrx_word' id='word_1_201' title='bbox 956 2903 1015 2947; x_wconf 89' lang='lat' dir='ltr'><strong>uon</strong></span> <span class='ocrx_word' id='word_1_202' title='bbox 1056 2883 1193 2946; x_wconf 85' lang='lat' dir='ltr'><strong>absurdis</strong></span> <span class='ocrx_word' id='word_1_203' title='bbox 1230 2882 1446 2962; x_wconf 78' lang='lat' dir='ltr'><strong>remigantibus</strong></span> <span class='ocrx_word' id='word_1_204' title='bbox 1483 2884 1513 2944; x_wconf 93' lang='lat' dir='ltr'><strong>in</strong></span> 
     </span>
     <span class='ocr_line' id='line_1_25' title="bbox 156 2967 1512 3051; baseline 0.004 -23"><span class='ocrx_word' id='word_1_205' title='bbox 156 2969 365 3032; x_wconf 85' lang='lat' dir='ltr'><strong>vastissimum</strong></span> <span class='ocrx_word' id='word_1_206' title='bbox 390 2967 477 3048; x_wconf 77' lang='lat' dir='ltr'><strong>hujus</strong></span> <span class='ocrx_word' id='word_1_207' title='bbox 492 2970 755 3051; x_wconf 82' lang='lat' dir='ltr'><strong>contemplationis</strong></span> <span class='ocrx_word' id='word_1_208' title='bbox 779 2991 922 3036; x_wconf 85' lang='lat' dir='ltr'><strong>oceanum</strong></span> <span class='ocrx_word' id='word_1_209' title='bbox 946 2972 1043 3036; x_wconf 89' lang='lat' dir='ltr'><strong>enitor</strong></span> <span class='ocrx_word' id='word_1_210' title='bbox 1066 2980 1099 3034; x_wconf 87' lang='lat' dir='ltr'><strong>st</strong></span> <span class='ocrx_word' id='word_1_211' title='bbox 1121 2972 1176 3034; x_wconf 90' lang='lat' dir='ltr'><strong>buc</strong></span> <span class='ocrx_word' id='word_1_212' title='bbox 1200 2978 1313 3044; x_wconf 87' lang='lat' dir='ltr'><strong>statuo,</strong></span> <span class='ocrx_word' id='word_1_213' title='bbox 1337 2971 1418 3034; x_wconf 91' lang='lat' dir='ltr'><strong>Solis</strong></span> <span class='ocrx_word' id='word_1_214' title='bbox 1443 2991 1512 3034; x_wconf 86' lang='lat' dir='ltr'><strong>cor-</strong></span> 
     </span>
     <span class='ocr_line' id='line_1_26' title="bbox 153 3057 1513 3140; baseline 0 -19"><span class='ocrx_word' id='word_1_215' title='bbox 153 3077 210 3139; x_wconf 87' lang='lat' dir='ltr'><strong>pus</strong></span> <span class='ocrx_word' id='word_1_216' title='bbox 233 3077 274 3120; x_wconf 82' lang='lat' dir='ltr'><strong>ex</strong></span> <span class='ocrx_word' id='word_1_217' title='bbox 298 3057 430 3122; x_wconf 88' lang='lat' dir='ltr'><strong>materie</strong></span> <span class='ocrx_word' id='word_1_218' title='bbox 452 3068 592 3122; x_wconf 78' lang='lat' dir='ltr'><strong>constare</strong></span> <span class='ocrx_word' id='word_1_219' title='bbox 616 3060 745 3124; x_wconf 88' lang='lat' dir='ltr'><strong>omnium</strong></span> <span class='ocrx_word' id='word_1_220' title='bbox 778 3061 871 3124; x_wconf 88' lang='lat' dir='ltr'><strong>totius</strong></span> <span class='ocrx_word' id='word_1_221' title='bbox 900 3061 1000 3124; x_wconf 90' lang='lat' dir='ltr'><strong>mundi</strong></span> <span class='ocrx_word' id='word_1_222' title='bbox 1028 3059 1227 3133; x_wconf 85' lang='lat' dir='ltr'><strong>densissima,</strong></span> <span class='ocrx_word' id='word_1_223' title='bbox 1260 3069 1293 3123; x_wconf 89' lang='lat' dir='ltr'><strong>nt</strong></span> <span class='ocrx_word' id='word_1_224' title='bbox 1320 3058 1401 3125; x_wconf 86' lang='lat' dir='ltr'><strong>iutra</strong></span> <span class='ocrx_word' id='word_1_225' title='bbox 1428 3061 1513 3140; x_wconf 86' lang='lat' dir='ltr'><strong>cujus</strong></span> 
     </span>
     <span class='ocr_line' id='line_1_27' title="bbox 154 3147 1515 3230; baseline 0 -20"><span class='ocrx_word' id='word_1_226' title='bbox 154 3147 403 3227; x_wconf 83' lang='lat' dir='ltr'><strong>angustissimum</strong></span> <span class='ocrx_word' id='word_1_227' title='bbox 427 3148 527 3208; x_wconf 90' lang='lat' dir='ltr'><strong>orbern</strong></span> <span class='ocrx_word' id='word_1_228' title='bbox 550 3155 668 3212; x_wconf 85' lang='lat' dir='ltr'><strong>tantum</strong></span> <span class='ocrx_word' id='word_1_229' title='bbox 692 3150 864 3212; x_wconf 89' lang='lat' dir='ltr'><strong>conclusum</strong></span> <span class='ocrx_word' id='word_1_230' title='bbox 887 3151 929 3212; x_wconf 92' lang='lat' dir='ltr'><strong>sit</strong></span> <span class='ocrx_word' id='word_1_231' title='bbox 950 3149 1105 3220; x_wconf 83' lang='lat' dir='ltr'><strong>materiae,</strong></span> <span class='ocrx_word' id='word_1_232' title='bbox 1130 3157 1273 3230; x_wconf 84' lang='lat' dir='ltr'><strong>quantum</strong></span> <span class='ocrx_word' id='word_1_233' title='bbox 1296 3149 1326 3212; x_wconf 91' lang='lat' dir='ltr'><strong>iu</strong></span> <span class='ocrx_word' id='word_1_234' title='bbox 1350 3157 1419 3212; x_wconf 84' lang='lat' dir='ltr'><strong>tota</strong></span> <span class='ocrx_word' id='word_1_235' title='bbox 1440 3169 1515 3212; x_wconf 87' lang='lat' dir='ltr'><strong>aura</strong></span> 
     </span>
     <span class='ocr_line' id='line_1_28' title="bbox 154 3236 1515 3319; baseline 0.001 -21"><span class='ocrx_word' id='word_1_236' title='bbox 154 3237 300 3298; x_wconf 89' lang='lat' dir='ltr'><strong>aetherea</strong></span> <span class='ocrx_word' id='word_1_237' title='bbox 331 3254 387 3315; x_wconf 88' lang='lat' dir='ltr'><strong>per</strong></span> <span class='ocrx_word' id='word_1_238' title='bbox 413 3237 558 3300; x_wconf 83' lang='lat' dir='ltr'><strong>indultam</strong></span> <span class='ocrx_word' id='word_1_239' title='bbox 587 3236 650 3300; x_wconf 91' lang='lat' dir='ltr'><strong>lere</strong></span> <span class='ocrx_word' id='word_1_240' title='bbox 678 3239 793 3300; x_wconf 87' lang='lat' dir='ltr'><strong>solidae</strong></span> <span class='ocrx_word' id='word_1_241' title='bbox 822 3239 970 3319; x_wconf 89' lang='lat' dir='ltr'><strong>sphaerae</strong></span> <span class='ocrx_word' id='word_1_242' title='bbox 1003 3240 1172 3302; x_wconf 85' lang='lat' dir='ltr'><strong>mundanae</strong></span> <span class='ocrx_word' id='word_1_243' title='bbox 1209 3238 1436 3318; x_wconf 85' lang='lat' dir='ltr'><strong>amplitudinem</strong></span> <span class='ocrx_word' id='word_1_244' title='bbox 1465 3247 1515 3300; x_wconf 87' lang='lat' dir='ltr'><strong>est</strong></span> 
     </span>
     <span class='ocr_line' id='line_1_29' title="bbox 153 3326 335 3405; baseline 0 -19"><span class='ocrx_word' id='word_1_245' title='bbox 153 3326 335 3405; x_wconf 86' lang='lat' dir='ltr'><strong>dispersum.</strong></span> 
     </span>
    </p>

    <p class='ocr_par' dir='ltr' id='par_1_9' title="bbox 153 3413 1513 4293">
     <span class='ocr_line' id='line_1_30' title="bbox 242 3413 1513 3498; baseline 0 -22"><span class='ocrx_word' id='word_1_246' title='bbox 242 3413 322 3476; x_wconf 84' lang='lat' dir='ltr'><strong>Esse</strong></span> <span class='ocrx_word' id='word_1_247' title='bbox 346 3419 447 3475; x_wconf 89' lang='lat' dir='ltr'><strong>autem</strong></span> <span class='ocrx_word' id='word_1_248' title='bbox 471 3413 652 3476; x_wconf 85' lang='lat' dir='ltr'><strong>densitatem</strong></span> <span class='ocrx_word' id='word_1_249' title='bbox 676 3413 764 3494; x_wconf 80' lang='lat' dir='ltr'><strong>hrrjus</strong></span> <span class='ocrx_word' id='word_1_250' title='bbox 795 3415 929 3495; x_wconf 87' lang='lat' dir='ltr'><strong>corporis</strong></span> <span class='ocrx_word' id='word_1_251' title='bbox 960 3415 992 3476; x_wconf 90' lang='lat' dir='ltr'><strong>in</strong></span> <span class='ocrx_word' id='word_1_252' title='bbox 1021 3432 1136 3478; x_wconf 89' lang='lat' dir='ltr'><strong>summo</strong></span> <span class='ocrx_word' id='word_1_253' title='bbox 1160 3415 1264 3498; x_wconf 88' lang='lat' dir='ltr'><strong>gradu,</strong></span> <span class='ocrx_word' id='word_1_254' title='bbox 1295 3416 1421 3496; x_wconf 89' lang='lat' dir='ltr'><strong>requirit</strong></span> <span class='ocrx_word' id='word_1_255' title='bbox 1447 3416 1513 3495; x_wconf 86' lang='lat' dir='ltr'><strong>ejus</strong></span> 
     </span>
     <span class='ocr_line' id='line_1_31' title="bbox 153 3499 1513 3584; baseline 0.001 -19"><span class='ocrx_word' id='word_1_256' title='bbox 153 3503 307 3566; x_wconf 87' lang='lat' dir='ltr'><strong>calorifica</strong></span> <span class='ocrx_word' id='word_1_257' title='bbox 331 3501 377 3562; x_wconf 93' lang='lat' dir='ltr'><strong>vis</strong></span> <span class='ocrx_word' id='word_1_258' title='bbox 400 3509 462 3564; x_wconf 88' lang='lat' dir='ltr'><strong>tam</strong></span> <span class='ocrx_word' id='word_1_259' title='bbox 486 3503 565 3564; x_wconf 87' lang='lat' dir='ltr'><strong>acris</strong></span> <span class='ocrx_word' id='word_1_260' title='bbox 585 3511 706 3583; x_wconf 87' lang='lat' dir='ltr'><strong>tamque</strong></span> <span class='ocrx_word' id='word_1_261' title='bbox 731 3504 819 3583; x_wconf 90' lang='lat' dir='ltr'><strong>longe</strong></span> <span class='ocrx_word' id='word_1_262' title='bbox 834 3511 984 3584; x_wconf 85' lang='lat' dir='ltr'><strong>porrecta.</strong></span> <span class='ocrx_word' id='word_1_263' title='bbox 1015 3501 1095 3566; x_wconf 85' lang='lat' dir='ltr'><strong>Nam</strong></span> <span class='ocrx_word' id='word_1_264' title='bbox 1120 3499 1241 3566; x_wconf 89' lang='lat' dir='ltr'><strong>silicet</strong></span> <span class='ocrx_word' id='word_1_265' title='bbox 1264 3504 1402 3583; x_wconf 81' lang='lat' dir='ltr'><strong>exempla</strong></span> <span class='ocrx_word' id='word_1_266' title='bbox 1416 3523 1513 3566; x_wconf 89' lang='lat' dir='ltr'><strong>rerum</strong></span> 
     </span>
     <span class='ocr_line' id='line_1_32' title="bbox 153 3591 1513 3673; baseline 0 -19"><span class='ocrx_word' id='word_1_267' title='bbox 153 3592 358 3654; x_wconf 87' lang='lat' dir='ltr'><strong>sublunarinm</strong></span> <span class='ocrx_word' id='word_1_268' title='bbox 383 3591 608 3654; x_wconf 88' lang='lat' dir='ltr'><strong>accommodare</strong></span> <span class='ocrx_word' id='word_1_269' title='bbox 644 3592 827 3656; x_wconf 88' lang='lat' dir='ltr'><strong>coelestibus</strong></span> <span class='ocrx_word' id='word_1_270' title='bbox 858 3595 907 3666; x_wconf 89' lang='lat' dir='ltr'><strong>(ut</strong></span> <span class='ocrx_word' id='word_1_271' title='bbox 940 3600 1042 3656; x_wconf 83' lang='lat' dir='ltr'><strong>aulem</strong></span> <span class='ocrx_word' id='word_1_272' title='bbox 1069 3593 1184 3668; x_wconf 83' lang='lat' dir='ltr'><strong>liceret,</strong></span> <span class='ocrx_word' id='word_1_273' title='bbox 1209 3593 1274 3673; x_wconf 80' lang='lat' dir='ltr'><strong>jan</strong></span> <span class='ocrx_word' id='word_1_274' title='bbox 1297 3593 1385 3656; x_wconf 91' lang='lat' dir='ltr'><strong>modo</strong></span> <span class='ocrx_word' id='word_1_275' title='bbox 1409 3591 1513 3654; x_wconf 88' lang='lat' dir='ltr'><strong>Moses</strong></span> 
     </span>
     <span class='ocr_line' id='line_1_33' title="bbox 153 3679 1513 3763; baseline -0.001 -21"><span class='ocrx_word' id='word_1_276' title='bbox 153 3680 269 3754; x_wconf 79' lang='lat' dir='ltr'><strong>edocit,</strong></span> <span class='ocrx_word' id='word_1_277' title='bbox 302 3680 352 3759; x_wconf 92' lang='lat' dir='ltr'><strong>qui</strong></span> <span class='ocrx_word' id='word_1_278' title='bbox 376 3679 501 3740; x_wconf 88' lang='lat' dir='ltr'><strong>eandem</strong></span> <span class='ocrx_word' id='word_1_279' title='bbox 529 3679 665 3742; x_wconf 88' lang='lat' dir='ltr'><strong>omuibus</strong></span> <span class='ocrx_word' id='word_1_280' title='bbox 689 3682 848 3743; x_wconf 86' lang='lat' dir='ltr'><strong>materiam</strong></span> <span class='ocrx_word' id='word_1_281' title='bbox 872 3681 1040 3756; x_wconf 86' lang='lat' dir='ltr'><strong>ostendit),</strong></span> <span class='ocrx_word' id='word_1_282' title='bbox 1065 3681 1200 3763; x_wconf 88' lang='lat' dir='ltr'><strong>equidem</strong></span> <span class='ocrx_word' id='word_1_283' title='bbox 1232 3680 1412 3759; x_wconf 88' lang='lat' dir='ltr'><strong>ignitorum,</strong></span> <span class='ocrx_word' id='word_1_284' title='bbox 1437 3698 1513 3759; x_wconf 89' lang='lat' dir='ltr'><strong>qnae</strong></span> 
     </span>
     <span class='ocr_line' id='line_1_34' title="bbox 153 3767 1512 3850; baseline -0.001 -20"><span class='ocrx_word' id='word_1_285' title='bbox 153 3777 223 3830; x_wconf 90' lang='lat' dir='ltr'><strong>snut</strong></span> <span class='ocrx_word' id='word_1_286' title='bbox 247 3768 384 3848; x_wconf 87' lang='lat' dir='ltr'><strong>ejusdem</strong></span> <span class='ocrx_word' id='word_1_287' title='bbox 408 3768 600 3848; x_wconf 86' lang='lat' dir='ltr'><strong>quantitatis,</strong></span> <span class='ocrx_word' id='word_1_288' title='bbox 632 3777 718 3832; x_wconf 87' lang='lat' dir='ltr'><strong>tento</strong></span> <span class='ocrx_word' id='word_1_289' title='bbox 746 3767 893 3850; x_wconf 89' lang='lat' dir='ltr'><strong>quidlibet</strong></span> <span class='ocrx_word' id='word_1_290' title='bbox 917 3770 1078 3832; x_wconf 86' lang='lat' dir='ltr'><strong>violentius</strong></span> <span class='ocrx_word' id='word_1_291' title='bbox 1110 3771 1171 3832; x_wconf 90' lang='lat' dir='ltr'><strong>un&#39;t</strong></span> <span class='ocrx_word' id='word_1_292' title='bbox 1193 3777 1225 3830; x_wconf 89' lang='lat' dir='ltr'><strong>et</strong></span> <span class='ocrx_word' id='word_1_293' title='bbox 1248 3768 1375 3848; x_wconf 89' lang='lat' dir='ltr'><strong>longius,</strong></span> <span class='ocrx_word' id='word_1_294' title='bbox 1401 3776 1512 3848; x_wconf 87' lang='lat' dir='ltr'><strong>quanto</strong></span> 
     </span>
     <span class='ocr_line' id='line_1_35' title="bbox 153 3856 1511 3938; baseline 0 -20"><span class='ocrx_word' id='word_1_295' title='bbox 153 3857 298 3920; x_wconf 87' lang='lat' dir='ltr'><strong>densius:</strong></span> <span class='ocrx_word' id='word_1_296' title='bbox 336 3857 406 3936; x_wconf 86' lang='lat' dir='ltr'><strong>plus</strong></span> <span class='ocrx_word' id='word_1_297' title='bbox 436 3856 526 3918; x_wconf 85' lang='lat' dir='ltr'><strong>carbo</strong></span> <span class='ocrx_word' id='word_1_298' title='bbox 558 3876 650 3936; x_wconf 87' lang='lat' dir='ltr'><strong>quern</strong></span> <span class='ocrx_word' id='word_1_299' title='bbox 685 3857 823 3930; x_wconf 83' lang='lat' dir='ltr'><strong>flamma,</strong></span> <span class='ocrx_word' id='word_1_300' title='bbox 861 3859 929 3938; x_wconf 91' lang='lat' dir='ltr'><strong>plus</strong></span> <span class='ocrx_word' id='word_1_301' title='bbox 969 3859 1078 3921; x_wconf 86' lang='lat' dir='ltr'><strong>ferrum</strong></span> <span class='ocrx_word' id='word_1_302' title='bbox 1116 3856 1248 3920; x_wconf 88' lang='lat' dir='ltr'><strong>caudens</strong></span> <span class='ocrx_word' id='word_1_303' title='bbox 1285 3875 1373 3937; x_wconf 88' lang='lat' dir='ltr'><strong>quam</strong></span> <span class='ocrx_word' id='word_1_304' title='bbox 1409 3856 1511 3918; x_wconf 85' lang='lat' dir='ltr'><strong>carbo.</strong></span> 
     </span>
     <span class='ocr_line' id='line_1_36' title="bbox 153 3943 1511 4028; baseline -0.001 -20"><span class='ocrx_word' id='word_1_305' title='bbox 153 3944 304 4016; x_wconf 74' lang='lat' dir='ltr'><strong>Qucmm</strong></span> <span class='ocrx_word' id='word_1_306' title='bbox 342 3943 506 4024; x_wconf 85' lang='lat' dir='ltr'><strong>respiciens</strong></span> <span class='ocrx_word' id='word_1_307' title='bbox 543 3946 663 4026; x_wconf 84' lang='lat' dir='ltr'><strong>quidam</strong></span> <span class='ocrx_word' id='word_1_308' title='bbox 700 3955 834 4010; x_wconf 88' lang='lat' dir='ltr'><strong>veterum</strong></span> <span class='ocrx_word' id='word_1_309' title='bbox 871 3947 1131 4028; x_wconf 87' lang='lat' dir='ltr'><strong>philosophorum,</strong></span> <span class='ocrx_word' id='word_1_310' title='bbox 1169 3952 1204 4006; x_wconf 89' lang='lat' dir='ltr'><strong>ut</strong></span> <span class='ocrx_word' id='word_1_311' title='bbox 1235 3952 1284 4006; x_wconf 89' lang='lat' dir='ltr'><strong>est</strong></span> <span class='ocrx_word' id='word_1_312' title='bbox 1316 3945 1345 4006; x_wconf 92' lang='lat' dir='ltr'><strong>iu</strong></span> <span class='ocrx_word' id='word_1_313' title='bbox 1374 3943 1511 4024; x_wconf 85' lang='lat' dir='ltr'><strong>Diogene</strong></span> 
     </span>
     <span class='ocr_line' id='line_1_37' title="bbox 156 4031 1512 4116; baseline -0.001 -20"><span class='ocrx_word' id='word_1_314' title='bbox 156 4034 288 4109; x_wconf 74' lang='lat' dir='ltr'><strong>Laertio,</strong></span> <span class='ocrx_word' id='word_1_315' title='bbox 314 4053 375 4097; x_wconf 89' lang='lat' dir='ltr'><strong>uon</strong></span> <span class='ocrx_word' id='word_1_316' title='bbox 398 4043 462 4098; x_wconf 81' lang='lat' dir='ltr'><strong>tam</strong></span> <span class='ocrx_word' id='word_1_317' title='bbox 486 4034 616 4097; x_wconf 86' lang='lat' dir='ltr'><strong>absurde</strong></span> <span class='ocrx_word' id='word_1_318' title='bbox 641 4036 758 4099; x_wconf 86' lang='lat' dir='ltr'><strong>locutus</strong></span> <span class='ocrx_word' id='word_1_319' title='bbox 782 4055 870 4116; x_wconf 88' lang='lat' dir='ltr'><strong>quum</strong></span> <span class='ocrx_word' id='word_1_320' title='bbox 884 4036 985 4116; x_wconf 88' lang='lat' dir='ltr'><strong>inique</strong></span> <span class='ocrx_word' id='word_1_321' title='bbox 999 4041 1144 4113; x_wconf 86' lang='lat' dir='ltr'><strong>exceptus</strong></span> <span class='ocrx_word' id='word_1_322' title='bbox 1168 4041 1226 4108; x_wconf 87' lang='lat' dir='ltr'><strong>est,</strong></span> <span class='ocrx_word' id='word_1_323' title='bbox 1252 4031 1354 4096; x_wconf 87' lang='lat' dir='ltr'><strong>Solem</strong></span> <span class='ocrx_word' id='word_1_324' title='bbox 1371 4039 1512 4094; x_wconf 88' lang='lat' dir='ltr'><strong>statuens</strong></span> 
     </span>
     <span class='ocr_line' id='line_1_38' title="bbox 153 4120 1510 4204; baseline -0.001 -20"><span class='ocrx_word' id='word_1_325' title='bbox 153 4141 219 4185; x_wconf 85' lang='lat' dir='ltr'><strong>esse</strong></span> <span class='ocrx_word' id='word_1_326' title='bbox 244 4124 427 4185; x_wconf 86' lang='lat' dir='ltr'><strong>candentem</strong></span> <span class='ocrx_word' id='word_1_327' title='bbox 450 4123 589 4204; x_wconf 88' lang='lat' dir='ltr'><strong>lapidem.</strong></span> <span class='ocrx_word' id='word_1_328' title='bbox 635 4124 704 4186; x_wconf 86' lang='lat' dir='ltr'><strong>Non</strong></span> <span class='ocrx_word' id='word_1_329' title='bbox 729 4125 884 4186; x_wconf 87' lang='lat' dir='ltr'><strong>metuebat</strong></span> <span class='ocrx_word' id='word_1_330' title='bbox 905 4120 957 4186; x_wconf 91' lang='lat' dir='ltr'><strong>ille</strong></span> <span class='ocrx_word' id='word_1_331' title='bbox 981 4123 1098 4186; x_wconf 88' lang='lat' dir='ltr'><strong>scilicet</strong></span> <span class='ocrx_word' id='word_1_332' title='bbox 1120 4141 1186 4184; x_wconf 88' lang='lat' dir='ltr'><strong>cum</strong></span> <span class='ocrx_word' id='word_1_333' title='bbox 1209 4122 1396 4193; x_wconf 84' lang='lat' dir='ltr'><strong>Aristotele,</strong></span> <span class='ocrx_word' id='word_1_334' title='bbox 1420 4138 1456 4181; x_wconf 91' lang='lat' dir='ltr'><strong>ne</strong></span> <span class='ocrx_word' id='word_1_335' title='bbox 1480 4122 1510 4182; x_wconf 93' lang='lat' dir='ltr'><strong>in</strong></span> 
     </span>
     <span class='ocr_line' id='line_1_39' title="bbox 154 4207 1511 4293; baseline -0.003 -20"><span class='ocrx_word' id='word_1_336' title='bbox 154 4213 275 4276; x_wconf 79' lang='lat' dir='ltr'><strong>‘l’erram</strong></span> <span class='ocrx_word' id='word_1_337' title='bbox 290 4210 471 4293; x_wconf 87' lang='lat' dir='ltr'><strong>procideret,</strong></span> <span class='ocrx_word' id='word_1_338' title='bbox 495 4212 521 4273; x_wconf 92' lang='lat' dir='ltr'><strong>si</strong></span> <span class='ocrx_word' id='word_1_339' title='bbox 544 4212 622 4293; x_wconf 88' lang='lat' dir='ltr'><strong>lapis</strong></span> <span class='ocrx_word' id='word_1_340' title='bbox 637 4221 734 4276; x_wconf 87' lang='lat' dir='ltr'><strong>esset:</strong></span> <span class='ocrx_word' id='word_1_341' title='bbox 759 4213 839 4292; x_wconf 91' lang='lat' dir='ltr'><strong>quod</strong></span> <span class='ocrx_word' id='word_1_342' title='bbox 858 4231 896 4276; x_wconf 84' lang='lat' dir='ltr'><strong>au</strong></span> <span class='ocrx_word' id='word_1_343' title='bbox 921 4221 1003 4274; x_wconf 87' lang='lat' dir='ltr'><strong>recte</strong></span> <span class='ocrx_word' id='word_1_344' title='bbox 1019 4210 1133 4286; x_wconf 85' lang='lat' dir='ltr'><strong>iecerit,</strong></span> <span class='ocrx_word' id='word_1_345' title='bbox 1158 4229 1196 4271; x_wconf 88' lang='lat' dir='ltr'><strong>ex</strong></span> <span class='ocrx_word' id='word_1_346' title='bbox 1211 4208 1342 4272; x_wconf 90' lang='lat' dir='ltr'><strong>Gilberti</strong></span> <span class='ocrx_word' id='word_1_347' title='bbox 1358 4207 1511 4271; x_wconf 89' lang='lat' dir='ltr'><strong>Guilielmi</strong></span> 
     </span>
    </p>
   </div>
   <div class='ocr_carea' id='block_1_9' title="bbox 137 4431 1546 4906">
    <p class='ocr_par' dir='ltr' id='par_1_10' title="bbox 137 4431 1546 4906">
     <span class='ocr_line' id='line_1_40' title="bbox 152 4431 1511 4500; baseline -0.01 -2"><span class='ocrx_word' id='word_1_348' title='bbox 152 4441 235 4498; x_wconf 85' lang='lat' dir='ltr'><strong>locum</strong></span> <span class='ocrx_word' id='word_1_349' title='bbox 266 4437 454 4496; x_wconf 82' lang='lat' dir='ltr'><strong>radiationenr</strong></span> <span class='ocrx_word' id='word_1_350' title='bbox 485 4437 579 4490; x_wconf 81' lang='lat' dir='ltr'><strong>clerae</strong></span> <span class='ocrx_word' id='word_1_351' title='bbox 610 4435 710 4490; x_wconf 82' lang='lat' dir='ltr'><strong>stellae</strong></span> <span class='ocrx_word' id='word_1_352' title='bbox 737 4435 899 4500; x_wconf 81' lang='lat' dir='ltr'><strong>lateralem,</strong></span> <span class='ocrx_word' id='word_1_353' title='bbox 931 4444 961 4490; x_wconf 88' lang='lat' dir='ltr'><strong>et</strong></span> <span class='ocrx_word' id='word_1_354' title='bbox 985 4433 1058 4488; x_wconf 79' lang='lat' dir='ltr'><strong>circa</strong></span> <span class='ocrx_word' id='word_1_355' title='bbox 1082 4433 1143 4487; x_wconf 88' lang='lat' dir='ltr'><strong>coni</strong></span> <span class='ocrx_word' id='word_1_356' title='bbox 1171 4449 1252 4488; x_wconf 73' lang='lat' dir='ltr'><strong>uem</strong></span> <span class='ocrx_word' id='word_1_357' title='bbox 1273 4433 1301 4487; x_wconf 90' lang='lat' dir='ltr'><strong>in</strong></span> <span class='ocrx_word' id='word_1_358' title='bbox 1329 4432 1420 4486; x_wconf 81' lang='lat' dir='ltr'><strong>alieno</strong></span> <span class='ocrx_word' id='word_1_359' title='bbox 1450 4431 1511 4485; x_wconf 83' lang='lat' dir='ltr'><strong>loce</strong></span> 
     </span>
     <span class='ocr_line' id='line_1_41' title="bbox 151 4513 1511 4610; baseline -0.009 -34"><span class='ocrx_word' id='word_1_360' title='bbox 151 4533 320 4596; x_wconf 74' lang='lat' dir='ltr'><strong>regentem:</strong></span> <span class='ocrx_word' id='word_1_361' title='bbox 348 4518 422 4610; x_wconf 78' lang='lat' dir='ltr'><strong>qued</strong></span> <span class='ocrx_word' id='word_1_362' title='bbox 444 4523 523 4570; x_wconf 88' lang='lat' dir='ltr'><strong>tento</strong></span> <span class='ocrx_word' id='word_1_363' title='bbox 544 4516 653 4570; x_wconf 76' lang='lat' dir='ltr'><strong>facilius</strong></span> <span class='ocrx_word' id='word_1_364' title='bbox 673 4522 779 4585; x_wconf 83' lang='lat' dir='ltr'><strong>potest,</strong></span> <span class='ocrx_word' id='word_1_365' title='bbox 809 4519 879 4588; x_wconf 90' lang='lat' dir='ltr'><strong>quod</strong></span> <span class='ocrx_word' id='word_1_366' title='bbox 901 4518 971 4570; x_wconf 87' lang='lat' dir='ltr'><strong>baec</strong></span> <span class='ocrx_word' id='word_1_367' title='bbox 990 4514 1110 4568; x_wconf 81' lang='lat' dir='ltr'><strong>radiatio</strong></span> <span class='ocrx_word' id='word_1_368' title='bbox 1133 4513 1193 4581; x_wconf 86' lang='lat' dir='ltr'><strong>jam</strong></span> <span class='ocrx_word' id='word_1_369' title='bbox 1214 4513 1362 4567; x_wconf 80' lang='lat' dir='ltr'><strong>debilitata</strong></span> <span class='ocrx_word' id='word_1_370' title='bbox 1383 4518 1428 4565; x_wconf 85' lang='lat' dir='ltr'><strong>est</strong></span> <span class='ocrx_word' id='word_1_371' title='bbox 1447 4529 1511 4565; x_wconf 88' lang='lat' dir='ltr'><strong>con·</strong></span> 
     </span>
     <span class='ocr_line' id='line_1_42' title="bbox 147 4597 1546 4750; baseline -0.01 -10"><span class='ocrx_word' id='word_1_372' title='bbox 147 4607 291 4739; x_wconf 55' lang='lat' dir='ltr'><strong>mehgi</strong></span> <span class='ocrx_word' id='word_1_373' title='bbox 308 4597 646 4748; x_wconf 41' lang='lat' dir='ltr'><strong>&amp;glinnemonensis</strong></span> <span class='ocrx_word' id='word_1_374' title='bbox 674 4675 858 4750; x_wconf 78' lang='lat' dir='ltr'><strong>intelligente</strong></span> <span class='ocrx_word' id='word_1_375' title='bbox 876 4679 912 4731; x_wconf 84' lang='lat' dir='ltr'><strong>de</strong></span> <span class='ocrx_word' id='word_1_376' title='bbox 931 4676 1020 4747; x_wconf 84' lang='lat' dir='ltr'><strong>primo</strong></span> <span class='ocrx_word' id='word_1_377' title='bbox 1041 4685 1159 4730; x_wconf 75' lang='lat' dir='ltr'><strong>amores</strong></span> <span class='ocrx_word' id='word_1_378' title='bbox 1178 4676 1293 4736; x_wconf 76' lang='lat' dir='ltr'><strong>exortu,</strong></span> <span class='ocrx_word' id='word_1_379' title='bbox 1315 4683 1375 4726; x_wconf 79' lang='lat' dir='ltr'><strong>mm</strong></span> <span class='ocrx_word' id='word_1_380' title='bbox 1395 4677 1441 4726; x_wconf 81' lang='lat' dir='ltr'><strong>est</strong></span> <span class='ocrx_word' id='word_1_381' title='bbox 1460 4671 1511 4726; x_wconf 75' lang='lat' dir='ltr'><strong>lu</strong></span> <span class='ocrx_word' id='word_1_382' title='bbox 1543 4709 1546 4714; x_wconf 84' lang='lat'>-</span> 
     </span>
     <span class='ocr_line' id='line_1_43' title="bbox 139 4751 1511 4830; baseline -0.015 -7"><span class='ocrx_word' id='word_1_383' title='bbox 139 4767 233 4830; x_wconf 83' lang='lat' dir='ltr'><strong>dubia,</strong></span> <span class='ocrx_word' id='word_1_384' title='bbox 256 4777 317 4819; x_wconf 90' lang='lat' dir='ltr'><strong>non</strong></span> <span class='ocrx_word' id='word_1_385' title='bbox 340 4760 376 4812; x_wconf 88' lang='lat' dir='ltr'><strong>de</strong></span> <span class='ocrx_word' id='word_1_386' title='bbox 398 4757 493 4826; x_wconf 85' lang='lat' dir='ltr'><strong>plene.</strong></span> <span class='ocrx_word' id='word_1_387' title='bbox 533 4758 604 4812; x_wconf 74' lang='lat' dir='ltr'><strong>Nem</strong></span> <span class='ocrx_word' id='word_1_388' title='bbox 626 4771 662 4809; x_wconf 83' lang='lat' dir='ltr'><strong>ee</strong></span> <span class='ocrx_word' id='word_1_389' title='bbox 678 4755 739 4826; x_wconf 80' lang='lat' dir='ltr'><strong>jem</strong></span> <span class='ocrx_word' id='word_1_390' title='bbox 759 4760 842 4827; x_wconf 83' lang='lat' dir='ltr'><strong>plene</strong></span> <span class='ocrx_word' id='word_1_391' title='bbox 869 4758 955 4811; x_wconf 78' lang='lat' dir='ltr'><strong>vincit</strong></span> <span class='ocrx_word' id='word_1_392' title='bbox 975 4757 1083 4812; x_wconf 83' lang='lat' dir='ltr'><strong>sidera:</strong></span> <span class='ocrx_word' id='word_1_393' title='bbox 1110 4753 1333 4822; x_wconf 79' lang='lat' dir='ltr'><strong>quemadmodum</strong></span> <span class='ocrx_word' id='word_1_394' title='bbox 1354 4752 1439 4806; x_wconf 80' lang='lat' dir='ltr'><strong>edam</strong></span> <span class='ocrx_word' id='word_1_395' title='bbox 1459 4751 1511 4804; x_wconf 86' lang='lat' dir='ltr'><strong>illa</strong></span> 
     </span>
     <span class='ocr_line' id='line_1_44' title="bbox 137 4832 1496 4906; baseline -0.007 -12"><span class='ocrx_word' id='word_1_396' title='bbox 137 4849 257 4905; x_wconf 65' lang='lat' dir='ltr'><strong>duim</strong></span> <span class='ocrx_word' id='word_1_397' title='bbox 281 4839 372 4901; x_wconf 73' lang='lat' dir='ltr'><strong>aeris,</strong></span> <span class='ocrx_word' id='word_1_398' title='bbox 395 4851 468 4906; x_wconf 79' lang='lat' dir='ltr'><strong>quae</strong></span> <span class='ocrx_word' id='word_1_399' title='bbox 489 4843 534 4890; x_wconf 87' lang='lat' dir='ltr'><strong>est</strong></span> <span class='ocrx_word' id='word_1_400' title='bbox 553 4843 635 4890; x_wconf 87' lang='lat' dir='ltr'><strong>noctu</strong></span> <span class='ocrx_word' id='word_1_401' title='bbox 656 4851 675 4890; x_wconf 82' lang='lat' dir='ltr'><strong>e</strong></span> <span class='ocrx_word' id='word_1_402' title='bbox 693 4836 781 4902; x_wconf 82' lang='lat' dir='ltr'><strong>Lunn,</strong></span> <span class='ocrx_word' id='word_1_403' title='bbox 805 4843 897 4892; x_wconf 74' lang='lat' dir='ltr'><strong>adrem</strong></span> <span class='ocrx_word' id='word_1_404' title='bbox 919 4855 956 4890; x_wconf 83' lang='lat' dir='ltr'><strong>ex</strong></span> <span class='ocrx_word' id='word_1_405' title='bbox 977 4837 1036 4889; x_wconf 85' lang='lat' dir='ltr'><strong>alto</strong></span> <span class='ocrx_word' id='word_1_406' title='bbox 1057 4833 1139 4903; x_wconf 89' lang='lat' dir='ltr'><strong>pleno</strong></span> <span class='ocrx_word' id='word_1_407' title='bbox 1161 4833 1227 4885; x_wconf 87' lang='lat' dir='ltr'><strong>orbs</strong></span> <span class='ocrx_word' id='word_1_408' title='bbox 1248 4832 1413 4890; x_wconf 79' lang='lat' dir='ltr'><strong>illustrante</strong></span> <span class='ocrx_word' id='word_1_409' title='bbox 1490 4889 1496 4896; x_wconf 59' lang='grc'><strong>,</strong></span> 
     </span>
    </p>
   </div>
   <div class='ocr_carea' id='block_1_10' title="bbox 0 0 1840 5528">
    <p class='ocr_par' dir='ltr' id='par_1_11' title="bbox 0 0 1840 5528">
     <span class='ocr_line' id='line_1_45' title="bbox 0 0 1840 5528; baseline 0 0"><span class='ocrx_word' id='word_1_410' title='bbox 0 0 1840 5528; x_wconf 95' lang='lat' dir='ltr'><strong> </strong></span> 
     </span>
    </p>
   </div>
  </div>
 </body>
</html>
