3674 5538
770 311 852 378 Ceret
869 309 901 366 n.
1282 379 1292 398 ,
1422 389 1426 394 ,
1450 305 1512 376 153

158 503 249 566 copus
282 482 534 562 Cameracensis,
569 487 693 550 aliorum
726 489 894 551 sententias
925 496 956 550 et
993 489 1071 551 iuter
1102 488 1158 550 has
1193 487 1291 568 ipsam
1324 487 1512 551 verissimam

160 593 290 646 causam,
314 575 395 654 quod
413 575 519 636 mirari
540 577 650 654 possis,
674 577 780 657 rejicit,
803 579 868 657 ipse
884 598 916 640 se
931 579 961 639 iu
982 578 1117 640 latebras
1137 597 1265 638 areanae
1287 577 1362 640 lucis
1386 583 1513 639 naturae

160 681 225 725 cum
248 663 418 726 Vitellione
449 664 556 743 recipit
579 664 646 737 (lib.
670 665 696 738 I,
719 686 804 747 prop.
830 665 875 740 5).
922 667 1143 740 Hartmaunus,
1173 665 1222 746 qui
1245 665 1389 727 Pisanum
1418 665 1514 728 edidit

160 761 192 812 et
214 751 508 814 demonstrationum
531 753 665 815 defectus
681 755 787 817 tollere
811 755 993 830 instituerat,
1018 753 1250 816 haesitationem
1268 755 1360 816 istam
1380 753 1512 835 reliquit.

160 839 227 901 Etsi
250 851 323 903 vero
346 839 478 902 Pisanus
501 840 594 903 verba
617 843 705 906 alleri
737 843 864 906 aliorum
892 842 997 922 quibus
1020 861 1094 904 vera
1121 861 1214 904 causa
1245 841 1433 922 explicatur:
1456 852 1514 916 alii,

161 928 306 1008 inquient,
333 947 478 994 assumunt
497 947 530 994 ut
550 957 663 996 causam
683 949 816 996 remotam
836 943 907 998 Solis
928 942 1134 1006 rotunditatem,
1156 941 1293 996 radiorum
1315 947 1408 996 autem
1428 942 1513 996 intur·
1540 951 1543 958 ’

161 1029 309 1084 sectionem
331 1037 363 1083 ut
386 1030 585 1100 propinquam:
615 1019 683 1100 ipsa
705 1029 806 1082 tamen
831 1021 1058 1090 demonstratio,
1072 1038 1169 1099 quam
1193 1018 1326 1099 proxime
1350 1018 1514 1097 subjungit,

162 1126 198 1168 ex
231 1108 394 1169 eorundem
426 1109 531 1186 procul
556 1108 644 1171 dubio
669 1117 824 1171 auctorum
851 1109 1002 1171 sententia
1034 1109 1194 1170 veritatem
1225 1125 1342 1169 rursum
1375 1107 1454 1186 tegit
1485 1114 1516 1167 et

166 1194 257 1257 alium
281 1195 383 1257 verbis
405 1196 488 1258 bisce
504 1193 629 1258 sensum
643 1197 757 1272 tribuit,
782 1216 870 1278 quarn
890 1196 1001 1259 habere
1024 1205 1159 1276 possunt
1196 1197 1280 1258 Idem
1302 1195 1516 1275 propemodum

166 1283 315 1346 accidisse
329 1283 492 1347 Aristoteli
511 1285 590 1347 credi
609 1293 720 1365 potest,
746 1285 794 1366 qui
809 1305 876 1348 cum
890 1285 920 1347 iu
944 1285 1139 1365 problematis
1163 1285 1298 1346 sectione
1316 1281 1364 1355 15,
1382 1302 1448 1361 cap.
1468 1279 1516 1346 10.

167 1373 376 1452 quaestionem
406 1372 564 1448 movisset,
589 1402 637 1439 cur
657 1387 680 1439 si
711 1385 862 1441 deficientis
884 1385 956 1440 Solis
986 1384 1057 1438 radii
1082 1401 1133 1454 per
1162 1383 1230 1437 folia
1258 1383 1367 1452 platani
1393 1387 1444 1436 aut
1469 1397 1518 1451 per

164 1461 329 1532 compositos
350 1463 378 1518 in
398 1470 585 1520 transversum
605 1481 701 1521 manus
726 1465 867 1537 utriusque
889 1464 990 1539 digitos
1012 1464 1171 1528 transirent,
1193 1464 1303 1517 lunulas
1318 1463 1346 1517 in
1359 1461 1517 1531 pavimento

164 1551 340 1622 effigiarent:
364 1559 467 1602 veram
491 1541 607 1621 quidem
631 1562 754 1604 causam
777 1545 880 1605 affert:
906 1553 1008 1616 Conon,
1033 1543 1178 1622 iuquiens,
1208 1553 1276 1606 duos
1311 1551 1459 1604 verticibus
1490 1547 1518 1600 iu
1613 1595 1621 1602 .

167 1630 301 1702 angustia
320 1631 449 1686 mnarum
471 1632 555 1695 coire,
578 1651 691 1704 quorum
713 1633 828 1688 alterius
849 1632 924 1687 basis
944 1633 973 1686 in
993 1633 1072 1695 Sole,
1099 1630 1214 1686 alterius
1236 1631 1263 1685 in
1291 1630 1451 1700 parimento
1472 1626 1517 1689 sit,

168 1711 263 1782 itaque
284 1727 398 1764 necesse
420 1729 481 1766 esse
495 1719 527 1765 ut
541 1711 604 1766 Sole
620 1730 638 1766 a
650 1713 792 1784 superiore
813 1720 895 1782 parte
910 1711 937 1767 in
952 1712 1070 1782 speciem
1090 1711 1229 1766 nascentis
1244 1711 1341 1765 Lunae
1363 1713 1518 1769 attenuato,

168 1801 262 1856 radius
285 1801 359 1856 infra
379 1817 397 1855 a
417 1807 498 1870 parte
519 1800 659 1854 contraria
680 1799 750 1855 idem
772 1801 907 1870 patiatur.
942 1792 987 1854 At
1009 1808 1076 1869 cap.
1100 1787 1129 1850 5.
1154 1808 1220 1850 oum
1243 1789 1298 1850 hoc
1322 1808 1360 1850 ex
1382 1786 1520 1867 professo
1572 1861 1574 1865 ,

168 1879 294 1959 quaerit,
319 1879 397 1958 quod
421 1897 487 1958 cap.
516 1875 566 1940 10.
590 1877 656 1940 loco
680 1878 819 1958 principii
842 1886 1009 1953 sumserat,
1031 1905 1080 1942 cur
1113 1888 1206 1942 radius
1236 1905 1288 1959 par
1325 1883 1520 1976 quadranginta

167 1978 308 2048 ingressus
330 1993 384 2032 uon
405 1977 599 2050 quadrangula
619 1980 666 2033 sed
687 1976 833 2031 circularia
853 1977 1006 2031 constituat
1026 1977 1178 2040 schemata,
1205 1985 1327 2028 causam
1354 1973 1466 2044 partlm
1490 1980 1519 2022 m

168 2056 249 2116 visus
274 2053 512 2118 imbecillitatem
539 2057 672 2130 confert,
697 2073 728 2122 ut
749 2067 795 2138 qui
813 2067 905 2122 radios
928 2085 990 2131 eos,
1013 2067 1107 2139 quiin
1129 2067 1247 2138 angulos
1277 2065 1417 2119 fenestrae
1444 2078 1520 2116 sece-

168 2147 242 2208 dunt,
264 2161 336 2216 prae
351 2146 480 2200 claritate
495 2163 597 2211 eorum,
619 2146 665 2218 qui
679 2146 794 2201 mediam
809 2149 1128 2211 fenestramtranseunt,
1145 2145 1375 2215 comprehendere
1389 2147 1520 2213 nequeat,

168 2222 279 2303 partim
301 2223 340 2284 ad
363 2223 460 2303 ipsam
484 2223 607 2288 visionis
632 2225 758 2286 formam
782 2234 937 2304 provocat,
962 2239 1033 2306 quod
1046 2237 1097 2290 hat
1109 2235 1179 2288 visio
1193 2239 1314 2288 exeunte
1329 2249 1397 2286 cono
1410 2229 1521 2285 radiosa

169 2339 206 2376 ex
226 2323 316 2385 neuin,
339 2321 418 2390 cuius
439 2321 514 2376 basis
535 2330 579 2377 est
600 2323 726 2378 circulus.
773 2311 842 2383 Qua
873 2313 1093 2394 impertinentia
1125 2331 1181 2376 nec
1210 2311 1239 2372 iu
1270 2309 1377 2390 opticis
1410 2324 1521 2388 appro-

169 2399 260 2460 batae
283 2417 395 2461 causae
418 2399 599 2479 allegatione
623 2401 766 2464 tenebras
791 2421 906 2464 rursum
930 2402 1046 2465 inducit
1059 2402 1129 2476 illis,
1155 2418 1231 2481 quae
1253 2418 1319 2479 cap.
1339 2395 1388 2461 10.
1414 2415 1452 2458 ex
1475 2395 1522 2456 his

170 2487 307 2562 deducit;
333 2487 408 2550 adeo
431 2496 467 2550 ut
484 2489 682 2551 Aristotelem
707 2508 762 2551 nec
782 2489 909 2552 'Vitellio
933 2509 987 2553 nec
1002 2489 1131 2552 Pisanus
1154 2507 1209 2550 nec
1233 2489 1390 2568 quisquam
1413 2491 1521 2565 poste-

170 2576 279 2638 riorum
310 2576 389 2656 quod
423 2577 514 2638 sciam
550 2578 744 2640 intellexerit.
801 2578 876 2640 Mihi
910 2587 981 2640 aute
1019 2595 1114 2641 anuos
1146 2576 1314 2656 complures
1347 2594 1384 2636 ex
1415 2571 1522 2636 'Pisani

170 2664 302 2727 tenebris
333 2663 434 2744 aliqua
456 2665 508 2729 lux
535 2665 658 2728 affulsit.
706 2664 782 2728 Cum
813 2667 892 2729 euim
922 2686 1042 2730 sensum
1075 2665 1231 2729 verborum
1255 2663 1331 2726 adeo
1364 2661 1522 2724 obscurum

170 2772 206 2813 ex
220 2752 375 2814 schemate
390 2752 421 2814 iu
435 2753 525 2832 plano
540 2755 791 2834 comprehendere
811 2757 983 2836 nequirem:
1009 2755 1129 2833 confugi
1149 2754 1187 2816 ad
1202 2751 1343 2826 αὖτοψιαν
1366 2751 1395 2813 in
1411 2749 1522 2811 solido.

174 2840 296 2902 Librum
321 2840 352 2902 in
375 2841 492 2902 sublimi
526 2843 633 2918 locavi,
666 2844 821 2923 quiesset
846 2845 913 2906 loco
946 2843 1075 2907 lucentis
1103 2842 1255 2922 corporis:
1288 2841 1366 2902 hnuc
1388 2839 1469 2901 inter
1492 2845 1524 2898 et

169 2929 375 3010 pavimentum
407 2929 555 3008 figebatur
585 2930 701 2994 tabella
733 2931 879 2994 foramine
912 2931 1119 3011 multangul03
1151 2931 1231 2993 filum
1265 2928 1372 2990 deinde
1400 2945 1439 2988 ex
1466 2941 1523 2986 uuo

170 3017 237 3081 mn
261 3016 372 3098 angulo
394 3035 449 3097 per
472 3019 605 3085 foramen
629 3019 659 3082 iu
687 3021 891 3100 pavimentum
923 3020 1085 3082 demissum
1108 3021 1152 3081 ita
1184 3017 1343 3080 incedebat
1369 3015 1400 3076 in
1433 3013 1522 3094 pavi-

169 3113 285 3179 mento,
313 3112 348 3168 ut
370 3105 515 3169 terminos
538 3108 694 3170 foraminis
718 3109 856 3184 raderet,
890 3109 975 3190 eujus
998 3108 1129 3186 vestigia
1157 3115 1241 3168 oreta
1272 3103 1432 3178 imitabar3
1465 3122 1525 3183 qua

169 3194 288 3256 ratione
319 3193 479 3258 creabatur
510 3197 606 3275 figura
639 3198 669 3258 in
702 3197 874 3278 pavimento
907 3197 1014 3259 similis
1048 3196 1196 3259 foramini.
1248 3195 1332 3258 Idem
1366 3191 1523 3256 accidebat

170 3301 287 3344 auuexo
311 3282 361 3344 filo
384 3302 423 3345 ex
446 3284 551 3359 altero,
576 3285 684 3358 tertio,
708 3292 814 3366 quarto
837 3285 906 3347 libri
940 3287 1048 3364 angulo
1073 3285 1207 3364 adeoque
1231 3302 1269 3344 ex
1292 3281 1417 3344 infinitis
1439 3298 1522 3343 mar-

168 3371 270 3452 ginum
292 3371 422 3451 punctis.
461 3372 567 3453 Itaque
590 3373 772 3436 infinitarum
791 3373 819 3434 iu
843 3375 1016 3453 pavimento
1041 3373 1194 3436 foraminis
1217 3373 1378 3452 figurarum
1403 3367 1524 3431 exilium

169 3459 263 3522 series
294 3459 497 3528 adumbrabat
527 3480 666 3541 maguam
691 3470 722 3523 et
746 3461 981 3542 quadrangulam
1014 3463 1081 3524 libri
1109 3463 1246 3542 liguram.
1292 3457 1399 3520 Patuit
1421 3457 1524 3536 itaque

168 3566 345 3612 concurrere
371 3549 410 3609 ad
432 3549 588 3628 problema
611 3551 875 3620 demonstrandum
899 3551 1115 3614 rotunditatem
1139 3568 1196 3612 nou
1221 3547 1298 3611 radii
1326 3546 1446 3621 visorii,
1471 3546 1524 3607 sed

170 3636 264 3717 ipsius
287 3634 382 3710 Solis,
407 3655 465 3699 nou
489 3637 560 3718 quia
581 3639 656 3701 haec
679 3638 901 3720 perfectissima
923 3640 965 3701 ait
987 3639 1096 3719 figura,
1121 3639 1175 3701 sed
1199 3637 1270 3719 quia
1297 3635 1373 3698 baec
1397 3633 1525 3697 lucentia

172 3723 308 3806 corporis
341 3725 439 3804 ligura
465 3726 507 3788 sit
536 3724 565 3788 in
598 3745 718 3806 genere.
764 3727 822 3790 Hic
854 3727 966 3808 primus
999 3736 1047 3790 est
1069 3729 1098 3789 iu
1132 3727 1188 3789 hoo
1222 3726 1323 3787 labore
1357 3739 1524 3799 successus.

172 3813 313 3876 Ceterum
344 3820 378 3874 et
397 3813 582 3876 Aristotelea
607 3826 639 3877 et
662 3817 687 3878 is
711 3835 797 3896 quern
821 3817 882 3878 dixi
908 3816 1037 3879 Pisanus
1061 3816 1100 3876 ad
1123 3815 1333 3876 enodationem
1357 3809 1526 3888 argumenti

171 3901 406 3982 pulcherrimum
437 3903 674 3983 experimentum
706 3906 851 3980 afferam,
887 3905 923 3968 de
957 3904 1040 3968 Solis
1073 3903 1239 3966 deficientis
1272 3901 1357 3962 radio
1390 3897 1529 3960 similiter

172 3990 349 4058 deficiente,
375 4009 440 4053 cum
465 3991 491 4053 is
514 4010 568 4071 per
591 4000 751 4072 angustum
777 3994 910 4056 foramen
940 3993 1099 4073 recipitur,
1134 3991 1322 4053 occasionem
1345 3986 1526 4061 Reiuholdo,

171 4077 314 4142 Gammae
350 4086 383 4140 et
413 4079 579 4141 Maestlino
610 4081 806 4161 Praeceptori
838 4101 905 4144 meo
939 4080 1196 4155 subministravit,
1214 4074 1257 4152 ¹²)
1281 4073 1527 4140 accommodandi

171 4169 325 4230 theorema
349 4167 390 4229 ad
413 4186 499 4230 usum
530 4188 588 4230 non
619 4169 716 4231 minus
743 4169 884 4232 nobilem.
930 4171 1009 4232 Nam
1034 4169 1063 4230 hi
1087 4189 1106 4228 a
1130 4187 1176 4230 me
1209 4165 1354 4229 nominati
1387 4171 1528 4225 auctores

170 4257 334 4320 docuerunt
364 4263 570 4330 echonomus,
605 4257 760 4337 eclipsium
784 4255 935 4322 Solarium
968 4257 1173 4339 quantitates,
1208 4255 1422 4318 diametrorum
1446 4248 1528 4313 Solis

169 4355 197 4407 et
218 4345 328 4408 Lunae
354 4345 564 4423 proportiones
588 4353 621 4408 et
643 4345 745 4408 circuli
768 4363 822 4426 per
845 4346 987 4408 luminum
1010 4353 1116 4408 centra
1145 4344 1266 4424 trajecti
1291 4343 1329 4404 ad
1354 4339 1529 4402 verticalem

168 4433 400 4506 inclinationes,
436 4432 513 4494 citra
547 4434 698 4497 oculorum
731 4434 872 4496 damnum
905 4435 1039 4515 citraque
1073 4451 1221 4508 errorem,
1256 4431 1305 4510 qui
1337 4430 1417 4492 solet
1448 4429 1529 4490 nuda

167 4521 382 4586 aestimatione
415 4521 579 4597 committi,
612 4521 723 4585 circino
757 4522 897 4585 dimetiri.
947 4522 998 4585 Ab
1027 4540 1062 4584 eo
1090 4522 1183 4602 igitur
1212 4528 1349 4599 tempore
1382 4525 1529 4600 quotquot

167 4609 290 4676 Solares
316 4609 452 4690 eclipses
476 4629 495 4671 a
522 4610 749 4690 praestantibus
783 4611 1006 4674 mathematicis
1039 4617 1203 4674 annotatae
1231 4619 1315 4682 sunt,
1349 4608 1437 4670 modo
1465 4606 1529 4701 jam

165 4700 242 4764 dicto
268 4699 458 4762 observatas
477 4717 546 4760 essa
569 4698 732 4762 verisimile
754 4708 821 4762 est:
847 4719 912 4762 cum
935 4707 1057 4779 praeter
1078 4698 1156 4760 haue
1174 4698 1258 4760 nulla
1283 4695 1346 4760 alia
1369 4702 1454 4758 certa
1475 4694 1528 4768 rei,

165 4809 238 4872 quae
262 4789 296 4852 in
322 4786 412 4850 coelo
435 4785 478 4862 ht,
503 4788 672 4852 metiendae
695 4789 775 4851 ratio
797 4787 896 4870 possit
919 4786 1047 4850 institui.
