3652 5532
722 321 805 389 catut
821 319 899 374 xxn.
1239 365 1243 371 -
1298 268 1300 282 ¹
1421 321 1486 390 sea
1550 406 1553 412 ³

133 507 172 560 ab
193 509 311 579 utraque
337 503 435 576 spatiis
465 505 584 568 distans,
615 509 684 574 puta
709 503 795 574 paulo
815 503 878 573 plus
899 519 954 557 uuo
983 503 1082 574 gradu.
1122 501 1191 557 Post
1211 501 1281 557 haec
1300 509 1395 559 autern
1415 505 1486 560 haee

132 589 302 656 praecedens
323 601 394 640 aona
413 587 488 641 flexu
509 587 626 658 quodam
646 585 674 638 in
694 583 828 639 umentem
848 583 979 648 excurrit,
1001 582 1030 638 in
1050 582 1165 638 formam
1185 585 1320 654 segmenti
1342 585 1483 642 circularis

132 673 164 722 et
184 668 260 722 latus
288 667 456 738 praecedens
486 667 568 722 lactis
596 665 729 720 terminat
756 664 859 730 stella,
889 680 960 735 quae
990 669 1035 718 est
1059 661 1088 717 iu
1114 665 1214 718 dextro
1241 683 1315 737 genn
1338 666 1483 737 Ophiuchi,

131 763 252 818 sequens
272 763 338 802 raro
359 762 403 812 aa,
426 763 497 818 quae
518 753 563 802 est
582 746 611 800 in
631 747 727 800 eodem
747 744 862 815 poplite.
903 744 994 800 Stella
1013 759 1079 798 reru
1103 745 1270 815 praecedens
1292 764 1329 801 ex
1349 746 1390 811 iis,
1413 765 1485 820 quae
1573 745 1581 762 '

132 835 200 882 sunt
219 826 249 883 iu
268 835 395 882 extremo
415 827 539 898 ejusdem
558 827 645 898 pedis,
667 824 761 898 tangit
781 824 852 880 idem
871 825 956 880 latus.
992 825 1110 902 ¹Rursum
1134 825 1306 894 procedendo
1333 829 1485 900 marginem

130 907 333 964 occidentalem
357 908 524 964 determinat
548 907 645 972 stella,
672 921 742 977 quae
769 906 820 960 sub
846 906 945 959 dextro
970 903 1074 960 cubito.
1117 904 1285 961 orientalem
1309 924 1376 962 reru
1401 910 1486 964 stella

129 991 303 1060 praecedens
322 1006 360 1044 ex
380 989 423 1054 iis,
445 1006 516 1060 quae
536 987 565 1043 in
586 994 710 1043 extremo
732 1001 828 1040 manus
850 986 967 1040 dextrae
989 982 1036 1040 de.
1066 982 1115 1046 Ex
1134 981 1239 1064 quibus
1259 995 1395 1066 apparet,
1415 996 1485 1049 ten.

130 1078 203 1139 dere
227 1077 283 1140 hoc
306 1088 528 1158 resegmeutum
550 1075 617 1138 viae
642 1075 759 1138 lacteae
782 1071 861 1134 inter
885 1073 960 1133 duas
984 1071 1069 1154 quasi
1099 1069 1211 1146 lineas,
1239 1092 1362 1154 quarum
1387 1076 1487 1138 altera

129 1167 280 1229 adextro
311 1186 389 1246 genu
419 1167 458 1229 ad
491 1166 628 1228 dextrum
658 1161 809 1236 cubitum,
840 1162 957 1242 reliqua
984 1181 1004 1223 a
1032 1161 1137 1222 dextro
1169 1162 1246 1265 pede
1277 1164 1315 1225 ad
1348 1164 1485 1228 dextram

128 1267 252 1318 manum
275 1255 403 1318 ducitur.
451 1256 514 1318 Aut
536 1253 629 1357 igitur
651 1252 680 1315 in
704 1251 801 1332 ipsam
825 1250 942 1313 lacteae
967 1249 1157 1313 latitudinem
1180 1237 1286 1314 incidit
1308 1250 1392 1315 locus
1417 1255 1485 1316 novi

129 1343 252 1414 sideris,
277 1353 331 1407 aut
344 1343 510 1424 marginem
531 1344 597 1424 ejus
617 1341 770 1404 sinistrum
794 1348 826 1402 et
840 1339 1017 1402 orientalem
1039 1339 1173 1419 proxime
1198 1339 1332 1421 attingit,
1357 1361 1485 1423 vergens

126 1451 237 1496 versus
264 1433 391 1496 alteram
421 1432 509 1496 laetis
538 1431 724 1512 portionem3
755 1427 798 1491 sic
822 1437 856 1491 ut
878 1427 908 1490 iu
930 1427 982 1491 illo
1006 1437 1134 1508 angusto
1163 1429 1258 1491 limite
1281 1430 1323 1492 sit
1346 1451 1484 1513 compre-

127 1522 252 1596 hensus,
278 1521 326 1603 qui
348 1523 428 1585 iuter
450 1530 607 1604 utrumque
627 1537 727 1582 arcum
751 1516 854 1581 limitis
878 1517 969 1580 lactei
988 1525 1022 1578 e‘o
1043 1518 1107 1581 loco
1133 1517 1293 1599 distinguit
1312 1539 1366 1582 eeu
1387 1522 1486 1584 insula

128 1611 210 1684 inter
234 1611 307 1673 duos
341 1610 423 1674 fluvii
456 1612 569 1673 alveos.
615 1611 722 1689 ltaque
754 1617 1007 1682 consentaneum,
1042 1608 1200 1669 materiam
1231 1627 1325 1670 novae
1355 1629 1423 1672 esse
1448 1630 1486 1672 ex

127 1699 179 1762 via
204 1699 313 1762 lactea.
351 1701 445 1782 quue
469 1699 560 1763 etiem
585 1698 731 1761 naturalis
755 1695 970 1776 contemplatio
995 1696 1170 1759 confirmat.
1197 1697 1324 1760 Nam
1300 1718 1325 1760 ιι
1350 1701 1486 1762 essentia

35 1799 36 1810 ¹
127 1789 197 1850 viae
223 1789 337 1852 lacteae
361 1808 433 1871 pars
457 1797 505 1852 est
528 1789 647 1852 densior
671 1785 802 1849 aetheris
821 1785 993 1860 (materiam
1009 1785 1086 1848 enim
1109 1785 1241 1866 aliquam
1265 1789 1358 1850 tantis
1378 1808 1483 1851 eorus-

128 1878 298 1942 sationibus
322 1881 446 1943 subesse
470 1897 594 1942 uecesse
618 1879 681 1952 est)
705 1874 816 1938 numiui
840 1865 898 1938 nbn
922 1863 1084 1937 verisimile
1109 1873 1176 1951 erit,
1201 1875 1389 1957 aptissimam
1414 1897 1483 1940 esse

35 1981 37 2020 ῑ
132 1968 217 2030 illam
242 1968 397 2030 materiam
422 1967 508 2031 novis
531 1965 756 2049 phaenomeuis.

218 2058 303 2119 Haec
325 2067 473 2140 utcunque
497 2055 689 2131 verisimilia,
719 2053 943 2117 labefactantur
974 2061 1073 2114 tamen
1108 2052 1326 2134 objectionibus
1359 2055 1487 2123 duabus.

127 2143 245 2224 Ριίιιιι,
279 2147 356 2230 quod
379 2146 480 2209 David
503 2145 671 2221 Fabricius,
705 2161 791 2226 quem
819 2141 848 2204 in
876 2129 1140 2204 observationibus
1170 2161 1261 2222 supra
1289 2164 1404 2227 quoque
1427 2150 1485 2210 lide

35 2254 38 2292 :
129 2234 251 2322 dignum
275 2235 435 2312 celebravi,
459 2193 675 2298 animadvertil
697 2251 775 2296 anuo
800 2227 893 2306 1596,
919 2225 1004 2314 3113.
1019 2229 1151 2310 Augusti
1180 2231 1276 2306 (eirea
1297 2255 1382 2316 quem
1407 2237 1486 2300 diem

128 2333 250 2388 cometa
272 2325 352 2388 illics
376 2325 463 2392 anni
468 2323 573 2388 ultimo
597 2322 680 2387 visus
711 2328 759 2385 est
782 2340 802 2382 a
824 2319 1004 2393 Maestlino,
1031 2319 1096 2400 jem
1127 2323 1340 2401 propemodum
1372 2325 1484 2388 statio-

127 2414 229 2476 narius
253 2415 396 2492 effectus,
419 2413 448 2476 in
473 2409 513 2478 4⁰
535 2415 582 2502 tp)
606 2412 753 2476 matutino
778 2418 912 2490 tempore
941 2427 1050 2472 novam
1081 2409 1201 2473 stellam
1231 2413 1341 2476 tertiae
1364 2417 1483 2494 magni-

127 2502 256 2578 tudinis,
281 2504 396 2567 invenit
419 2503 448 2564 in
478 2495 538 2566 25⁰
564 2499 617 2566 45
641 2499 686 2580 Υ,
720 2520 786 2563 cum
814 2497 973 2562 latitudine
1002 2506 1080 2562 aust.
1115 2495 1173 2562 15⁰
1202 2497 1272 2578 54¹,
1305 2523 1381 2585 quae
1413 2512 1485 2585 post

127 2587 292 2655 Octobrem
315 2593 450 2673 ejusdem
470 2592 540 2656 anni
563 2590 713 2674 disparuit
735 2595 770 2694 (q.
788 2612 808 2648 ι
828 2611 852 2662 p.
872 2593 947 2658 till).
990 2588 1044 2650 Ille
1068 2607 1139 2650 vero
1164 2589 1246 2652 locus
1270 2612 1288 2653 a
1311 2592 1361 2655 via
1384 2593 1484 2655 lactea

127 2679 226 2743 abluit
247 2681 431 2762 longissime.
478 2682 601 2756 Altera,
636 2679 714 2763 quod
742 2679 767 2742 si
799 2677 945 2741 naturalis
969 2686 1018 2740 est
1040 2695 1188 2740 novorum
1206 2678 1335 2743 siderum
1361 2693 1482 2745 exortus

35 2780 37 2791 ’
129 2769 264 2850 (qualern
286 2771 404 2854 quidem
428 2771 510 2842 iacit,
535 2771 585 2852 qul
608 2769 636 2832 el
659 2767 817 2831 materiam
840 2765 957 2848 quaerit
981 2785 1018 2827 ex
1041 2765 1091 2848 vla
1114 2767 1239 2844 lactea),
1265 2770 1406 2834 credibile
1424 2781 1480 2846 est,

129 2859 207 2940 quod
231 2869 263 2922 et
285 2879 376 2964 sqpra
399 2861 525 2936 dictum,
554 2878 613 2922 non
636 2859 711 2920 adeo
735 2857 939 2937 infrequentes
963 2875 1040 2920 esse.
1088 2853 1189 2926 Quare
1213 2867 1282 2936 post
1311 2860 1365 2922 bos
1398 2857 1487 2924 1400·

130 2967 239 3024 annos,
268 2949 318 3051 qqi
345 2948 383 3011 ab
414 2968 449 3012 eo
474 2959 606 3052 tempore
630 2949 726 3021 fuere,
750 2965 816 3008 cum
838 2945 1030 3008 Ptolemaeus
1054 2944 1213 3026 descripsit
1239 2947 1320 3010 viam
1343 2951 1482 3024 lacteam,

131 3037 250 3100 videtur
273 3037 300 3100 ei
323 3038 456 3101 notabile
479 3037 631 3120 quippiam
654 3036 799 3099 decedere
823 3034 973 3110 debuisse,
997 3041 1045 3096 tut
1068 3033 1246 3097 sideribus
1239 3039 1367 3102 incensis
1387 3059 1481 3120 exque

34 3145 35 3150 ¹
129 3145 166 3188 ea
189 3127 387 3192 concinnatis.
432 3129 496 3190 Aut
519 3126 545 3191 si
568 3126 697 3189 noudum
728 3124 847 3206 quidem
875 3133 978 3186 tantus
1010 3140 1112 3186 eorum
1143 3125 1278 3188 cumulus
1310 3127 1380 3203 luit,
1413 3129 1481 3192 clim

128 3223 228 3280 tamen
252 3216 370 3280 videtur
394 3217 508 3280 coelum
531 3225 627 3279 totum
649 3214 706 3278 boc
730 3213 833 3289 lactis,
857 3214 936 3297 quod
959 3213 1066 3289 babet,
1089 3213 1292 3295 perditurum:
1321 3218 1399 3298 quod
1423 3237 1481 3280 non

35 3335 38 3349 ·
129 3307 233 3388 aequis
257 3305 287 3368 iu
311 3307 502 3388 philosophia
519 3305 643 3388 judiciis
667 3301 822 3383 excipitur.

215 3395 322 3477 ltaque
354 3395 455 3478 potius
484 3393 514 3458 iu
538 3414 573 3457 eo
606 3413 686 3470 sum,
718 3401 753 3454 ut
784 3392 919 3468 credam,
952 3391 1066 3454 eoelum
1097 3391 1285 3475 undiquaque
1316 3401 1418 3476 aptum
1442 3395 1482 3456 ad

34 3546 37 3560 ,
130 3483 290 3548 materiam
310 3485 395 3548 hisce
418 3482 566 3547 sideribus
576 3481 799 3566 praebendam.

711 3743 898 3758 *ψ

659 3982 779 4084 Caput
801 3979 949 4058 XXIII.

505 4162 593 4230 Oceli
612 4161 781 4228 materiam
802 4179 870 4223 ease
896 4157 1101 4224 uitmabilem.

215 4319 281 4386 Nec
304 4338 370 4382 sum
392 4319 531 4402 iguams,
563 4342 652 4404 quam
684 4323 758 4384 haec
786 4319 887 4400 opinio
918 4321 959 4382 sit
981 4317 1101 4382 inimica
1122 4320 1328 4402 philosophiae
1352 4321 1475 4386 Aristu-

129 4409 248 4476 telieae.
293 4411 408 4472 Verum
431 4418 466 4472 ut
488 4413 586 4476 dicam
610 4413 688 4494 quod
717 4430 767 4474 ιιι
797 4419 860 4472 ests
893 4416 995 4471 sectae
1023 4407 1119 4487 magis
1151 4427 1240 4493 quam
1271 4411 1396 4493 principi
1428 4419 1476 4476 est

130 4499 266 4566 adversa.
312 4501 362 4562 Da
384 4497 457 4563 milri
479 4503 644 4566 redivivum
662 4500 874 4571 Aristotelem,
902 4499 948 4560 ita
968 4497 1040 4560 mihi
1063 4500 1205 4561 succedat
1228 4500 1313 4564 labor
1334 4509 1475 4565 astrono-

130 4587 232 4660 micus,
255 4597 289 4654 ut
310 4607 366 4670 ego
390 4589 448 4670 ipsi
472 4592 653 4696 persuadere
676 4588 871 4672 speraverim
905 4588 955 4648 Ita
975 4587 1037 4649 fieri
1056 4589 1143 4665 solet,
1168 4606 1272 4672 gypso,
1288 4591 1357 4652 dum
1371 4609 1475 4655 recens

131 4684 179 4736 est
198 4678 277 4753 lusa,
301 4679 482 4782 quidlibet
474 4681 677 4762 cmpresseris3
708 4679 813 4741 eadem
836 4676 886 4738 ubi
913 4676 1046 4738 induruit
1072 4695 1188 4740 omnem
1215 4687 1319 4783 typum
1349 4678 1472 4761 respuit.

131 4760 183 4825 Sic
205 4768 383 4844 sententiae,
407 4770 476 4832 duur
499 4789 537 4833 ex
560 4787 611 4831 ore
634 4769 729 4830 fluunt
750 4766 1001 4848 philosophorum,
1031 4765 1171 4830 facillime
1194 4768 1301 4848 corrigi
1331 4779 1472 4850 possunt.

133 4851 182 4916 ubi
203 4865 342 4941 receptas
365 4859 479 4922 luerim
498 4879 518 4921 a
540 4857 704 4938 discipulis,
729 4855 833 4938 quovis
857 4855 957 4936 lapide
980 4855 1075 4936 magia
1098 4855 1304 4932 indurescunt,
1327 4879 1381 4922 nee
1405 4861 1473 4928 ullis
