3464 5524
596 286 718 340 derebus
738 283 842 353 Opticis.
1359 287 1400 356 15

91 474 149 552 prete
164 484 277 548 ponam,
302 465 438 526 salutem
463 484 577 527 omnem
601 467 771 546 desperare.
806 465 851 527 Tu
870 465 896 526 si
921 465 1008 527 lectis
1032 465 1107 528 meis
1124 463 1253 546 Opticis‚
1279 485 1401 546 quorum

91 559 200 634 errnplar
222 558 295 628 (una
318 572 390 614 curn
414 553 484 616 aliis
509 563 632 632 quatuor
656 575 709 634 per
724 555 916 633 bibliopolam
933 552 1061 616 Gellium
1076 556 1156 633 epod
1174 555 1216 615 Te
1241 554 1399 634 depositis,

88 664 138 726 quae
157 661 233 720 rogo,
257 652 289 701 ut
304 642 474 702 Beseldo
491 641 610 704 Ductori
634 645 750 721 petenti
775 645 896 712 tradas)
913 642 979 704 Tibi
999 643 1198 706 Frankcfurto
1222 644 1299 704 dono
1315 645 1400 718 ruisi;

86 737 175 794 silrcta
194 731 393 808 conceptione
416 747 485 790 mea
500 731 535 792 de
555 750 632 792 nova
655 732 759 806 stella,
785 751 873 811 quarn
892 731 958 809 jorn
982 731 1110 810 accipis,
1136 750 1193 792 non
1217 735 1401 811 permoveris

84 819 316 880 adscribendum:
359 827 393 878 at
421 819 529 880 saltent
562 821 599 880 ob
624 819 657 882 S.
684 818 774 882 Caes.
799 819 899 894 Mrem,
933 820 980 880 cui
1019 829 1110 896 grata
1138 829 1208 880 sunt
1237 821 1403 899 hujusmodi

82 909 181 988 scriptu,
211 926 349 987 quaeque
374 906 439 985 ipsi
473 908 556 967 varia
586 909 768 987 conquisivi,
803 907 913 986 aliquid
956 907 1082 969 scribae.
1129 907 1280 969 Provocat
1310 911 1348 970 ad
1371 918 1403 970 te

81 997 215 1070 Roeslinus,
230 990 255 1068 ²)
280 997 370 1075 cujus
394 994 538 1076 scriptum
557 996 621 1076 jem
645 993 977 1076 accepissemus:
1003 995 1165 1056 communis
1184 996 1258 1059 baec
1283 999 1401 1058 mathe-

80 1086 218 1146 maticorum
250 1090 300 1144 est
332 1083 476 1158 materia,
511 1103 597 1163 quarn
621 1103 678 1144 non
703 1085 852 1162 attingere
878 1083 1057 1144 desertionis
1081 1084 1190 1144 crimen
1215 1093 1401 1162 praesentat.

79 1175 110 1232 lle
128 1173 273 1252 eclipsibus
298 1171 411 1249 scripsi
436 1180 505 1233 aute
531 1192 647 1234 menses
671 1174 795 1248 inultos,
820 1179 854 1232 ιιι
877 1172 913 1231 de
938 1173 1030 1233 stelle
1045 1170 1152 1254 Cygni.
1192 1171 1253 1232 Sed
1278 1175 1345 1234 nolo
1370 1185 1400 1235 te

79 1280 156 1340 agere,
181 1269 269 1338 tange
295 1279 387 1320 unurn
413 1261 516 1320 lrorunr
541 1269 667 1339 quatuor
691 1261 803 1334 verbis,
837 1259 943 1340 quibus
967 1259 1093 1322 totidern
1119 1278 1262 1321 annorum
1285 1261 1403 1344 culpato

78 1350 162 1410 silentii
185 1350 275 1409 elues.
326 1347 409 1408 Vale
436 1366 539 1427 tneque
563 1368 640 1410 arira.

142 1470 196 1520 'lius
213 1470 314 1520 denum
333 1469 530 1519 Maestlinus
548 1470 673 1532 respondit
690 1469 713 1519 d.
733 1467 846 1520 teum.
867 1477 898 1519 at
913 1486 934 1520 r.
950 1467 1033 1527 1605,
1060 1469 1099 1519 his
1117 1484 1145 1520 ae
1171 1483 1292 1520 excusans
1310 1471 1403 1521 vorbis:

77 1543 114 1590 itti
128 1541 234 1590 metecus
253 1541 352 1605 aliquot
370 1542 459 1598 annis,
478 1543 513 1590 vir
532 1541 675 1598 clarissime,
694 1539 801 1590 Domine
820 1547 846 1590 et
864 1543 944 1591 amice
961 1542 1059 1592 sincera
1076 1540 1126 1590 ide
1143 1540 1295 1599 honorande,
1315 1557 1361 1607 ego
1380 1544 1406 1594 iu

77 1613 175 1660 rediendo
192 1613 290 1676 segnior
308 1611 414 1668 fuerim,
441 1612 476 1660 tui
494 1617 579 1660 temen
599 1611 675 1659 animi
692 1613 889 1674 perseverantia,
919 1613 1000 1675 pietas
1019 1625 1135 1676 amorque
1155 1612 1289 1668 candidus,
1318 1627 1404 1678 quam·

77 1697 130 1747 quau
145 1683 173 1732 td
189 1695 244 1731 esm
262 1681 359 1746 gradus
378 1689 405 1730 et
422 1681 709 1731 bonorumeminentiam
723 1684 756 1730 sis
770 1690 883 1738 erectus,
903 1683 969 1732 unde
982 1697 1021 1730 me
1034 1682 1160 1745 despicere
1179 1684 1199 1730 si
1218 1682 1292 1731 velles
1311 1698 1404 1747 posses,

78 1767 112 1800 nce
126 1753 295 1818 elanguerunt,
316 1753 363 1802 sed
381 1752 456 1802 firmis
473 1753 585 1800 nituntur
603 1751 694 1801 fulcris.
722 1751 804 1812 Quum
815 1754 983 1802 constantiore
994 1752 1181 1816 utiquc-multis
1199 1753 1323 1816 praedico.
1351 1753 1402 1804 Ve-

77 1838 115 1872 rsu
128 1837 183 1886 quae
199 1823 484 1886 impedimentaliterse
502 1837 571 1872 mese
589 1821 712 1873 hucteuus
730 1825 919 1886 interceperint,
947 1823 1003 1874 uolo
1031 1836 1175 1882 mceusere,
1203 1837 1251 1874 uec
1278 1839 1318 1874 ure
1340 1825 1406 1874 ultm

77 1909 183 1943 armus:
201 1893 248 1943 hoc
267 1895 345 1944 unico
365 1901 477 1958 excepto,
496 1893 560 1956 quod
578 1907 642 1958 quae
661 1895 705 1943 tibi
724 1893 901 1944 mathematico
920 1893 1125 1944 excellentissimo
1138 1893 1260 1958 condigne
1273 1896 1406 1959 respoude-

76 1979 124 2017 reru.
140 1979 182 2012 uon
198 1963 284 2014 habui.
324 1964 358 2012 V.
377 1963 584 2029 g.'superioribus
603 1965 700 2027 scriptis
728 1964 830 2027 eclipses
850 1965 993 2014 observatas
1012 1978 1028 2012 a
1045 1979 1084 2014 me
1108 1965 1209 2028 petiisti.
1246 1965 1299 2030 Ego
1319 1965 1350 2016 de
1368 1967 1406 2024 iis,

76 2049 120 2098 quas
134 2050 174 2100 ego
189 2036 240 2099 ipse
260 2035 445 2084 observaverim
458 2034 560 2098 telequi
578 2036 705 2097 putabam.
732 2035 824 2084 Verum
837 2049 911 2099 quam
929 2049 1026 2098 paucae
1044 2033 1102 2084 illae
1121 2035 1178 2094 sint,
1199 2034 1266 2084 dolet
1285 2043 1311 2084 et
1329 2037 1406 2086 lerme

77 2105 133 2167 pelet
147 2121 183 2155 me
199 2107 292 2162 ditem,
314 2111 401 2168 utpote
421 2105 556 2169 qui-multo
574 2111 683 2168 ternpore
701 2105 781 2155 nullas
800 2107 929 2156 observare
947 2107 1024 2168 potui,
1044 2105 1106 2156 coeli
1124 2107 1238 2154 nimirum
1257 2106 1409 2157 adversitate

77 2179 163 2240 eumque
178 2176 280 2240 pluviosi
300 2177 394 2238 iniuria
412 2176 559 2238 prohibitus,
579 2176 641 2226 adeo
660 2183 689 2224 ut
701 2191 777 2239 saepe
789 2177 869 2239 ipsum
881 2177 999 2227 deficiens
1012 2178 1133 2226 luminare
1144 2177 1227 2226 videre
1241 2191 1290 2226 uon
1303 2177 1407 2226 licuerit

76 2244 172 2296 burlun
189 2257 274 2295 autem
294 2247 336 2303 id,
355 2247 414 2296 dum
431 2249 484 2308 jam
502 2245 634 2298 deficeret.
654 2247 778 2298 emicsbst
795 2260 869 2302 sune,
890 2254 918 2296 at
936 2253 1081 2311 conspectus
1101 2250 1154 2308 ejus
1174 2247 1206 2296 ad
1223 2247 1407 2300 observationes

77 2319 221 2366 retenemicus
239 2317 303 2366 nibil
321 2317 485 2366 conducebat.
522 2315 577 2365 Nec
596 2331 685 2366 nerum
704 2324 748 2367 aut
766 2317 890 2366 insolitum
907 2317 954 2367 boc
978 2318 1036 2365 mihi
1055 2324 1104 2374 est,
1131 2317 1254 2382 quiahoc
1273 2319 1405 2368 infortunio

75 2399 117 2435 uss
130 2387 214 2436 Umuis
231 2389 307 2438 valde
327 2387 487 2436 vebemeuter
505 2389 580 2436 etiarn
599 2389 625 2435 in
644 2389 732 2437 ceteris
750 2389 880 2451 premitur,
900 2393 928 2436 nt
946 2394 1055 2451 tempore
1067 2387 1182 2451 specialis
1196 2387 1300 2451 alicujus
1320 2389 1403 2438 obser-

76 2458 156 2506 ntion's
171 2459 264 2508 tristem
285 2459 354 2508 aeris
372 2459 542 2520 intemperiem
561 2459 663 2520 experiri
675 2472 779 2507 necesse
796 2458 898 2507 habeut.
934 2457 1014 2506 Malui
1044 2472 1101 2522 ergo
1129 2457 1203 2514 nihii,
1232 2472 1305 2522 quam
1333 2475 1408 2524 prope

76 2528 118 2576 ubl
132 2531 227 2579 enters
252 2537 302 2578 aut
319 2528 477 2591 respondere.
513 2527 571 2577 Jam
589 2543 645 2577 verc
664 2529 690 2576 in
711 2528 806 2592 Opticis
823 2531 872 2578 tuis
895 2529 959 2578 alias
977 2529 1058 2592 plures
1077 2529 1179 2577 aliorum
1198 2543 1294 2593 quoqne
1313 2531 1408 2580 seculo·

77 2613 114 2644 run
128 2600 241 2662 eclipses,
261 2601 342 2648 etism
362 2613 412 2648 uon
432 2600 594 2648 astronomice
614 2599 756 2649 observatus
775 2614 791 2648 a
808 2606 834 2649 te
853 2600 924 2649 citari
942 2598 1021 2648 rideo.
1059 2597 1087 2647 id
1106 2601 1127 2647 si
1145 2601 1322 2650 intellexissem
1341 2607 1409 2656 ante,

77 2669 181 2728 petubsesr
198 2671 283 2720 ioman
304 2685 338 2719 ex
356 2669 471 2732 catologo
489 2683 558 2726 mee,
577 2670 602 2718 iu
621 2684 693 2733 quem
712 2685 811 2728 ornnes,
831 2683 1031 2734 quarumcunque
1049 2669 1117 2718 ullibi
1135 2671 1286 2718 mentionem
1305 2671 1357 2720 iieri
1370 2672 1408 2719 in·

76 2741 140 2794 vnio.
161 2740 261 2789 sollicite
282 2739 392 2805 colligo,
421 2739 516 2803 aliquas
534 2747 577 2788 tuo
600 2739 712 2789 instituto
739 2755 789 2789 uon
806 2739 960 2789 incommode
979 2741 1112 2788 servientes
1132 2742 1321 2790 communicare.
1359 2741 1410 2790 Sed

77 2809 172 2871 wrm
189 2825 250 2874 opus
268 2811 394 2860 molireris
415 2811 567 2874 ignoraberu-
606 2811 703 2860 Deinde
722 2812 794 2859 fateri
813 2825 894 2876 cogor,
914 2816 941 2859 tu
960 2823 1136 2874 nonnunquam
1160 2811 1316 2866 sublimiore,
1336 2825 1411 2874 quam

76 2881 141 2942 quim
162 2883 287 2946 ingenium
315 2887 344 2930 et
362 2881 466 2930 eruditio
484 2895 542 2929 mea
568 2881 713 2931 satisfecere
731 2881 828 2938 valent,
856 2880 1001 2946 quaerebas.
1038 2879 1186 2930 Necessario
1211 2894 1270 2945 ergo
1288 2881 1348 2930 mibi
1366 2882 1411 2932 ob·

76 2951 233 3002 monum
259 2953 319 3000 fuit.
358 2951 430 3000 Dabo
448 2951 552 3014 posthac
569 2953 668 3002 volente
688 2952 754 3008 Deo,
782 2952 879 3002 dendus
899 2959 925 3002 et
943 2952 1023 3001 amice
1041 2951 1221 3008 sincerissime,
1241 2965 1355 3014 operum,
1383 2959 1412 3001 ut

76 3020 124 3082 Μ
137 3022 274 3087 neglectum
296 3029 349 3081 est,
370 3037 417 3086 ego
434 3028 553 3084 quantum
572 3025 596 3071 in
615 3038 655 3072 me
673 3030 712 3072 est
730 3029 756 3072 et
774 3037 829 3072 esse
845 3029 936 3086 potest,
956 3035 1120 3084 compensem.
1160 3019 1231 3081 Quae
1250 3023 1353 3079 scivero,
1372 3038 1410 3072 re-

76 3091 186 3152 qeudeio,
204 3109 272 3156 quae
293 3095 422 3148 nesciam,
441 3093 467 3140 in
484 3093 514 3140 iis
531 3094 697 3157 ignorantiam
715 3099 741 3142 et
758 3094 882 3142 inscitiam
900 3095 1008 3157 ingenue
1027 3091 1169 3141 confitebor.

144 3162 191 3212 Etsi
209 3173 299 3214 sutem
317 3163 367 3213 bac
386 3163 440 3211 vice
456 3161 553 3224 plenius
572 3165 631 3212 mibi
649 3164 845 3226 respondendum
865 3171 932 3223 erat,
952 3177 1010 3227 rogo
1029 3169 1114 3212 tamen
1133 3165 1294 3226 etmalorum
1313 3165 1339 3212 iu
1358 3179 1410 3212 mc·
1509 3132 1520 3227 p·

79 3229 121 3280 buu
135 3229 180 3290 cro,
197 3235 342 3298 praeteritis
360 3234 455 3282 omissis
474 3235 550 3282 etiam
567 3233 614 3284 hoc
633 3236 729 3284 brevius
747 3236 864 3297 scriptum
883 3247 1038 3284 annumeres.
1077 3232 1193 3283 Proxima
1210 3233 1263 3284 alia
1281 3236 1412 3284 occasione

79 3302 155 3351 uberim
171 3307 296 3368 promitte.
332 3303 374 3354 Ne
392 3311 477 3352 temen
491 3307 545 3366 jem
563 3306 623 3354 nibil
642 3306 760 3362 scribom.
787 3304 851 3356 baec
875 3306 990 3357 scribam.
1028 3302 1130 3367 Optices
1152 3310 1212 3354 tuae
1231 3307 1413 3355 astronomicae

79 3373 127 3433 {pud
141 3389 176 3423 me
196 3376 314 3440 deposuit
330 3382 359 3424 ut
371 3374 468 3423 voluisti
488 3372 521 3423 D.
542 3373 577 3424 Μ.
598 3375 667 3425 Gellii
684 3376 749 3425 iilius
770 3374 785 3424 5
805 3375 970 3440 exemplaria,
994 3375 1068 3424 nullis
1090 3372 1180 3424 additis
1198 3375 1285 3426 literis.
1323 3375 1415 3426 Eorum

80 3446 263 3496 mumiumeum
281 3457 354 3494 usum
366 3445 469 3502 retinui,
491 3445 516 3493 id
535 3445 627 3510 absquo
639 3448 675 3495 tui
689 3445 785 3495 offense
805 3445 857 3496 lieri
877 3445 1012 3494 confidens.
1038 3443 1135 3508 Nuper,
1157 3446 1256 3510 quando
1275 3447 1314 3495 cui
1328 3455 1414 3496 cetera

80 3521 145 3562 aaut
165 3517 290 3567 unienda
309 3515 434 3570 intellexi,
456 3517 505 3565 tria
524 3515 557 3564 D.
572 3516 678 3566 Besoido
701 3517 806 3566 exhibui.
844 3515 966 3576 Quartum
993 3522 1033 3566 sat
1054 3516 1172 3565 decenter
1191 3516 1263 3582 ligari
1280 3517 1353 3581 idque
1371 3521 1414 3566 tuo

80 3585 158 3636 mine
171 3601 222 3638 uua
237 3603 297 3638 eum
309 3592 356 3636 tut
377 3585 483 3649 epistola
493 3599 537 3649 per
548 3597 668 3638 rectorem
685 3588 830 3637 academiae
847 3587 950 3651 magnii.
965 3586 997 3636 D.
1012 3586 1048 3636 M.
1062 3587 1092 3635 G.
1105 3587 1293 3637 Burcibardum
1314 3589 1413 3637 senatui

81 3655 203 3715 impiisimc
216 3657 300 3708 offerri
313 3658 406 3706 curavi.
431 3656 461 3705 ld
480 3657 602 3721 placuisse
621 3673 651 3708 ex
669 3658 745 3708 literis
762 3657 893 3725 intelliges.
920 3657 973 3722 Ego
990 3657 1212 3722 quoquepromibi
1225 3658 1316 3707 douetd
1330 3671 1412 3708 exem·
1441 3691 1444 3696 -

80 3723 128 3784 plui
144 3737 169 3776 ut
187 3738 211 3778 et
228 3744 274 3792 pro
286 3729 445 3792 prognostico
459 3736 484 3776 et
497 3729 659 3792 descriptione
673 3744 753 3779 norae
769 3728 856 3778 stellae
873 3743 982 3778 summas
1001 3729 1046 3778 tibi
1065 3742 1113 3792 ago
1131 3729 1234 3792 gratius
1259 3726 1299 3777 De
1312 3745 1341 3777 eo
1354 3728 1414 3776 libro

80 3807 145 3844 maur
160 3801 227 3862 qussi
249 3811 395 3853 censuram,
410 3811 483 3862 quum
503 3800 599 3864 oblique
619 3805 703 3864 petere
724 3799 827 3855 rideris,
849 3799 941 3848 trustra
960 3805 1093 3862 expectas,
1116 3798 1257 3847 sublimiora
1269 3800 1334 3847 euim
1346 3799 1371 3846 in
1385 3808 1414 3846 eo

81 3869 225 3927 muueumr,
248 3884 323 3934 quam
347 3868 482 3933 dequibus
504 3883 549 3934 ego
569 3871 690 3931 judicium
712 3871 771 3919 ruibi
791 3885 888 3920 sumere
908 3871 994 3920 ausim.
1020 3869 1074 3934 Ego
1091 3870 1208 3932 pleraque
1229 3883 1285 3920 cum
1304 3869 1414 3918 delecta·

82 3937 133 3985 icus
151 3940 196 4004 legi
215 3949 336 4004 mamque
366 3940 488 4004 insignem
510 3942 672 3992 eruditionem
694 3948 720 3990 et
737 3941 862 3991 eruendae
880 3941 990 3990 veritatis
1008 3941 1121 4004 pertinax
1144 3939 1292 3989 desiderium
1304 3939 1413 3987 felicem·

82 4019 262 4066 praecemur
274 4010 383 4060 admiror
400 4018 427 4060 et
445 4012 609 4075 congratulor.
631 4011 886 4063 choriiiceutisrima
905 4012 953 4061 mei
977 4011 1082 4062 nominis
1104 4011 1173 4061 lecta
1195 4010 1300 4059 crebrior
1323 4007 1416 4058 mentio

82 4075 306 4145 insumptuosus
328 4087 389 4130 tuae
411 4081 579 4131 testimoninm
600 4089 645 4132 est
681 4082 775 4133 Vereor
793 4090 893 4140 tamen,
915 4096 947 4132 ue
969 4083 1071 4132 nimium
1092 4081 1152 4130 mibi
1175 4081 1276 4130 tribuas.
1313 4078 1417 4129 Utinam

83 4145 196 4208 limem,
217 4167 291 4217 quem
312 4165 353 4200 me
376 4150 514 4214 praedicas.
542 4154 594 4218 Ego
616 4168 673 4204 vero
691 4167 773 4202 meam
795 4160 891 4202 curtam
912 4151 1089 4216 supellectilem
1108 4153 1166 4200 scio.
1194 4149 1267 4199 Dom.
1281 4149 1350 4199 Deus
1372 4149 1417 4198 tibi

84 4219 142 4268 vitum
158 4228 183 4271 et
199 4223 262 4272 vires
281 4221 419 4271 clementer
434 4224 586 4285 suppeditet,
606 4230 634 4273 ut
651 4225 676 4273 iu
693 4224 744 4273 dies
764 4225 859 4286 maiora
879 4231 953 4288 atque
973 4226 1068 4284 majora
1087 4223 1112 4272 in
1134 4235 1206 4270 usum
1225 4219 1297 4284 Reip.
1312 4217 1414 4269 Mathe-

83 4291 171 4341 mtieae
187 4294 280 4342 utilitm
298 4299 326 4341 et
343 4291 502 4341 laudabiliter
519 4296 603 4344 rimari
622 4302 647 4344 et
665 4294 801 4358 rependere
817 4295 935 4359 nobisque
954 4294 1135 4343 communicare
1151 4292 1237 4355 possis.

153 4362 269 4429 Reliqua,
288 4375 355 4426 quae
374 4361 413 4411 ius
432 4363 502 4412 addit
515 4363 671 4422 Maestlinus,
688 4367 845 4416 inveniuntur
863 4365 888 4414 in
907 4366 1031 4430 prooemio
1041 4363 1075 4414 ad
1089 4363 1177 4414 librum
1196 4362 1227 4412 de
1245 4361 1326 4413 Stella
1343 4375 1417 4413 nors.

154 4431 315 4499 Keplerus
337 4429 363 4480 5.
377 4431 463 4482 Martii
474 4431 542 4484 1605
559 4435 623 4487 beec
643 4436 778 4500 respoudit:

155 4519 271 4591 Quanto
304 4541 354 4584 me
387 4523 498 4602 gaudio
517 4513 595 4585 utuae
626 4523 784 4586 effecerint
806 4523 927 4598 literae,
962 4525 1144 4602 Praeceptor
1173 4521 1317 4596 colende,
1351 4527 1417 4583 tute

86 4603 135 4682 ipse
155 4611 294 4684 aestima,
320 4609 373 4690 qni
398 4610 490 4672 toties
513 4612 651 4692 pulsatus
667 4613 742 4676 meis
765 4612 944 4692 importunis
960 4611 1056 4674 literis
1079 4609 1202 4672 taudem
1223 4609 1417 4688 respondisti.

86 4689 175 4758 Ordior
195 4709 296 4762 antem
320 4716 501 4778 responsum
525 4719 622 4763 meum
645 4722 664 4761 a
685 4701 867 4763 refutatione
898 4708 967 4763 tuae
991 4697 1193 4778 ἕνσχημοτιας.
1241 4695 1363 4760 Gradus
1387 4705 1420 4760 et

86 4779 203 4852 bonerum
227 4787 400 4852 eminentia
423 4805 516 4870 penes
538 4807 585 4851 me
609 4790 692 4852 nulla
712 4797 778 4868 est,
809 4789 879 4850 vivo
902 4789 932 4850 in
955 4787 1076 4850 theatro
1099 4785 1181 4849 orbis
1208 4785 1363 4868 privatus,
1392 4787 1420 4848 si
