3674 5538
321 233 364 302 76
714 211 815 286 Lissrae
832 234 936 300 Kapisri
954 235 1104 300 aliorumque
1120 241 1222 287 mutuae

321 433 360 478 ex
383 413 496 494 liquore
520 413 599 476 enim
614 414 715 476 omnia
738 413 891 494 diaphana
914 411 1059 474 existunt.
1095 411 1155 476 Sed
1179 432 1274 494 neque
1295 414 1467 494 expeditum
1483 421 1540 490 est,
1564 414 1679 495 positis

321 504 425 565 vacuis
450 503 597 583 quomodo
621 504 675 565 fiat
697 501 849 562 retractio.
897 500 976 562 Num
999 519 1054 580 per
1075 519 1284 580 repercussum
1306 503 1338 564 in
1362 502 1572 582 corpusculis?

413 589 493 662 Quia
517 610 587 671 ergo
610 591 797 670 figurasset
819 590 868 651 vel
891 590 1068 668 corpuscula
1085 590 1134 652 vel
1157 591 1300 670 spatiola,
1323 591 1434 652 striata
1452 591 1591 653 deorsum
1615 611 1679 652 non

324 687 414 754 sunt3
448 687 672 759 repercuterent
705 677 783 739 enim
816 697 874 740 non
910 685 1027 739 tanturn
1059 697 1164 740 versus
1196 679 1474 759 perpendicularem
1506 679 1560 742 sed
1594 681 1680 742 ultra

325 769 417 830 etiarn
440 769 528 829 hanc.
554 799 595 810 --
633 766 695 828 Sed
725 765 1002 846 argumentationes
1025 766 1081 827 has
1104 774 1137 829 tu
1169 767 1280 829 ridebis
1311 768 1448 830 conscios
1472 767 1608 830 thesauri
1634 767 1681 828 tui

324 855 544 932 scientificifin
568 874 655 934 quem
681 873 737 934 ego
760 873 819 916 non
843 853 1005 934 inspiciens
1028 855 1135 916 misere
1160 855 1238 918 forte
1262 875 1337 917 erro.

413 943 540 1014 Quaeris
564 943 601 1004 de
624 943 733 1005 studiis
757 943 842 1005 meis.
891 941 1177 1006 Commentarius
1206 944 1247 1006 de
1276 943 1417 1018 Marte,
1447 944 1536 1006 titulo
1560 943 1680 1006 Astro-

325 1032 441 1095 nomiae
464 1031 570 1094 Novae
592 1031 793 1111 darsoloypsoc
815 1051 868 1094 seu
883 1031 1030 1112 Physicae
1055 1032 1204 1108 coelestis,
1229 1040 1370 1115 prostant
1390 1033 1453 1113 jam
1471 1033 1679 1096 Frankoiurti.

323 1121 470 1199 Exempla
492 1139 550 1181 non
574 1120 681 1182 habe0.

413 1207 544 1269 Gilberti
578 1209 673 1269 istum
707 1207 803 1268 doleo.
851 1205 933 1286 Opto
967 1207 1153 1269 excudentur
1185 1216 1217 1269 et
1253 1208 1425 1288 magnetica
1457 1226 1521 1270 cunr
1561 1208 1683 1289 reliqua

322 1294 514 1375 philosophia
545 1296 628 1375 globi
660 1293 841 1358 sublunaris.
887 1295 979 1357 Mene
1002 1295 1134 1358 Eritium
1157 1315 1194 1358 ne
1218 1297 1282 1358 sine
1311 1297 1446 1376 exemplo
1479 1295 1682 1377 regrediatur.

327 1384 461 1450 Vacuum
484 1386 548 1465 ejus
572 1385 691 1448 videbo.

415 1471 544 1534 Gratum
582 1473 689 1534 scribis
722 1473 759 1533 de
797 1469 1025 1551 diaphaneitate
1062 1471 1136 1534 auri.
1191 1468 1359 1534 Considera
1386 1490 1472 1548 vero,
1510 1472 1537 1533 si
1564 1471 1594 1533 id
1626 1471 1686 1533 flat

324 1561 441 1622 ratione
463 1560 561 1630 vacui,
586 1581 643 1622 non
667 1568 815 1623 mutatum
833 1560 870 1622 iri
885 1559 975 1622 rebus
998 1560 1138 1622 colorem.
1177 1558 1228 1622 Sic
1252 1558 1306 1622 Sol
1328 1579 1383 1640 per
1406 1560 1504 1622 cilicia
1526 1560 1686 1623 transiens

325 1649 413 1711 rubro
437 1649 536 1710 tincta
558 1649 678 1710 rubrum
703 1649 801 1712 defert
822 1648 949 1721 radium,
973 1647 1075 1728 utique
1093 1667 1148 1729 per
1161 1650 1340 1727 corpuscula
1362 1649 1522 1723 transiens,
1547 1669 1606 1711 non
1626 1669 1688 1728 per

322 1738 463 1816 patentia
486 1737 619 1816 spatiola
642 1746 791 1802 texturae.
829 1738 908 1800 Nam
928 1735 953 1796 si
978 1731 1076 1798 ferrea
1099 1737 1160 1798 sint
1182 1738 1323 1812 stamina,
1348 1756 1407 1799 non
1430 1743 1562 1800 mutatur
1586 1738 1687 1799 color.

325 1825 431 1889 Habes
455 1827 556 1905 itaque
581 1845 619 1887 ex
643 1826 792 1889 coloribus
816 1824 897 1887 aliud
921 1833 1128 1903 argumentum
1152 1833 1258 1886 contra
1280 1843 1415 1888 vacuum.
1458 1823 1628 1888 Considera
1655 1833 1689 1886 et

326 1913 403 1976 boc:
428 1916 573 1977 asseronli
597 1915 700 1987 bibuli,
724 1933 790 1976 eum
805 1914 885 1988 sicci,
912 1931 968 1974 non
992 1921 1204 1994 transparent;
1229 1914 1254 1975 si
1275 1915 1340 1976 oleo
1359 1913 1538 1988 imbuantur,
1559 1915 1687 1976 omnino

328 2010 524 2081 transparent
551 2003 751 2082 aliquantum,
782 2002 825 2064 sic
852 2021 985 2083 papyrus
1009 2009 1041 2062 et
1064 2001 1134 2064 alia.
1180 2001 1258 2064 Num
1288 2011 1320 2063 tn
1343 2003 1474 2064 iniarotu
1503 2003 1560 2064 olei
1588 2011 1688 2082 putas

329 2092 432 2169 augeri
466 2091 617 2154 vacuum?
654 2091 765 2154 Miror:
800 2090 873 2152 nihii
907 2091 943 2152 de
979 2091 1107 2152 materia
1144 2089 1256 2152 asseris
1283 2091 1372 2171 perit.
1418 2090 1494 2154 Mihi
1528 2091 1608 2153 ratio
1636 2098 1690 2152 est

329 2179 493 2258 expedita.
533 2177 712 2242 Obscuritas
737 2186 785 2240 est
807 2178 836 2240 in
865 2179 972 2254 siccis,
1006 2179 1076 2258 qnia
1108 2178 1258 2259 asperitas
1282 2187 1315 2240 et
1344 2179 1498 2260 porositas
1521 2187 1554 2240 et
1575 2177 1688 2240 mixtio

325 2267 478 2329 atriorum
501 2267 688 2348 spatiorum
711 2267 748 2330 iis
773 2267 881 2348 spatiis
905 2286 958 2330 seu
981 2267 1064 2346 poris
1094 2267 1219 2346 repletis
1243 2268 1308 2330 oleo
1333 2269 1381 2330 vel
1403 2267 1506 2348 pingui
1530 2268 1689 2349 diaphano

325 2355 510 2435 diophanum
533 2357 568 2418 fit
591 2365 696 2431 totum,
722 2357 779 2418 nisi
802 2364 945 2435 quantum
965 2355 1069 2417 obstat
1087 2362 1209 2416 textura
1227 2356 1372 2418 materiae
1395 2355 1530 2418 umbram
1555 2355 1688 2418 iaciens.

418 2443 502 2506 Petis
534 2453 734 2526 tempestates
768 2445 892 2506 duorum
932 2462 1094 2505 annornm:
1133 2460 1226 2523 pareo
1265 2445 1322 2507 nisi
1355 2443 1473 2507 Ericine
1511 2444 1688 2524 abrumpat.

325 2529 463 2611 Expecto
488 2541 589 2596 auteur
613 2535 691 2614 quod
713 2531 880 2613 promisisti
908 2539 1028 2594 mutuas
1051 2531 1248 2612 Anglicanas.
1294 2533 1341 2594 De
1369 2533 1468 2595 ventis
1491 2531 1551 2594 noli
1580 2532 1689 2594 mirari

327 2639 386 2681 non
410 2621 532 2684 additas
556 2623 674 2702 plagas.
712 2622 779 2684 Hoc
802 2621 897 2684 semel
920 2620 1031 2682 dictum
1053 2629 1137 2701 puta,
1162 2620 1365 2684 occidentales
1385 2620 1472 2684 nobis
1492 2639 1560 2682 esee
1584 2621 1690 2702 irnpe-

327 2717 440 2784 tuosos,
456 2710 585 2791 pluvioS,
605 2710 766 2785 nubiferos,
783 2709 921 2790 tepidos:
946 2709 1157 2771 meridionales
1172 2727 1267 2782 raros,
1287 2709 1416 2789 tepidos,
1430 2709 1560 2791 pluvios,
1580 2710 1687 2771 lenes:
1784 2759 1785 2784 ,

328 2796 491 2860 orientales
531 2799 637 2874 sudos,
681 2798 815 2879 gelidos,
856 2797 984 2860 maxime
1025 2797 1174 2860 continuis
1212 2798 1403 2878 spiramentis
1441 2817 1508 2859 eum
1541 2799 1688 2878 spirant:

330 2885 468 2948 boreales
493 2887 627 2967 frigidos,
653 2885 801 2968 magides,
826 2885 938 2949 crebris
963 2895 994 2948 et
1015 2887 1118 2966 parvis
1141 2885 1264 2948 flatibus
1288 2905 1355 2948 cum
1377 2886 1505 2966 spirant.
1530 2917 1573 2928 -

416 2991 525 3042 Ultimae
542 2993 591 3042 bse
610 2999 668 3043 snut
684 2991 780 3050 literae,
799 3007 860 3057 quas
878 2991 947 3042 dedit
963 2991 1085 3054 Ksplerus
1103 2991 1234 3049 Hsrrioto,
1258 2999 1325 3042 certe
1342 2993 1457 3056 nuspiam
1476 2990 1689 3055 deprehendimus

326 3061 541 3126 significationem,
560 3063 695 3127 Keplerum
712 3065 815 3114 ulterius
834 3066 914 3128 egisse
933 3079 987 3114 eum
1006 3063 1048 3111 iiio
1067 3075 1110 3125 per
1127 3063 1219 3112 literas.
1233 3087 1266 3096 -
1280 3061 1352 3123 Quae
1365 3063 1487 3127 Ksplerus
1500 3076 1558 3112 cum
1577 3063 1633 3113 eliis
1655 3063 1689 3112 de

328 3131 420 3196 Optica
437 3146 484 3181 sua
500 3133 624 3192 disseruit,
642 3135 706 3184 haec
724 3141 790 3184 snut.

416 3202 618 3262 Hervartna,
638 3207 678 3256 cui
699 3205 822 3268 Kepisrns
840 3204 967 3263 retulerat,
986 3205 1137 3267 propositum
1155 3203 1200 3253 sibi
1214 3217 1268 3254 osse
1286 3217 1375 3254 noram
1393 3205 1542 3254 oomtitusrs
1561 3204 1689 3254 theou-iarn

327 3271 416 3321 Martis
444 3269 535 3338 (comp.
563 3277 641 3338 praei.
662 3277 694 3325 sd
712 3275 848 3326 comment.
877 3280 936 3323 mot.
955 3271 1065 3336 Martis),
1095 3274 1181 3324 dubius
1207 3274 1332 3338 respondit
1350 3269 1405 3335 (2⁴.
1425 3273 1495 3338 Sept.
1516 3271 1617 3334 sotem
1646 3275 1689 3324 ioh

327 3341 380 3392 bslt
408 3345 595 3396 unaveiisnlich
622 3346 721 3402 dariitr,
750 3347 795 3396 des
814 3347 857 3395 der
875 3345 939 3393 Here
960 3343 1013 3394 sich
1031 3347 1077 3394 mit
1104 3345 1279 3410 itbsrflilssiger
1296 3344 1445 3410 Bemrihung
1464 3345 1506 3396 der
1525 3343 1540 3393 5
1559 3345 1688 3395 Pisueten

327 3413 408 3463 werde
427 3414 490 3464 ohne
508 3416 657 3468 sonderbare
675 3417 864 3468 uuontbsriichs
883 3415 1050 3480 Verricbtnug
1068 3417 1106 3464 nit
1128 3414 1202 3466 sllaiu
1221 3417 1282 3480 lang
1299 3415 1350 3465 und
1372 3415 1507 3480 ilberitmg,
1536 3415 1604 3466 auch
1622 3416 1687 3480 lang

328 3484 365 3533 als
385 3499 412 3555 er
423 3499 469 3550 ger
480 3487 518 3536 nit
535 3489 669 3550 rermeint,
689 3487 754 3538 solbs
774 3487 918 3542 suihalten,
938 3487 1044 3535 soudsrn
1062 3486 1127 3536 auch
1145 3487 1271 3536 anlsstan
1283 3487 1338 3536 elne
1356 3485 1438 3536 solobe
1451 3485 1533 3536 Wand
1552 3486 1686 3551 gestiebas

327 3555 434 3612 werdon,
454 3557 533 3606 daron
552 3557 605 3608 lme
623 3573 655 3608 au
678 3559 832 3613 eutveichen
850 3555 994 3607 schwerlieh
1010 3557 1126 3607 anisllen.
1157 3556 1234 3606 Danu
1253 3556 1351 3608 erstiicb
1364 3557 1402 3607 dis
1415 3557 1498 3607 media
1515 3557 1687 3608 continuatio·

327 3625 364 3674 nis
383 3626 581 3678 observationum
599 3633 736 3694 sperandae
755 3630 823 3679 siebe
842 3629 882 3678 ich
901 3628 1009 3692 weniger
1027 3627 1064 3676 sls
1082 3629 1120 3676 uit
1143 3627 1194 3677 und
1210 3630 1236 3691 le
1253 3628 1342 3691 iungar
1357 3630 1383 3689 ie
1408 3628 1529 3694 weniger,
1555 3629 1688 3678 inmassen

326 3695 367 3746 ich
386 3696 486 3747 allezsit
503 3699 611 3764 besorgt,
629 3701 680 3750 und
699 3714 755 3749 zum
774 3699 876 3756 andern,
896 3704 994 3762 gesetat
1012 3698 1055 3747 der
1072 3697 1137 3747 Her-r
1154 3698 1224 3748 wells
1242 3698 1295 3747 sich
1319 3699 1386 3764 einig
1402 3698 1454 3747 und
1473 3697 1548 3748 siiein
1567 3698 1613 3748 der
1631 3713 1687 3748 rer·

326 3766 477 3818 schieneusn
496 3766 625 3832 (priorum)
646 3772 842 3822 observationum
860 3769 988 3826 bebelieu,
1008 3769 1041 3816 ist
1059 3767 1161 3818 desbslb
1178 3772 1217 3818 nit
1236 3767 1310 3818 allein
1327 3782 1370 3831 per
1388 3783 1416 3818 se
1433 3769 1607 3832 periculosum,
1627 3783 1687 3818 son-

329 3838 389 3888 dern
408 3838 491 3896 anob,
518 3841 600 3904 quosd
627 3843 763 3902 praeterita
788 3848 813 3889 et
837 3839 920 3888 lutura
942 3845 1054 3902 tempore
1080 3839 1264 3890 infructuosum.
1301 3839 1359 3888 Wili
1376 3853 1412 3889 nu
1429 3839 1473 3890 der
1490 3839 1568 3896 Hert,
1601 3839 1689 3903 quoad

327 3911 463 3972 praeterita
490 3911 660 3974 temporariis
688 3912 870 3961 observationes
888 3909 932 3958 der
959 3909 1027 3959 alten
1045 3908 1280 3960 Mathematicorum
1308 3911 1457 3970 essumiren,
1485 3907 1531 3960 het
1548 3924 1576 3960 es
1594 3909 1688 3967 demit,

327 3979 400 4029 creda
420 3987 529 4042 experto,
549 3980 617 4031 disse
629 3981 732 4032 bechste
751 3980 892 4035 difficultet,
912 3981 970 4030 dass
990 3979 1029 4029 die
1054 3987 1167 4044 tempora
1184 3980 1320 4044 praeterita
1340 3981 1365 4030 in
1384 3995 1481 4030 summa
1502 3987 1529 4030 et
1546 3981 1689 4032 incredibili

327 4049 510 4108 incertitudine,
522 4051 575 4100 also
589 4052 633 4101 das
644 4051 696 4101 sich
706 4052 770 4101 anob
783 4053 878 4100 ratione
887 4051 1002 4115 ipsissimi
1013 4052 1130 4114 temporis
1141 4051 1264 4100 lsctamm
1276 4051 1482 4109 obseruationum,
1496 4050 1688 4116 gsscbrreigsns

327 4119 372 4167 snt
389 4119 428 4169 dio
446 4123 585 4185 praecisam
612 4121 861 4186 circumscriptionem
888 4123 1016 4184 ipsiusmet
1044 4121 1218 4172 observationis
1240 4122 1286 4170 mit
1309 4121 1424 4184 nichten,
1452 4121 1504 4172 und
1528 4124 1557 4184 la
1584 4135 1633 4188 ger
1660 4123 1688 4171 in

327 4189 407 4238 nichts
426 4205 457 4238 an
474 4191 608 4243 verlasssn.

415 4261 449 4310 Es
466 4268 532 4312 ware
551 4263 632 4313 daron
660 4261 707 4312 viel
726 4277 757 4312 au
784 4261 920 4326 schreibeu,
949 4261 1017 4312 daun
1043 4261 1084 4311 iob
1111 4263 1206 4312 ratione
1231 4275 1305 4312 verse
1325 4267 1351 4310 et
1378 4269 1483 4314 exsctee
1503 4262 1688 4328 Chronologiae

328 4333 463 4392 tempcmm
481 4333 669 4396 praeteritorum
687 4331 846 4397 nngltublich
865 4332 911 4381 viel
924 4331 1001 4382 Miiba
1013 4333 1064 4382 nnd
1077 4331 1207 4382 Unkosten
1226 4333 1408 4396 suigerrendet,
1425 4333 1463 4383 bia
1475 4332 1516 4382 ioh
1528 4349 1585 4383 snm
1598 4335 1689 4384 Grnnd

328 4399 438 4466 gelungt.
474 4402 541 4453 Aber
559 4405 592 4453 ist
609 4404 655 4453 viel
674 4419 705 4452 au
723 4403 866 4467 veitiinfig,
896 4403 946 4452 und
965 4409 1003 4453 ost
1021 4417 1069 4462 res,
1089 4415 1153 4467 quse
1180 4404 1282 4468 requirit
1299 4404 1422 4468 integram
1441 4409 1553 4456 aetatem
1570 4405 1616 4454 riri
1634 4406 1686 4454 sin·

328 4468 446 4532 gulariter
463 4472 521 4523 huic
538 4476 574 4524 rei
601 4474 773 4524 incumbentis.
810 4472 855 4523 Ich
872 4473 921 4522 viil
948 4472 1022 4523 ailein
1051 4474 1114 4524 disse
1134 4488 1165 4523 au
1189 4476 1269 4524 sineru
1289 4472 1406 4536 Exempei
1424 4487 1512 4540 sagon.
1549 4473 1604 4523 Der
1620 4473 1688 4525 Herr

328 4538 421 4589 meldet
437 4543 464 4590 in
482 4545 577 4594 seiuem
595 4543 738 4601 Schreiben,
757 4545 803 4593 vie
822 4559 849 4592 er
866 4543 921 4593 sich
937 4543 998 4592 iiber
1016 4543 1055 4594 die
1071 4545 1277 4608 inaequalitatem
1295 4545 1356 4595 suni
1369 4542 1414 4594 dte.
1431 4545 1600 4596 remuders.
1626 4545 1688 4594 Nun

328 4608 416 4658 uimmt
433 4611 467 4661 Er
484 4613 525 4663 dis
542 4615 725 4664 observationes
743 4613 865 4664 Metonis.
886 4615 932 4663 vie
951 4613 990 4663 dis
1008 4629 1064 4663 vom
1082 4613 1225 4665 Ptolemaeo
1243 4615 1379 4666 recensiert
1395 4615 1508 4670 verdon.
1532 4614 1627 4666 welche
1645 4616 1688 4665 teir

329 4677 398 4727 daun
415 4694 446 4730 ex
464 4681 571 4734 Diodoro
591 4684 673 4734 Siculo
692 4693 717 4734 et
735 4685 833 4735 Jusnne
852 4683 943 4734 Testae
962 4684 1117 4734 confirmiren
1136 4686 1212 4735 kann.
1240 4684 1290 4735 Sed
1308 4682 1391 4751 quid?
1410 4685 1437 4736 Si
1454 4685 1543 4738 Meton
1560 4686 1602 4736 illo
1622 4691 1686 4737 tenr-

328 4761 388 4812 pore
405 4751 540 4803 nadaver
564 4753 654 4806 stliobs
672 4755 728 4805 Vici
746 4753 809 4805 istu
835 4754 946 4805 demach
963 4767 1009 4820 gar
1026 4757 1072 4805 urit
1098 4756 1199 4806 alcheon
1226 4756 1295 4808 seins
1323 4757 1506 4809 obsanstionss
1531 4756 1687 4824 gspflogeu?
