3648 5530
317 274 387 344 492
925 277 1074 332 Dlnertallo
1182 293 1185 304 ¹

320 463 498 519 consuetam
522 452 776 532 magnitudinem,
806 453 943 514 censebit
967 471 1024 515 non
1047 451 1182 531 pluribus
1210 449 1271 516 100
1294 452 1403 514 abesse
1427 454 1586 534 passibus,
1619 455 1677 516 ad-

318 545 447 624 jurante
480 551 512 604 et
543 541 757 603 clarificatione
789 541 914 602 visionis
947 541 1120 620 perspicillo
1152 548 1324 620 procurata.
1372 543 1550 606 Incredibile
1574 543 1679 606 multis

322 632 443 695 videtur
465 629 646 710 epichirema
669 637 731 691 tarn
756 628 887 692 efficacis
901 629 1076 709 perspicilli,
1100 637 1133 690 at
1156 629 1340 709 impossibile
1364 639 1418 691 aut
1435 649 1546 694 novum
1561 650 1678 712 nequa-

322 739 413 800 quam
436 727 491 794 est,
517 737 570 780 neo
595 737 689 798 nuper
712 739 731 779 a
752 718 857 797 Belgis
880 719 1000 797 prodiit,
1026 719 1081 780 sed
1106 725 1154 780 tot
1171 719 1237 796 jam
1260 717 1347 780 annis
1372 727 1463 780 antea
1485 721 1637 800 proditum
1661 741 1680 780 a

321 807 342 869 J
351 827 378 870 o.
403 807 581 888 Baptista
604 807 734 880 Porta,
760 807 881 886 Magiae
906 807 1054 868 naturalis
1078 807 1153 868 libro
1178 807 1288 881 XVII,
1311 826 1378 886 cap.
1407 806 1466 883 10,
1491 810 1528 870 de
1553 809 1679 872 cristal-

277 921 280 928 ¹
323 896 402 958 linae
425 896 515 958 lentis
544 897 708 958 affectibus.
767 895 865 974 thue
900 903 1062 976 appareat,
1092 915 1130 956 ne
1161 896 1407 976 compositionem
1439 896 1557 976 quidem
1585 917 1680 960 cavae

323 993 355 1046 et
378 1003 530 1046 convexae
561 985 652 1046 lentis
675 1003 743 1044 esse
767 991 891 1057 novam,
928 1003 984 1064 age
1017 985 1111 1045 verba
1135 983 1245 1045 Portae
1274 986 1482 1063 producamus.
1530 985 1582 1048 Sic
1606 987 1678 1048 ille:

325 1073 449 1150 „Posito
473 1074 558 1135 oculo
582 1074 611 1134 in
636 1081 738 1134 centro
763 1081 843 1134 retro
869 1074 997 1146 lentem,
1033 1092 1107 1152 quae
1139 1083 1257 1134 remota
1281 1072 1392 1135 fuerint
1411 1075 1487 1136 adeo
1510 1075 1680 1155 propinqua

322 1162 458 1231 videbis,
492 1169 526 1224 ut
555 1162 641 1239 quasi
669 1181 759 1223 manu
792 1181 828 1222 ea
860 1170 985 1240 tangere
1010 1159 1150 1234 videaris,
1180 1169 1216 1222 ut
1238 1162 1326 1223 valde
1350 1172 1482 1224 remotos
1505 1183 1677 1243 cognoscas

296 1251 445 1324 amicos,
472 1251 576 1312 literas
601 1251 749 1329 epistolae
774 1250 802 1310 in
828 1250 932 1311 debita
955 1251 1102 1311 distantia
1117 1249 1285 1311 collocatae
1310 1251 1386 1312 adeo
1397 1271 1529 1330 magnas
1548 1252 1677 1327 videbis,

321 1348 355 1402 ut
377 1340 533 1419 perspicue
558 1340 663 1419 legas;
696 1340 722 1400 si
746 1338 858 1400 lentem
881 1336 1056 1412 inclinabis,
1083 1345 1116 1399 ut
1139 1357 1193 1418 per
1216 1338 1366 1418 obliquum
1391 1339 1551 1418 epistolam
1575 1341 1678 1420 inspi-

322 1428 404 1504 cias,
443 1430 548 1490 literas
580 1428 657 1489 satis
688 1427 871 1505 majusculas
904 1425 1039 1500 videbis,
1077 1436 1112 1488 ut
1144 1427 1236 1488 etiam
1259 1447 1312 1507 per
1342 1426 1385 1492 20
1408 1447 1518 1508 passus
1542 1438 1675 1492 remotas

243 1583 245 1588 ,
322 1517 429 1596 legas:
463 1525 494 1578 et
526 1517 552 1578 si
585 1517 707 1577 lentes
739 1516 992 1595 multiplicare
1017 1515 1188 1589 noveris,
1221 1535 1288 1577 uon
1318 1535 1465 1594 vereor,
1500 1518 1584 1600 quin
1611 1537 1678 1599 per

325 1603 387 1670 100
417 1625 554 1686 passus
586 1605 770 1668 minimam
804 1604 954 1666 literam
988 1603 1238 1683 conspiceris,
1274 1613 1307 1666 ut
1338 1625 1377 1668 ex
1407 1625 1466 1667 una
1490 1607 1519 1668 in
1543 1607 1675 1669 alteram

321 1695 450 1776 majores
479 1694 643 1756 reddantur
666 1694 868 1756 characteres.
916 1693 1033 1755 Debilis
1065 1695 1148 1754 visus
1182 1713 1220 1754 ex
1253 1694 1336 1756 visus
1370 1697 1518 1775 qualitate
1542 1697 1677 1777 specillis

321 1792 432 1846 utatur.
466 1782 526 1853 Qui
549 1783 580 1844 id
595 1790 676 1844 recte
692 1783 815 1845 sciverit
834 1783 1069 1856 accommodare,
1095 1800 1153 1843 non
1168 1800 1294 1861 parvum
1310 1783 1502 1848 nanciscetur
1516 1793 1676 1848 secretum.

322 1871 483 1936 Concavae
509 1872 606 1934 lentes
630 1890 706 1952 qnae
730 1872 818 1951 longe
842 1879 912 1932 sunt
936 1870 1102 1933 clarissime
1125 1889 1247 1933 cernere
1273 1871 1401 1942 faciunt,
1426 1892 1581 1938 convenae
1605 1893 1677 1954 pro-

322 1962 443 2042 pinqua,
467 1961 545 2022 nude
568 1977 606 2022 en
629 1960 710 2022 visus
735 1960 949 2023 commoditate
972 1960 1019 2021 his
1043 1959 1100 2021 frui
1127 1959 1252 2038 poteris.
1301 1959 1442 2024 Concavo
1467 1963 1559 2042 longe
1582 1982 1678 2044 parva

324 2051 408 2112 vides
433 2050 487 2111 sed
511 2049 688 2129 perspicua,
722 2067 855 2112 convexo
886 2049 1053 2128 propinqua
1075 2049 1192 2128 majora
1214 2049 1268 2110 sed
1298 2050 1427 2113 turbida.
1474 2049 1514 2114 Si
1539 2059 1677 2126 ιιιιιιιιι-

325 2157 390 2218 que
414 2148 516 2201 reete
542 2157 759 2219 componere
783 2138 943 2210 nov-eris,
966 2147 998 2198 et
1017 2137 1178 2217 longinqua
1196 2145 1227 2198 et
1244 2139 1515 2219 proximamajora
1539 2149 1572 2202 et
1594 2142 1679 2204 clara

323 2227 450 2289 videbis.
496 2227 563 2288 Non
588 2245 693 2306 parum
716 2225 817 2288 multis
842 2225 946 2288 amicis
970 2225 1074 2287 auxilii
1104 2226 1331 2306 praestitimus,
1366 2229 1416 2308 qui
1450 2239 1481 2290 et
1514 2229 1678 2310 longinqua

226 2336 231 2347 ¹
324 2315 475 2390 obsoleta,
500 2316 637 2395 proxima
662 2314 781 2376 turbida
804 2314 1047 2393 conspiciebant,
1075 2324 1108 2376 ut
1131 2315 1229 2376 omnia
1251 2316 1473 2394 perfectissime
1496 2327 1678 2381 contueren-

324 2405 405 2466 tur.“
444 2405 529 2467 Haec
554 2405 653 2484 capite
681 2402 730 2466 10.
770 2403 879 2483 Capite
897 2403 948 2466 ll.
973 2422 1080 2464 novum
1104 2405 1223 2466 titulum
1247 2404 1323 2466 facit
1346 2405 1382 2466 de
1402 2407 1547 2483 specillis,
1573 2407 1678 2487 quibos

327 2513 419 2572 supra
441 2513 558 2555 omnem
581 2494 748 2572 cogitatum
773 2493 945 2572 longissime
971 2492 1036 2573 quis
1061 2492 1234 2572 conspicere
1259 2501 1369 2574 queat:
1405 2497 1459 2556 sed
1484 2497 1675 2558 demonstra·

301 2635 304 2644 ι
324 2582 438 2646 tionem
462 2584 499 2645 de
523 2583 672 2644 industria
695 2583 790 2662 (quod
814 2591 846 2642 et
868 2582 1040 2662 profitetur)
1065 2580 1108 2642 sie
1133 2581 1267 2657 involvit,
1295 2591 1327 2643 ιιι
1351 2583 1470 2645 nescias
1495 2585 1566 2665 quid
1586 2586 1677 2658 dicat,

325 2691 363 2734 an
388 2673 424 2732 de
449 2672 579 2733 lentibus
602 2671 763 2752 perlucidis
787 2679 879 2750 agat,
913 2679 946 2731 ut
978 2670 1143 2746 hactenus,
1178 2690 1217 2734 an
1249 2690 1320 2733 vero
1353 2673 1507 2751 speculum
1531 2672 1680 2754 adjungat

324 2779 450 2842 opaeum
481 2761 681 2839 laevigatam:
718 2759 884 2839 cujusmodi
916 2777 1004 2820 unum
1039 2767 1071 2819 et
1102 2759 1220 2838 ipsein
1252 2760 1349 2822 animo
1383 2761 1494 2835 habeo,
1526 2763 1607 2844 quod
1630 2781 1678 2824 res

314 2859 456 2926 ,remotas
479 2850 561 2912 nullo
585 2849 754 2912 discrimine
779 2847 935 2910 absentiae
959 2847 989 2910 in
1015 2847 1147 2910 maxima
1178 2848 1349 2928 quantitate
1382 2849 1509 2930 ideoque
1543 2859 1576 2912 ut
1605 2869 1678 2929 pro·

324 2939 452 3020 pinques
476 2948 507 3000 et
529 2946 689 3018 praeterea
712 2937 977 3018 proportionaliter
1000 2944 1105 2998 auctas
1130 2937 1268 3008 exhibet,
1293 2945 1381 3001 tanta
1404 2939 1544 3002 claritate
1569 2947 1682 3020 quanta

325 3047 362 3088 ex
386 3029 508 3107 speculo
533 3029 626 3107 (quod
651 3027 822 3089 necessario
846 3026 955 3088 coloris
980 3025 1057 3087 fusci
1080 3027 1143 3100 est)
1168 3027 1283 3106 sperari
1307 3033 1419 3106 potest.

413 3116 491 3178 Huic
515 3117 580 3178 loco
603 3117 671 3177 libri
695 3116 807 3178 Portae
840 3135 906 3177 cum
940 3114 1072 3176 viderem
1102 3115 1266 3193 praefixam
1299 3116 1451 3195 querelam
1480 3116 1566 3178 initio
1592 3117 1679 3196 capi-

327 3203 366 3264 tis
393 3201 452 3266 1οε
480 3208 642 3280 „cararum
666 3212 698 3266 et
721 3223 920 3266 conversarum
944 3202 1075 3274 lentium,
1092 3210 1123 3264 et
1140 3203 1341 3282 specillorum,
1367 3211 1527 3284 tantopere
1541 3205 1680 3267 humanis

327 3292 430 3354 usibus
454 3293 700 3368 necessariorum,
726 3313 820 3374 neque
836 3294 974 3354 effectum
993 3311 1088 3371 neque
1112 3291 1246 3354 rationes
1275 3293 1372 3355 adhuc
1406 3313 1425 3354 a
1454 3294 1573 3355 nemine
1598 3294 1680 3356 alla-

328 3380 409 3455 tas,“
434 3401 500 3442 eam
525 3401 647 3460 operam
671 3383 764 3443 snmsi
788 3389 858 3444 ante
887 3400 982 3442 annos
1009 3399 1064 3442 sex
1087 3380 1116 3441 in
1141 3381 1354 3444 Astronotuiae
1378 3389 1466 3461 parte
1491 3381 1621 3462 Optica,
1645 3391 1680 3444 ιιι

328 3469 397 3549 quid
420 3470 450 3531 in
470 3469 654 3549 simplicibus
676 3470 856 3548 perspicillis
875 3469 1037 3542 accideret,
1059 3470 1210 3530 luculenta
1224 3470 1480 3532 demonstratione
1495 3472 1682 3550 geometrica

328 3559 483 3620 redderem
507 3557 689 3638 expeditum.
719 3559 833 3620 Videre
857 3567 907 3621 est
929 3557 969 3645 ibi
990 3556 1066 3637 Cap.
1085 3559 1134 3633 V„
1159 3559 1209 3620 ubi
1234 3559 1407 3621 demonstro
1430 3559 1483 3620 illa
1507 3578 1583 3640 quae
1607 3578 1681 3639 per-

329 3647 429 3710 tinent
451 3646 633 3709 admodum
655 3645 786 3718 ridendi,
811 3647 987 3726 conjunctas
1010 3647 1040 3708 in
1070 3648 1223 3710 schemate
1248 3647 1363 3728 effigies
1393 3647 1460 3709 cavi
1493 3655 1525 3710 et
1555 3648 1683 3712 convexi

329 3735 502 3816 perspicilli‚
526 3736 615 3816 plane
638 3736 679 3796 ad
703 3755 770 3797 eum
792 3737 921 3810 modum,
950 3753 1006 3815 quo
1030 3736 1131 3797 solent
1153 3736 1241 3798 hodie
1269 3736 1300 3798 iu
1323 3735 1456 3818 vulgatis
1480 3737 1561 3800 tubis
1580 3737 1681 3816 jungi.

328 3822 444 3895 Quodsi
476 3843 534 3886 non
565 3825 655 3887 lectio
687 3824 809 3904 Magiae
840 3825 950 3887 Portae
993 3824 1180 3886 occasionem
1211 3825 1295 3886 dedit
1327 3825 1394 3888 huic
1428 3821 1681 3894 machinamento,

330 3923 382 3975 aut
405 3914 432 3976 si
455 3931 513 3974 non
537 3913 646 3993 aliquis
670 3912 831 3994 Belgarum
863 3934 902 3975 ex
933 3912 1028 3994 ipsius
1051 3913 1163 3976 Portae
1188 3912 1392 3976 instructione·
1408 3913 1609 3978 fabrefactum
1631 3914 1680 3976 in-

327 4009 525 4065 strumentum
560 4003 666 4064 solutis
699 4001 811 4064 silentii
845 4003 961 4082 legibus
999 4009 1094 4063 morte
1127 4001 1238 4064 Portae
1275 4002 1489 4083 multiplicavit
1527 4003 1556 4064 in
1593 4002 1683 4082 plura

329 4091 482 4171 exempla,
517 4099 551 4152 ut
573 4110 702 4156 mercem
726 4089 863 4152 venalem
888 4092 1020 4164 faceret,
1049 4091 1124 4153 haec
1157 4099 1239 4153 certe
1263 4091 1379 4172 elligies
1411 4091 1479 4171 ipsa
1506 4092 1574 4165 (iol.
1600 4085 1682 4164 256)

329 4179 397 4241 libri
420 4179 479 4240 mei
503 4179 602 4258 potnit
625 4179 772 4242 curiosum
800 4180 945 4242 lectorem
976 4177 1134 4241 admonere
1169 4180 1206 4240 de
1240 4187 1411 4256 structura,
1444 4179 1623 4259 praesertim
1657 4178 1683 4240 si

328 4267 489 4329 lectionem
513 4268 800 4331 demonstrationum
824 4287 956 4330 mearum
989 4286 1055 4328 cum
1078 4274 1164 4329 textu
1187 4267 1298 4330 Portae
1323 4269 1488 4347 conjunxit.
1534 4269 1604 4330 Non
1633 4277 1683 4329 est

328 4365 430 4418 minen
455 4355 639 4430 incredibile,
663 4358 791 4419 solertes
815 4358 983 4435 sculptores
1007 4355 1035 4416 in
1060 4364 1150 4435 gente
1174 4355 1337 4426 industria,
1362 4357 1411 4436 qui
1435 4356 1618 4436 perspicillis
1642 4355 1682 4417 ad

245 4495 248 4502 .
329 4445 500 4523 sculpturae
525 4443 666 4508 minutias
690 4445 836 4506 videndas
852 4453 983 4518 utuntur,
1008 4462 1081 4504 casu
1096 4445 1187 4506 etiam
1211 4444 1241 4508 in
1266 4445 1412 4508 fabricam
1435 4445 1513 4507 hanc
1527 4445 1682 4521 incidisse,

329 4531 398 4592 dum
423 4532 520 4594 lentes
544 4552 694 4595 convexas
718 4535 801 4595 cavis
824 4533 906 4594 varie
930 4531 1092 4606 associant,
1117 4540 1158 4608 ut,
1184 4551 1260 4611 quae
1279 4534 1461 4596 combinatio
1485 4533 1591 4596 melius
1614 4552 1682 4596 ser-

329 4619 394 4680 viat
408 4621 511 4696 oculis,
536 4640 602 4682 eam
621 4621 744 4701 eligant.
781 4622 849 4684 Non
866 4621 927 4684 ista
950 4620 1016 4682 dico
1040 4620 1079 4681 ad
1094 4621 1318 4702 deprimendam
1333 4623 1498 4685 inventoris
1516 4621 1683 4684 mechanici

332 4703 469 4782 laudem,
508 4709 641 4788 quisquis
679 4710 743 4772 fuit.
801 4709 872 4772 Scio
911 4716 1053 4790 qnantum
1083 4708 1204 4772 intersit
1237 4712 1316 4772 inter
1354 4712 1519 4774 rationales
1559 4711 1682 4792 conjec-

319 4799 416 4876 'turas
445 4802 477 4854 et
499 4796 651 4860 oculatam
673 4797 910 4877 experientiam
942 4796 1020 4860 inter
1042 4796 1210 4860 Ptolemaei
1237 4798 1474 4880 disputationem
1497 4799 1535 4862 de
1559 4799 1682 4879 antipo-
