3464 5524
640 1268 1140 1377 succensum

825 1553 849 1558 -·
863 1553 957 1562 -——-·

229 1707 528 1836 Argumentum
567 1749 662 1829 operis
697 1769 785 1832 quum
818 1751 967 1830 Keplsros
1008 1753 1072 1833 ipse
1104 1753 1370 1828 dedicatione,ad
1404 1749 1568 1814 Gaesarem

142 1843 363 1923 Rudolpirum
409 1851 452 1904 et
492 1839 600 1904 literis
631 1859 705 1920 quas
736 1841 927 1919 adjunximus
958 1841 998 1902 ad
1029 1844 1141 1904 amic'os
1172 1844 1364 1921 lautoresque
1392 1840 1568 1920 perscriptis

156 1933 295 2006 scierat,
330 1931 447 2011 plura
486 1930 531 1990 de
564 1927 615 1988 illo
645 1928 743 1990 dicere
769 1930 948 2007 superfluum
973 1929 1100 1992 videtur.
1147 1929 1263 2000 Quibus
1292 1947 1362 1991 vero
1387 1929 1487 1992 causis
1510 1929 1567 1990 ad-

164 2022 277 2082 ductus
304 2029 344 2080 et
371 2037 445 2098 qno
475 2026 620 2095 tempore
643 2034 716 2096 opos
741 2035 825 2078 eoum
849 2015 998 2097 inceperit
1021 2028 1126 2080 auctor
1140 2019 1272 2098 illudque
1286 2016 1469 2092 absolverit,
1493 2017 1569 2078 haec

168 2109 332 2182 indicare,
369 2115 541 2187 qnantum
572 2111 696 2183 apparet
718 2124 734 2165 e
759 2105 940 2167 testimoniis
964 2107 1232 2186 manuscriptorum
1260 2127 1336 2188 qnae
1367 2109 1486 2168 fortuna
1516 2125 1569 2168 se·

172 2195 280 2258 canda
311 2193 558 2266 conservavit,
591 2192 707 2270 gratius
739 2195 797 2256 erit
828 2194 1002 2257 lectoribus.
1028 2225 1067 2238 -·
1093 2195 1167 2257 Inde
1191 2195 1230 2256 ab
1255 2213 1290 2256 eo
1322 2203 1471 2273 tempore,
1511 2213 1569 2274 quo

174 2284 341 2364 Keplerus
359 2283 512 2362 Pragam
529 2281 568 2341 ad
583 2281 753 2363 Tychonem
776 2290 902 2344 venerat
925 2281 1009 2355 (Jao.
1021 2285 1091 2346 auni
1110 2279 1221 2357 1600),
1245 2285 1339 2345 multo
1362 2282 1460 2362 magis
1479 2300 1568 2362 quam

179 2379 281 2433 antea
306 2369 442 2432 Gratiis
475 2369 688 2452 astronomicis
719 2389 752 2430 se
782 2369 897 2431 dedidit
924 2371 1041 2434 studiis.
1089 2369 1176 2442 Quae
1204 2379 1295 2433 antea
1318 2381 1439 2451 praeter
1462 2389 1569 2432 munus

182 2459 246 2520 sibi
272 2458 423 2520 oblatum
448 2457 478 2519 si
502 2459 622 2519 occasio
645 2457 767 2520 tulisset
790 2459 993 2520 astronomica
1008 2461 1176 2532 tractabat,
1199 2461 1228 2522 in
1252 2460 1289 2522 iis
1309 2460 1374 2538 jam
1388 2459 1475 2520 unies
1497 2477 1569 2519 ver-

108 2559 116 2566 ·
187 2548 338 2611 sabatur.
391 2543 515 2607 Calculi
541 2546 732 2608 astronomici
757 2547 918 2608 secundnm
942 2547 1092 2628 Tychonis
1116 2547 1354 2619 observationes,
1377 2547 1568 2608 observatio-

188 2655 250 2696 nes
278 2634 513 2695 astronomicae
537 2635 633 2696 omnis
655 2635 787 2713 generis,
813 2635 972 2713 praecipue
996 2634 1151 2716 eclipsium
1175 2637 1337 2698 Lonorium
1360 2633 1570 2714 Solariumqne

191 2723 371 2784 mandatae
405 2721 467 2800 ipsi
496 2730 583 2783 erant
605 2723 644 2784 ab
668 2723 852 2801 imperatore
879 2722 1040 2804 Rudolpbo
1078 2743 1191 2804 eaeque
1223 2725 1340 2804 quidem
1375 2723 1570 2801 astrologiam

195 2809 345 2872 mamma
379 2817 558 2888 spectantes
587 2811 747 2872 adomino
778 2813 830 2873 illo
862 2813 1069 2890 superstitioni
1099 2813 1259 2874 admodum
1292 2811 1403 2873 dedito.
1451 2810 1568 2880 Quibus

196 2897 369 2960 mandatis
392 2905 521 2960 naturae
545 2898 670 2978 Kepleri
699 2899 944 2961 convenientibus
976 2909 1186 2976 „astronomos
1210 2899 1400 2984 Gaesar·ens“
1430 2917 1489 2979 qua
1510 2914 1568 2977 po·

199 2985 270 3048 tuit
304 2984 467 3064 diligentia
499 2993 531 3047 et
558 2987 657 3053 studio
688 2987 854 3062 satisfecit,
896 2989 1095 3068 astrologica,
1130 2989 1235 3068 quibus
1273 2994 1323 3048 ea¹
1341 2993 1422 3048 certe
1451 2985 1569 3049 ratione

201 3091 304 3154 qnam
326 3074 497 3152 Imperator
519 3074 639 3137 colebat
660 3095 766 3155 parum
799 3074 905 3137 tribuit
926 3075 1092 3156 Keplems,
1127 3086 1161 3138 ut
1191 3077 1258 3137 aliis
1289 3073 1364 3137 loeis
1388 3075 1568 3154 comproba·

201 3163 328 3236 vimus,
354 3170 494 3240 qnantum
517 3162 617 3242 potnit
640 3164 876 3244 subterfugiens,
900 3165 1103 3227 astronomica
1125 3183 1197 3226 vero
1211 3163 1347 3226 omnibns
1362 3164 1459 3226 modis
1474 3181 1567 3226 exce-

203 3251 294 3312 lens.
315 3279 359 3292 -
378 3249 463 3312 Inter
485 3268 602 3326 ornnes,
637 3252 685 3337 qui
710 3251 919 3314 astronomicis
945 3253 1260 3315 observationibns'et
1292 3253 1415 3314 calculis
1446 3269 1569 3333 operam

203 3339 309 3412 dant,
334 3345 468 3410 constat,
497 3339 599 3418 quanti
624 3341 686 3402 sint
708 3341 850 3402 momenti
870 3343 971 3422 optioa
994 3341 1355 3422 quaedamproblemata
1378 3341 1407 3403 in
1432 3341 1488 3402 hoc
1511 3359 1568 3419 ge-

203 3443 288 3489 nere
311 3425 492 3505 studiorum3
516 3427 729 3499 retractiones,
754 3429 893 3491 diametri
912 3429 1008 3505 Solis,
1032 3431 1138 3492 Lunae
1160 3431 1420 3510 planetarumque,
1446 3429 1570 3509 quanti-

203 3522 302 3577 tates
335 3513 504 3578 umbrarum
535 3516 565 3578 in
598 3517 785 3578 luminarium
809 3517 947 3598 deliquiis
971 3520 1026 3580 dec.
1050 3519 1125 3580 haee
1155 3519 1255 3580 omnia
1279 3518 1453 3579 desiderant
1475 3535 1569 3596 peen-

204 3603 325 3665 liarem
348 3601 585 3684 inquisitionem,
616 3604 794 3667 innitentem
818 3604 947 3685 Opticae
978 3607 1189 3669 fundamentis.
1236 3605 1475 3668 Observationes
1498 3605 1568 3687 Ty·

204 3689 354 3752 ebonis
374 3692 529 3768 Brahei‚
554 3693 634 3755 inter
655 3711 758 3756 omnes
781 3694 899 3756 illorum
915 3703 1082 3776 tempomrn
1107 3696 1196 3775 louge
1217 3695 1508 3774 praestantissimae,
1533 3712 1569 3752 eo

206 3795 336 3862 quoqne
359 3779 482 3842 aliorum
507 3781 736 3844 observationes
761 3785 995 3861 antecedebant,
1030 3785 1107 3863 qood
1131 3783 1399 3845 refractionem
1422 3780 1569 3843 rationem

205 3867 373 3929 habebant
386 3869 424 3930 ab
439 3868 503 3930 illis
517 3877 569 3931 aut
582 3871 672 3950 plane
686 3871 891 3951 neglectamm
906 3880 960 3933 ant
974 3879 1056 3934 certe
1072 3891 1129 3934 non
1143 3869 1200 3933 rite
1216 3871 1428 3934 adhibitorum.
1454 3866 1569 3941 (Dubia

203 3964 301 4018 certe
316 3965 453 4033 essunt,
479 3963 556 4037 quae
579 3959 616 4019 do
632 3959 847 4020 Ptolemaeo
872 3961 991 4040 quidam
1006 3961 1149 4036 referunt,
1175 3961 1260 4040 quasi
1284 3961 1334 4022 ille
1357 3955 1570 4020 refractionem

203 4043 485 4108 astronomicarum
525 4047 673 4109 rationem
710 4046 858 4112 habuerit.
909 4048 996 4118 Quae
1028 4067 1100 4111 vero
1141 4048 1178 4109 de
1211 4049 1342 4110 Bernh.
1375 4043 1571 4108 Walthero
1644 4085 1646 4088 -

201 4133 322 4198 Norib.
349 4143 509 4196 narramur
533 4134 706 4198 adhibuisse
729 4137 814 4198 illum
836 4137 1048 4198 refractionem
1063 4137 1092 4198 in
1108 4136 1369 4198 observationibus
1384 4129 1569 4194 astronomi·
1633 4171 1639 4182 =
1683 4173 1684 4178 κ

201 4223 265 4296 cis,
292 4241 330 4283 ea
353 4231 439 4284 certa
458 4223 579 4302 quidem
592 4231 671 4298 suot,
697 4243 791 4304 neque
807 4233 908 4288 autem
929 4225 1118 4287 excedebant
1130 4224 1328 4286 retractiones
1342 4221 1570 4292 horizontales.)

200 4310 307 4374 Pauci
332 4310 381 4391 qni
405 4317 479 4372 ante
495 4310 658 4391 Keplemm
680 4313 718 4374 de
737 4311 857 4393 Opticis
879 4314 998 4393 publice
1022 4319 1157 4392 egomet,
1180 4313 1210 4373 in
1235 4310 1320 4373 libris
1343 4309 1406 4370 sois
1429 4316 1570 4370 astrono-

200 4399 301 4463 miam
335 4417 446 4480 parum
477 4399 693 4486 respiciebant,
728 4401 859 4462 maxima
889 4421 926 4462 ex
950 4411 1039 4480 parte
1063 4399 1324 4482 „perspectivam“
1352 4398 1417 4460 looc
1442 4395 1571 4476 Opticae

199 4489 429 4562 discutientes,
463 4487 676 4549 refractionem
708 4497 790 4552 certe
821 4490 1055 4552 astronomicam
1078 4507 1116 4549 ne
1143 4487 1235 4548 verbo
1258 4487 1377 4567 quidem
1401 4489 1571 4564 tangentes,

201 4587 341 4661 excepto
356 4575 560 4642 Alhaaeno
577 4572 600 4648 ¹)
615 4576 717 4639 Arabe
733 4585 766 4639 et
787 4577 848 4654 illo,
874 4576 923 4658 qoi
937 4578 1015 4639 hone
1029 4585 1149 4638 secutos
1164 4581 1212 4636 est
1227 4575 1342 4651 ducem,
1358 4573 1571 4636 Vitellione.

196 4667 325 4752 ¹l'ycbo,
361 4674 399 4730 ut
433 4681 532 4742 sopra
564 4663 704 4739 diximus,
737 4666 821 4728 illam
849 4665 1044 4749 respiciebat,
1079 4679 1257 4744 quamquam
1283 4681 1407 4743 prorsus
1429 4663 1571 4741 ignoraus

192 4777 303 4823 veram
330 4757 402 4837 ejus
436 4769 581 4825 cansam,
614 4752 657 4814 ita
686 4762 720 4814 ot
742 4755 953 4816 refractionem
986 4755 1076 4814 aliam
1100 4749 1180 4821 Soli,
1212 4749 1304 4812 aliam
1326 4751 1447 4826 Lunae,
1480 4751 1571 4813 aliam

189 4849 297 4920 ,alfia
322 4843 399 4910 fixis
425 4837 591 4904 moueret
613 4839 776 4922 .Kepleros
798 4841 1013 4924 superveniens
1027 4837 1178 4924 Tychcnis
1201 4837 1327 4914 studiis,
1352 4840 1423 4920 quid
1445 4839 1493 4904 his
1515 4839 1571 4900 det·

1322 4941 1360 4996 ¹*
