<?xml version="1.0" encoding="UTF-8"?>
<!DOCTYPE html PUBLIC "-//W3C//DTD XHTML 1.0 Transitional//EN"
    "http://www.w3.org/TR/xhtml1/DTD/xhtml1-transitional.dtd">
<html xmlns="http://www.w3.org/1999/xhtml" xml:lang="en" lang="en">
 <head>
  <title>
</title>
<meta http-equiv="Content-Type" content="text/html;charset=utf-8" />
  <meta name='ocr-system' content='tesseract 3.04.00' />
  <meta name='ocr-capabilities' content='ocr_page ocr_carea ocr_par ocr_line ocrx_word'/>
</head>
<body>
  <div class='ocr_page' id='page_1' title='image "./joanniskepleria02unkngoog/joanniskepleria02unkngoog_0595.png"; bbox 0 0 3694 5528; ppageno 0'>
   <div class='ocr_carea' id='block_1_1' title="bbox 351 296 1088 368">
    <p class='ocr_par' dir='ltr' id='par_1_1' title="bbox 351 296 1088 368">
     <span class='ocr_line' id='line_1_1' title="bbox 351 296 1088 368; baseline -0.007 -19"><span class='ocrx_word' id='word_1_1' title='bbox 351 299 417 368; x_wconf 69' lang='lat'>554</span> <span class='ocrx_word' id='word_1_2' title='bbox 963 296 1088 359; x_wconf 66' lang='lat' dir='ltr'>propensu</span> 
     </span>
    </p>
   </div>
   <div class='ocr_carea' id='block_1_2' title="bbox 347 471 1706 911">
    <p class='ocr_par' dir='ltr' id='par_1_2' title="bbox 347 471 1706 911">
     <span class='ocr_line' id='line_1_2' title="bbox 348 471 1702 562; baseline -0.009 -18"><span class='ocrx_word' id='word_1_3' title='bbox 348 499 438 562; x_wconf 85' lang='lat' dir='ltr'>quem</span> <span class='ocrx_word' id='word_1_4' title='bbox 460 477 526 552; x_wconf 88' lang='grc' dir='ltr'>ΕΗ,</span> <span class='ocrx_word' id='word_1_5' title='bbox 550 495 604 556; x_wconf 90' lang='lat' dir='ltr'>per</span> <span class='ocrx_word' id='word_1_6' title='bbox 624 477 663 539; x_wconf 95' lang='lat' dir='ltr'>II.</span> <span class='ocrx_word' id='word_1_7' title='bbox 688 482 901 554; x_wconf 81' lang='lat' dir='ltr'>concurretque</span> <span class='ocrx_word' id='word_1_8' title='bbox 926 473 1072 534; x_wconf 79' lang='lat' dir='ltr'>refractus</span> <span class='ocrx_word' id='word_1_9' title='bbox 1096 491 1163 534; x_wconf 87' lang='lat' dir='ltr'>cum</span> <span class='ocrx_word' id='word_1_10' title='bbox 1181 471 1236 532; x_wconf 82' lang='grc' dir='ltr'>ΕΗ</span> <span class='ocrx_word' id='word_1_11' title='bbox 1260 472 1339 533; x_wconf 83' lang='lat' dir='ltr'>inira</span> <span class='ocrx_word' id='word_1_12' title='bbox 1360 471 1404 544; x_wconf 92' lang='grc' dir='ltr'>Η,</span> <span class='ocrx_word' id='word_1_13' title='bbox 1429 479 1590 534; x_wconf 73' lang='lat' dir='ltr'><strong>concurrat</strong></span> <span class='ocrx_word' id='word_1_14' title='bbox 1613 472 1644 532; x_wconf 91' lang='lat' dir='ltr'>iu</span> <span class='ocrx_word' id='word_1_15' title='bbox 1666 472 1702 533; x_wconf 86' lang='lat' dir='ltr'>ll.</span> 
     </span>
     <span class='ocr_line' id='line_1_3' title="bbox 347 558 1704 646; baseline -0.009 -15"><span class='ocrx_word' id='word_1_16' title='bbox 347 570 449 631; x_wconf 86' lang='lat' dir='ltr'><strong>Minor</strong></span> <span class='ocrx_word' id='word_1_17' title='bbox 472 567 564 646; x_wconf 86' lang='lat' dir='ltr'>igitur</span> <span class='ocrx_word' id='word_1_18' title='bbox 586 565 645 626; x_wconf 90' lang='lat' dir='ltr'>erit</span> <span class='ocrx_word' id='word_1_19' title='bbox 668 563 856 642; x_wconf 82' lang='lat' dir='ltr'>divergentia</span> <span class='ocrx_word' id='word_1_20' title='bbox 878 563 1011 641; x_wconf 88' lang='lat' dir='ltr'>ipsorum</span> <span class='ocrx_word' id='word_1_21' title='bbox 1025 561 1092 636; x_wconf 87' lang='lat' dir='ltr'>ER,</span> <span class='ocrx_word' id='word_1_22' title='bbox 1109 560 1164 622; x_wconf 81' lang='grc' dir='ltr'>ΕΒ</span> <span class='ocrx_word' id='word_1_23' title='bbox 1187 579 1276 641; x_wconf 87' lang='lat' dir='ltr'>quam</span> <span class='ocrx_word' id='word_1_24' title='bbox 1299 560 1364 634; x_wconf 87' lang='grc' dir='ltr'>ΒΕ,</span> <span class='ocrx_word' id='word_1_25' title='bbox 1380 558 1440 622; x_wconf 85' lang='lat' dir='ltr'>OF.</span> <span class='ocrx_word' id='word_1_26' title='bbox 1478 560 1521 620; x_wconf 86' lang='lat' dir='ltr'>Et</span> <span class='ocrx_word' id='word_1_27' title='bbox 1543 560 1704 622; x_wconf 78' lang='lat' dir='ltr'>intervallo</span> 
     </span>
     <span class='ocr_line' id='line_1_4' title="bbox 348 647 1705 737; baseline -0.007 -17"><span class='ocrx_word' id='word_1_28' title='bbox 348 657 453 737; x_wconf 89' lang='lat' dir='ltr'>majori</span> <span class='ocrx_word' id='word_1_29' title='bbox 478 653 534 718; x_wconf 85' lang='lat' dir='ltr'>GR</span> <span class='ocrx_word' id='word_1_30' title='bbox 557 673 644 733; x_wconf 86' lang='lat' dir='ltr'>quarn</span> <span class='ocrx_word' id='word_1_31' title='bbox 676 660 724 713; x_wconf 88' lang='lat' dir='ltr'>est</span> <span class='ocrx_word' id='word_1_32' title='bbox 748 650 803 714; x_wconf 84' lang='lat' dir='ltr'>CH</span> <span class='ocrx_word' id='word_1_33' title='bbox 833 651 1022 730; x_wconf 81' lang='lat' dir='ltr'>elongabitur</span> <span class='ocrx_word' id='word_1_34' title='bbox 1052 669 1213 712; x_wconf 81' lang='lat' dir='ltr'>concursus</span> <span class='ocrx_word' id='word_1_35' title='bbox 1245 648 1286 709; x_wconf 90' lang='lat' dir='ltr'>R.</span> <span class='ocrx_word' id='word_1_36' title='bbox 1343 647 1461 719; x_wconf 84' lang='lat' dir='ltr'>Quodsi</span> <span class='ocrx_word' id='word_1_37' title='bbox 1489 657 1627 710; x_wconf 88' lang='lat' dir='ltr'>centrum</span> <span class='ocrx_word' id='word_1_38' title='bbox 1654 649 1705 710; x_wconf 88' lang='lat' dir='ltr'>EF</span> 
     </span>
     <span class='ocr_line' id='line_1_5' title="bbox 348 736 1706 821; baseline -0.008 -12"><span class='ocrx_word' id='word_1_39' title='bbox 348 745 448 809; x_wconf 89' lang='lat' dir='ltr'>estin</span> <span class='ocrx_word' id='word_1_40' title='bbox 472 744 510 817; x_wconf 91' lang='lat' dir='ltr'>H,</span> <span class='ocrx_word' id='word_1_41' title='bbox 536 741 786 821; x_wconf 85' lang='lat' dir='ltr'>sesquidiametro</span> <span class='ocrx_word' id='word_1_42' title='bbox 811 741 889 802; x_wconf 84' lang='lat' dir='ltr'>inira</span> <span class='ocrx_word' id='word_1_43' title='bbox 913 738 948 814; x_wconf 85' lang='lat' dir='ltr'>G,</span> <span class='ocrx_word' id='word_1_44' title='bbox 974 746 1044 800; x_wconf 88' lang='lat' dir='ltr'>tunc</span> <span class='ocrx_word' id='word_1_45' title='bbox 1068 756 1229 799; x_wconf 80' lang='lat' dir='ltr'>concursus</span> <span class='ocrx_word' id='word_1_46' title='bbox 1254 738 1346 800; x_wconf 86' lang='lat' dir='ltr'>etiam</span> <span class='ocrx_word' id='word_1_47' title='bbox 1369 738 1403 798; x_wconf 88' lang='lat' dir='ltr'>fit</span> <span class='ocrx_word' id='word_1_48' title='bbox 1425 737 1453 799; x_wconf 92' lang='lat' dir='ltr'>iu</span> <span class='ocrx_word' id='word_1_49' title='bbox 1477 737 1506 798; x_wconf 90' lang='lat' dir='ltr'>H</span> <span class='ocrx_word' id='word_1_50' title='bbox 1530 745 1562 799; x_wconf 87' lang='lat' dir='ltr'>et</span> <span class='ocrx_word' id='word_1_51' title='bbox 1587 737 1633 798; x_wconf 88' lang='lat' dir='ltr'>sic</span> <span class='ocrx_word' id='word_1_52' title='bbox 1655 736 1706 798; x_wconf 85' lang='lat' dir='ltr'>EF</span> 
     </span>
     <span class='ocr_line' id='line_1_6' title="bbox 348 827 1044 911; baseline -0.011 -15"><span class='ocrx_word' id='word_1_53' title='bbox 348 834 424 896; x_wconf 88' lang='lat' dir='ltr'>nihil</span> <span class='ocrx_word' id='word_1_54' title='bbox 447 849 501 895; x_wconf 90' lang='lat' dir='ltr'>nec</span> <span class='ocrx_word' id='word_1_55' title='bbox 521 832 610 911; x_wconf 82' lang='lat' dir='ltr'>juvat</span> <span class='ocrx_word' id='word_1_56' title='bbox 633 850 689 893; x_wconf 86' lang='lat' dir='ltr'>nec</span> <span class='ocrx_word' id='word_1_57' title='bbox 713 828 838 910; x_wconf 89' lang='lat' dir='ltr'>impedit</span> <span class='ocrx_word' id='word_1_58' title='bbox 862 828 958 909; x_wconf 85' lang='lat' dir='ltr'>ipsam</span> <span class='ocrx_word' id='word_1_59' title='bbox 981 827 1044 890; x_wconf 88' lang='grc' dir='ltr'>ΒΕ.</span> 
     </span>
    </p>
   </div>
   <div class='ocr_carea' id='block_1_3' title="bbox 439 931 1704 1010">
    <p class='ocr_par' dir='ltr' id='par_1_3' title="bbox 439 931 1704 1010">
     <span class='ocr_line' id='line_1_7' title="bbox 439 931 1704 1010; baseline -0.006 -10"><span class='ocrx_word' id='word_1_60' title='bbox 439 936 586 1000; x_wconf 85' lang='lat' dir='ltr'>CXXXI.</span> <span class='ocrx_word' id='word_1_61' title='bbox 624 936 831 999; x_wconf 88' lang='lat' dir='ltr'>Problema.</span> <span class='ocrx_word' id='word_1_62' title='bbox 875 934 1022 996; x_wconf 86' lang='lat' dir='ltr'>Punctum</span> <span class='ocrx_word' id='word_1_63' title='bbox 1046 951 1208 994; x_wconf 89' lang='lat' dir='ltr'>concursus</span> <span class='ocrx_word' id='word_1_64' title='bbox 1232 949 1286 1010; x_wconf 89' lang='lat' dir='ltr'>pro</span> <span class='ocrx_word' id='word_1_65' title='bbox 1309 931 1440 993; x_wconf 88' lang='lat' dir='ltr'>meoisco</span> <span class='ocrx_word' id='word_1_66' title='bbox 1465 931 1612 993; x_wconf 85' lang='lat' dir='ltr'>inuenire.</span> <span class='ocrx_word' id='word_1_67' title='bbox 1647 931 1704 993; x_wconf 87' lang='lat' dir='ltr'>Seu</span> 
     </span>
    </p>
   </div>
   <div class='ocr_carea' id='block_1_4' title="bbox 254 1022 1301 1112">
    <p class='ocr_par' dir='ltr' id='par_1_4' title="bbox 254 1022 1301 1112">
     <span class='ocr_line' id='line_1_8' title="bbox 254 1022 1301 1112; baseline -0.01 -20"><span class='ocrx_word' id='word_1_68' title='bbox 254 1105 256 1112; x_wconf 28' lang='grc' dir='ltr'>Ι</span> <span class='ocrx_word' id='word_1_69' title='bbox 349 1033 495 1108; x_wconf 84' lang='lat' dir='ltr'>quantum</span> <span class='ocrx_word' id='word_1_70' title='bbox 518 1032 692 1088; x_wconf 83' lang='lat' dir='ltr'>attenuetur</span> <span class='ocrx_word' id='word_1_71' title='bbox 715 1025 790 1094; x_wconf 87' lang='lat' dir='ltr'>lens,</span> <span class='ocrx_word' id='word_1_72' title='bbox 815 1032 932 1085; x_wconf 83' lang='lat' dir='ltr'>tanturn</span> <span class='ocrx_word' id='word_1_73' title='bbox 957 1022 1091 1101; x_wconf 84' lang='lat' dir='ltr'>elongari</span> <span class='ocrx_word' id='word_1_74' title='bbox 1116 1039 1301 1082; x_wconf 88' lang='lat' dir='ltr'>concursum.</span> 
     </span>
    </p>
   </div>
   <div class='ocr_carea' id='block_1_5' title="bbox 436 1106 1707 1721">
    <p class='ocr_par' dir='ltr' id='par_1_5' title="bbox 436 1106 1706 1456">
     <span class='ocr_line' id='line_1_9' title="bbox 436 1106 1705 1186; baseline -0.006 -9"><span class='ocrx_word' id='word_1_75' title='bbox 436 1114 486 1177; x_wconf 89' lang='lat' dir='ltr'>Sit</span> <span class='ocrx_word' id='word_1_76' title='bbox 518 1111 631 1176; x_wconf 85' lang='lat' dir='ltr'>ABGD</span> <span class='ocrx_word' id='word_1_77' title='bbox 664 1114 829 1185; x_wconf 77' lang='lat' dir='ltr'>inmissus,</span> <span class='ocrx_word' id='word_1_78' title='bbox 859 1112 901 1186; x_wconf 94' lang='grc' dir='ltr'>Ε,</span> <span class='ocrx_word' id='word_1_79' title='bbox 935 1113 961 1172; x_wconf 90' lang='lat' dir='ltr'><strong>F</strong></span> <span class='ocrx_word' id='word_1_80' title='bbox 993 1118 1106 1173; x_wconf 88' lang='lat' dir='ltr'>centra.</span> <span class='ocrx_word' id='word_1_81' title='bbox 1164 1107 1280 1180; x_wconf 83' lang='lat' dir='ltr'>Quodsi</span> <span class='ocrx_word' id='word_1_82' title='bbox 1312 1106 1397 1172; x_wconf 83' lang='lat' dir='ltr'>ABG</span> <span class='ocrx_word' id='word_1_83' title='bbox 1430 1108 1496 1169; x_wconf 89' lang='lat' dir='ltr'>sola</span> <span class='ocrx_word' id='word_1_84' title='bbox 1529 1109 1705 1170; x_wconf 82' lang='lat' dir='ltr'>convexitas</span> 
     </span>
     <span class='ocr_line' id='line_1_10' title="bbox 458 1197 1705 1284; baseline -0.006 -19"><span class='ocrx_word' id='word_1_85' title='bbox 458 1272 463 1284; x_wconf 53' lang='grc'><strong>,</strong></span> <span class='ocrx_word' id='word_1_86' title='bbox 642 1204 755 1264; x_wconf 84' lang='lat' dir='ltr'>feceret</span> <span class='ocrx_word' id='word_1_87' title='bbox 783 1201 1015 1274; x_wconf 73' lang='lat' dir='ltr'>refracdonem,</span> <span class='ocrx_word' id='word_1_88' title='bbox 1045 1217 1204 1260; x_wconf 90' lang='lat' dir='ltr'>concursus</span> <span class='ocrx_word' id='word_1_89' title='bbox 1234 1204 1317 1259; x_wconf 88' lang='lat' dir='ltr'>esset</span> <span class='ocrx_word' id='word_1_90' title='bbox 1344 1204 1415 1276; x_wconf 86' lang='lat' dir='ltr'>post</span> <span class='ocrx_word' id='word_1_91' title='bbox 1443 1205 1507 1257; x_wconf 90' lang='lat' dir='ltr'>tres</span> <span class='ocrx_word' id='word_1_92' title='bbox 1529 1197 1586 1258; x_wconf 89' lang='grc' dir='ltr'>ΒΕ</span> <span class='ocrx_word' id='word_1_93' title='bbox 1616 1199 1705 1259; x_wconf 88' lang='lat' dir='ltr'>semi-</span> 
     </span>
     <span class='ocr_line' id='line_1_11' title="bbox 436 1267 1706 1369; baseline -0.004 -16"><span class='ocrx_word' id='word_1_94' title='bbox 436 1273 490 1338; x_wconf 64' lang='lat' dir='ltr'>FV·</span> <span class='ocrx_word' id='word_1_95' title='bbox 510 1267 554 1319; x_wconf 68' lang='lat'>³⁴·</span> <span class='ocrx_word' id='word_1_96' title='bbox 644 1293 807 1366; x_wconf 82' lang='lat' dir='ltr'>diametros</span> <span class='ocrx_word' id='word_1_97' title='bbox 827 1308 881 1369; x_wconf 90' lang='lat' dir='ltr'>per</span> <span class='ocrx_word' id='word_1_98' title='bbox 899 1287 1050 1351; x_wconf 86' lang='lat' dir='ltr'>XXXIV.</span> <span class='ocrx_word' id='word_1_99' title='bbox 1097 1285 1144 1348; x_wconf 88' lang='lat' dir='ltr'>At</span> <span class='ocrx_word' id='word_1_100' title='bbox 1163 1286 1228 1348; x_wconf 85' lang='lat' dir='ltr'>solo</span> <span class='ocrx_word' id='word_1_101' title='bbox 1254 1285 1335 1359; x_wconf 83' lang='lat' dir='ltr'>iacit,</span> <span class='ocrx_word' id='word_1_102' title='bbox 1362 1285 1387 1346; x_wconf 93' lang='lat' dir='ltr'>si</span> <span class='ocrx_word' id='word_1_103' title='bbox 1411 1284 1539 1347; x_wconf 89' lang='lat' dir='ltr'>circulus</span> <span class='ocrx_word' id='word_1_104' title='bbox 1565 1287 1706 1348; x_wconf 83' lang='lat' dir='ltr'>caritatis</span> 
     </span>
     <span class='ocr_line' id='line_1_12' title="bbox 640 1370 1705 1456; baseline -0.006 -14"><span class='ocrx_word' id='word_1_105' title='bbox 640 1379 727 1442; x_wconf 83' lang='lat' dir='ltr'>ADO</span> <span class='ocrx_word' id='word_1_106' title='bbox 752 1379 792 1454; x_wconf 83' lang='lat' dir='ltr'>sit</span> <span class='ocrx_word' id='word_1_107' title='bbox 815 1378 925 1456; x_wconf 83' lang='lat' dir='ltr'>triplus</span> <span class='ocrx_word' id='word_1_108' title='bbox 949 1378 987 1438; x_wconf 81' lang='lat' dir='ltr'>ad</span> <span class='ocrx_word' id='word_1_109' title='bbox 1011 1375 1213 1438; x_wconf 80' lang='lat' dir='ltr'>convexitatis</span> <span class='ocrx_word' id='word_1_110' title='bbox 1236 1374 1380 1435; x_wconf 85' lang='lat' dir='ltr'>circulum</span> <span class='ocrx_word' id='word_1_111' title='bbox 1404 1370 1503 1448; x_wconf 83' lang='lat' dir='ltr'>ABG,</span> <span class='ocrx_word' id='word_1_112' title='bbox 1529 1374 1588 1436; x_wconf 92' lang='lat' dir='ltr'>huc</span> <span class='ocrx_word' id='word_1_113' title='bbox 1614 1385 1662 1436; x_wconf 88' lang='lat' dir='ltr'>est</span> <span class='ocrx_word' id='word_1_114' title='bbox 1683 1376 1705 1436; x_wconf 92' lang='lat' dir='ltr'>si</span> 
     </span>
    </p>

    <p class='ocr_par' dir='ltr' id='par_1_6' title="bbox 590 1462 1707 1546">
     <span class='ocr_line' id='line_1_13' title="bbox 590 1462 1707 1546; baseline -0.006 -15"><span class='ocrx_word' id='word_1_115' title='bbox 590 1463 605 1509; x_wconf 79' lang='grc'>0</span> <span class='ocrx_word' id='word_1_116' title='bbox 640 1469 693 1531; x_wconf 83' lang='grc' dir='ltr'>ΒΕ</span> <span class='ocrx_word' id='word_1_117' title='bbox 722 1467 815 1546; x_wconf 86' lang='lat' dir='ltr'>tripla</span> <span class='ocrx_word' id='word_1_118' title='bbox 847 1465 937 1527; x_wconf 82' lang='lat' dir='ltr'>fuerit</span> <span class='ocrx_word' id='word_1_119' title='bbox 965 1466 1003 1526; x_wconf 88' lang='lat' dir='ltr'>ad</span> <span class='ocrx_word' id='word_1_120' title='bbox 1026 1464 1090 1528; x_wconf 90' lang='grc' dir='ltr'>ΒΕ.</span> <span class='ocrx_word' id='word_1_121' title='bbox 1138 1462 1219 1534; x_wconf 80' lang='lat' dir='ltr'>Quia</span> <span class='ocrx_word' id='word_1_122' title='bbox 1252 1463 1330 1524; x_wconf 91' lang='lat' dir='ltr'>euim</span> <span class='ocrx_word' id='word_1_123' title='bbox 1363 1481 1526 1524; x_wconf 91' lang='lat' dir='ltr'>concursus</span> <span class='ocrx_word' id='word_1_124' title='bbox 1560 1473 1611 1524; x_wconf 90' lang='lat' dir='ltr'>est</span> <span class='ocrx_word' id='word_1_125' title='bbox 1641 1473 1707 1542; x_wconf 90' lang='lat' dir='ltr'>post</span> 
     </span>
    </p>

    <p class='ocr_par' dir='ltr' id='par_1_7' title="bbox 642 1551 1706 1631">
     <span class='ocr_line' id='line_1_14' title="bbox 642 1551 1706 1631; baseline -0.004 -15"><span class='ocrx_word' id='word_1_126' title='bbox 642 1563 704 1618; x_wconf 89' lang='lat' dir='ltr'>tres</span> <span class='ocrx_word' id='word_1_127' title='bbox 729 1555 967 1618; x_wconf 83' lang='lat' dir='ltr'>semidiametros</span> <span class='ocrx_word' id='word_1_128' title='bbox 989 1553 1064 1626; x_wconf 86' lang='lat' dir='ltr'>BE;</span> <span class='ocrx_word' id='word_1_129' title='bbox 1090 1561 1172 1614; x_wconf 88' lang='lat' dir='ltr'>esset</span> <span class='ocrx_word' id='word_1_130' title='bbox 1195 1551 1286 1631; x_wconf 85' lang='lat' dir='ltr'>igitur</span> <span class='ocrx_word' id='word_1_131' title='bbox 1315 1569 1477 1613; x_wconf 88' lang='lat' dir='ltr'>concursus</span> <span class='ocrx_word' id='word_1_132' title='bbox 1501 1551 1530 1612; x_wconf 88' lang='lat' dir='ltr'>in</span> <span class='ocrx_word' id='word_1_133' title='bbox 1557 1553 1583 1612; x_wconf 91' lang='lat' dir='ltr'><strong>F</strong></span> <span class='ocrx_word' id='word_1_134' title='bbox 1608 1561 1706 1614; x_wconf 85' lang='lat' dir='ltr'>centro</span> 
     </span>
    </p>

    <p class='ocr_par' dir='ltr' id='par_1_8' title="bbox 640 1638 1705 1721">
     <span class='ocr_line' id='line_1_15' title="bbox 640 1638 1705 1721; baseline -0.006 -14"><span class='ocrx_word' id='word_1_135' title='bbox 640 1641 727 1707; x_wconf 86' lang='lat' dir='ltr'>ADC</span> <span class='ocrx_word' id='word_1_136' title='bbox 751 1645 872 1706; x_wconf 91' lang='lat' dir='ltr'>circuli:</span> <span class='ocrx_word' id='word_1_137' title='bbox 898 1642 967 1721; x_wconf 84' lang='lat' dir='ltr'>quia</span> <span class='ocrx_word' id='word_1_138' title='bbox 982 1642 1059 1704; x_wconf 86' lang='lat' dir='ltr'>radii</span> <span class='ocrx_word' id='word_1_139' title='bbox 1079 1661 1131 1721; x_wconf 91' lang='lat' dir='ltr'>per</span> <span class='ocrx_word' id='word_1_140' title='bbox 1155 1658 1263 1719; x_wconf 92' lang='lat' dir='ltr'>corpus</span> <span class='ocrx_word' id='word_1_141' title='bbox 1277 1638 1362 1702; x_wconf 85' lang='lat' dir='ltr'>ABG</span> <span class='ocrx_word' id='word_1_142' title='bbox 1386 1649 1582 1701; x_wconf 85' lang='lat' dir='ltr'>transeuntes</span> <span class='ocrx_word' id='word_1_143' title='bbox 1607 1660 1705 1702; x_wconf 87' lang='lat' dir='ltr'>omnes</span> 
     </span>
    </p>
   </div>
   <div class='ocr_carea' id='block_1_6' title="bbox 641 1725 1798 1900">
    <p class='ocr_par' dir='ltr' id='par_1_9' title="bbox 641 1725 1798 1900">
     <span class='ocr_line' id='line_1_16' title="bbox 641 1725 1798 1815; baseline -0.007 -20"><span class='ocrx_word' id='word_1_144' title='bbox 641 1732 903 1815; x_wconf 82' lang='lat' dir='ltr'>perpendiculares</span> <span class='ocrx_word' id='word_1_145' title='bbox 919 1731 1087 1793; x_wconf 89' lang='lat' dir='ltr'>inciderent</span> <span class='ocrx_word' id='word_1_146' title='bbox 1101 1731 1129 1791; x_wconf 94' lang='lat' dir='ltr'>in</span> <span class='ocrx_word' id='word_1_147' title='bbox 1144 1725 1251 1803; x_wconf 78' lang='lat' dir='ltr'>AD03</span> <span class='ocrx_word' id='word_1_148' title='bbox 1275 1747 1332 1790; x_wconf 88' lang='lat' dir='ltr'>nou</span> <span class='ocrx_word' id='word_1_149' title='bbox 1348 1729 1440 1807; x_wconf 83' lang='lat' dir='ltr'>igitur</span> <span class='ocrx_word' id='word_1_150' title='bbox 1459 1728 1703 1808; x_wconf 79' lang='lat' dir='ltr'>refringerentur.</span> <span class='ocrx_word' id='word_1_151' title='bbox 1797 1765 1798 1810; x_wconf 66' lang='lat'>2</span> 
     </span>
     <span class='ocr_line' id='line_1_17' title="bbox 641 1818 1703 1900; baseline -0.007 -15"><span class='ocrx_word' id='word_1_152' title='bbox 641 1821 749 1885; x_wconf 90' lang='lat' dir='ltr'>Lentis</span> <span class='ocrx_word' id='word_1_153' title='bbox 773 1821 865 1900; x_wconf 83' lang='lat' dir='ltr'>igitur</span> <span class='ocrx_word' id='word_1_154' title='bbox 880 1819 995 1882; x_wconf 87' lang='lat' dir='ltr'>ABCD</span> <span class='ocrx_word' id='word_1_155' title='bbox 1020 1837 1182 1880; x_wconf 86' lang='lat' dir='ltr'>concursus</span> <span class='ocrx_word' id='word_1_156' title='bbox 1207 1827 1253 1878; x_wconf 89' lang='lat' dir='ltr'>est</span> <span class='ocrx_word' id='word_1_157' title='bbox 1276 1826 1347 1897; x_wconf 91' lang='lat' dir='ltr'>post</span> <span class='ocrx_word' id='word_1_158' title='bbox 1366 1825 1429 1878; x_wconf 89' lang='lat' dir='ltr'>tres</span> <span class='ocrx_word' id='word_1_159' title='bbox 1453 1818 1703 1879; x_wconf 79' lang='lat' dir='ltr'>semidiametros.</span> 
     </span>
    </p>
   </div>
   <div class='ocr_carea' id='block_1_7' title="bbox 640 1905 1707 2167">
    <p class='ocr_par' dir='ltr' id='par_1_10' title="bbox 640 1905 1707 2167">
     <span class='ocr_line' id='line_1_18' title="bbox 731 1905 1707 1985; baseline -0.006 -13"><span class='ocrx_word' id='word_1_160' title='bbox 731 1909 862 1972; x_wconf 88' lang='lat' dir='ltr'>Rursum</span> <span class='ocrx_word' id='word_1_161' title='bbox 887 1927 952 1969; x_wconf 91' lang='lat' dir='ltr'>cum</span> <span class='ocrx_word' id='word_1_162' title='bbox 978 1908 1042 1969; x_wconf 90' lang='lat' dir='ltr'>lens</span> <span class='ocrx_word' id='word_1_163' title='bbox 1065 1913 1115 1969; x_wconf 88' lang='lat' dir='ltr'>est</span> <span class='ocrx_word' id='word_1_164' title='bbox 1137 1905 1284 1985; x_wconf 88' lang='lat' dir='ltr'>utrimque</span> <span class='ocrx_word' id='word_1_165' title='bbox 1314 1905 1483 1984; x_wconf 86' lang='lat' dir='ltr'>aequaliter</span> <span class='ocrx_word' id='word_1_166' title='bbox 1505 1925 1654 1982; x_wconf 79' lang='lat' dir='ltr'>connexa,</span> <span class='ocrx_word' id='word_1_167' title='bbox 1678 1915 1707 1966; x_wconf 90' lang='lat' dir='ltr'>ut</span> 
     </span>
     <span class='ocr_line' id='line_1_19' title="bbox 640 1994 1703 2074; baseline -0.008 -10"><span class='ocrx_word' id='word_1_168' title='bbox 640 1997 735 2074; x_wconf 86' lang='lat' dir='ltr'>ABG,</span> <span class='ocrx_word' id='word_1_169' title='bbox 755 1996 851 2071; x_wconf 84' lang='lat' dir='ltr'>AHO,</span> <span class='ocrx_word' id='word_1_170' title='bbox 878 2015 1039 2058; x_wconf 88' lang='lat' dir='ltr'>concursus</span> <span class='ocrx_word' id='word_1_171' title='bbox 1062 2017 1122 2059; x_wconf 83' lang='lat' dir='ltr'>unu</span> <span class='ocrx_word' id='word_1_172' title='bbox 1145 1994 1370 2056; x_wconf 84' lang='lat' dir='ltr'>semidiametro</span> <span class='ocrx_word' id='word_1_173' title='bbox 1384 1994 1439 2058; x_wconf 89' lang='grc' dir='ltr'>ΒΕ</span> <span class='ocrx_word' id='word_1_174' title='bbox 1463 2015 1482 2054; x_wconf 86' lang='lat' dir='ltr'>s.</span> <span class='ocrx_word' id='word_1_175' title='bbox 1503 1996 1530 2056; x_wconf 93' lang='lat' dir='ltr'>B</span> <span class='ocrx_word' id='word_1_176' title='bbox 1556 1996 1656 2069; x_wconf 82' lang='lat' dir='ltr'>abest,</span> <span class='ocrx_word' id='word_1_177' title='bbox 1677 1995 1703 2055; x_wconf 93' lang='lat' dir='ltr'>in</span> 
     </span>
     <span class='ocr_line' id='line_1_20' title="bbox 641 2085 919 2167; baseline 0 -19"><span class='ocrx_word' id='word_1_178' title='bbox 641 2089 668 2148; x_wconf 89' lang='grc' dir='ltr'><strong>Ε</strong></span> <span class='ocrx_word' id='word_1_179' title='bbox 691 2106 745 2167; x_wconf 91' lang='lat' dir='ltr'>per</span> <span class='ocrx_word' id='word_1_180' title='bbox 767 2085 919 2148; x_wconf 88' lang='lat' dir='ltr'>XXXIX.</span> 
     </span>
    </p>
   </div>
   <div class='ocr_carea' id='block_1_8' title="bbox 731 2169 1798 2251">
    <p class='ocr_par' dir='ltr' id='par_1_11' title="bbox 731 2169 1798 2251">
     <span class='ocr_line' id='line_1_21' title="bbox 731 2169 1798 2251; baseline -0.006 -16"><span class='ocrx_word' id='word_1_181' title='bbox 731 2175 833 2236; x_wconf 92' lang='lat' dir='ltr'>Tertio</span> <span class='ocrx_word' id='word_1_182' title='bbox 857 2193 923 2237; x_wconf 90' lang='lat' dir='ltr'>cum</span> <span class='ocrx_word' id='word_1_183' title='bbox 955 2173 1019 2234; x_wconf 93' lang='lat' dir='ltr'>lens</span> <span class='ocrx_word' id='word_1_184' title='bbox 1050 2177 1099 2232; x_wconf 92' lang='lat' dir='ltr'>est</span> <span class='ocrx_word' id='word_1_185' title='bbox 1121 2169 1242 2234; x_wconf 88' lang='lat' dir='ltr'><strong>AGOH</strong></span> <span class='ocrx_word' id='word_1_186' title='bbox 1270 2173 1361 2251; x_wconf 82' lang='lat' dir='ltr'>plana</span> <span class='ocrx_word' id='word_1_187' title='bbox 1385 2171 1414 2232; x_wconf 93' lang='lat' dir='ltr'>in</span> <span class='ocrx_word' id='word_1_188' title='bbox 1438 2169 1539 2243; x_wconf 73' lang='lat' dir='ltr'>Asc,</span> <span class='ocrx_word' id='word_1_189' title='bbox 1571 2171 1704 2251; x_wconf 85' lang='lat' dir='ltr'>paralleli</span> <span class='ocrx_word' id='word_1_190' title='bbox 1797 2217 1798 2228; x_wconf 73' lang='lat'>.</span> 
     </span>
    </p>
   </div>
   <div class='ocr_carea' id='block_1_9' title="bbox 643 2260 1798 2432">
    <p class='ocr_par' dir='ltr' id='par_1_12' title="bbox 643 2260 1798 2432">
     <span class='ocr_line' id='line_1_22' title="bbox 643 2260 1798 2340; baseline -0.004 -15"><span class='ocrx_word' id='word_1_191' title='bbox 643 2263 672 2325; x_wconf 93' lang='lat' dir='ltr'>in</span> <span class='ocrx_word' id='word_1_192' title='bbox 697 2261 786 2325; x_wconf 88' lang='lat' dir='ltr'>AGC</span> <span class='ocrx_word' id='word_1_193' title='bbox 810 2263 883 2325; x_wconf 88' lang='lat' dir='ltr'>nihil</span> <span class='ocrx_word' id='word_1_194' title='bbox 911 2260 1034 2324; x_wconf 86' lang='lat' dir='ltr'>refracti</span> <span class='ocrx_word' id='word_1_195' title='bbox 1066 2267 1245 2322; x_wconf 89' lang='lat' dir='ltr'>concurrunt</span> <span class='ocrx_word' id='word_1_196' title='bbox 1267 2267 1338 2340; x_wconf 90' lang='lat' dir='ltr'>post</span> <span class='ocrx_word' id='word_1_197' title='bbox 1361 2261 1435 2321; x_wconf 92' lang='lat' dir='ltr'>duos</span> <span class='ocrx_word' id='word_1_198' title='bbox 1466 2261 1704 2322; x_wconf 78' lang='lat' dir='ltr'>semidiametros</span> <span class='ocrx_word' id='word_1_199' title='bbox 1795 2291 1798 2336; x_wconf 62' lang='lat'>&#39;.</span> 
     </span>
     <span class='ocr_line' id='line_1_23' title="bbox 643 2347 1705 2432; baseline -0.003 -20"><span class='ocrx_word' id='word_1_200' title='bbox 643 2370 698 2432; x_wconf 91' lang='lat' dir='ltr'>per</span> <span class='ocrx_word' id='word_1_201' title='bbox 720 2351 857 2414; x_wconf 89' lang='lat' dir='ltr'>XXXV.</span> <span class='ocrx_word' id='word_1_202' title='bbox 883 2359 916 2412; x_wconf 86' lang='lat' dir='ltr'>ut</span> <span class='ocrx_word' id='word_1_203' title='bbox 939 2351 968 2412; x_wconf 93' lang='lat' dir='ltr'>in</span> <span class='ocrx_word' id='word_1_204' title='bbox 994 2347 1027 2412; x_wconf 89' lang='lat' dir='ltr'>S.</span> <span class='ocrx_word' id='word_1_205' title='bbox 1702 2350 1705 2364; x_wconf 89' lang='lat'>&#39;</span> 
     </span>
    </p>
   </div>
   <div class='ocr_carea' id='block_1_10' title="bbox 732 2436 1798 2522">
    <p class='ocr_par' dir='ltr' id='par_1_13' title="bbox 732 2436 1798 2522">
     <span class='ocr_line' id='line_1_24' title="bbox 732 2436 1798 2522; baseline -0.007 -21"><span class='ocrx_word' id='word_1_206' title='bbox 732 2438 849 2510; x_wconf 77' lang='lat' dir='ltr'>Quarto</span> <span class='ocrx_word' id='word_1_207' title='bbox 873 2459 927 2522; x_wconf 81' lang='lat' dir='ltr'>per</span> <span class='ocrx_word' id='word_1_208' title='bbox 952 2437 1083 2510; x_wconf 85' lang='lat' dir='ltr'>CXXV,</span> <span class='ocrx_word' id='word_1_209' title='bbox 1109 2436 1136 2496; x_wconf 91' lang='lat' dir='ltr'>si</span> <span class='ocrx_word' id='word_1_210' title='bbox 1160 2437 1236 2497; x_wconf 87' lang='lat' dir='ltr'>duae</span> <span class='ocrx_word' id='word_1_211' title='bbox 1271 2437 1366 2499; x_wconf 89' lang='lat' dir='ltr'>lentes</span> <span class='ocrx_word' id='word_1_212' title='bbox 1396 2439 1612 2518; x_wconf 82' lang='lat' dir='ltr'>jungerentur,</span> <span class='ocrx_word' id='word_1_213' title='bbox 1637 2457 1700 2497; x_wconf 91' lang='lat' dir='ltr'>con·</span> <span class='ocrx_word' id='word_1_214' title='bbox 1797 2443 1798 2464; x_wconf 67' lang='lat'>¹</span> 
     </span>
    </p>
   </div>
   <div class='ocr_carea' id='block_1_11' title="bbox 353 2525 1798 3142">
    <p class='ocr_par' dir='ltr' id='par_1_14' title="bbox 353 2525 1798 3142">
     <span class='ocr_line' id='line_1_25' title="bbox 643 2525 1249 2608; baseline -0.007 -17"><span class='ocrx_word' id='word_1_215' title='bbox 643 2549 748 2591; x_wconf 89' lang='lat' dir='ltr'>cursus</span> <span class='ocrx_word' id='word_1_216' title='bbox 773 2527 896 2590; x_wconf 92' lang='lat' dir='ltr'>dimidio</span> <span class='ocrx_word' id='word_1_217' title='bbox 919 2527 1014 2608; x_wconf 90' lang='lat' dir='ltr'>ipsius</span> <span class='ocrx_word' id='word_1_218' title='bbox 1038 2526 1092 2588; x_wconf 89' lang='grc' dir='ltr'>ΕΒ</span> <span class='ocrx_word' id='word_1_219' title='bbox 1117 2525 1249 2587; x_wconf 85' lang='lat' dir='ltr'>abesset.</span> 
     </span>
     <span class='ocr_line' id='line_1_26' title="bbox 731 2613 1703 2697; baseline -0.007 -18"><span class='ocrx_word' id='word_1_220' title='bbox 731 2617 779 2679; x_wconf 86' lang='lat' dir='ltr'>Ex</span> <span class='ocrx_word' id='word_1_221' title='bbox 802 2617 850 2679; x_wconf 90' lang='lat' dir='ltr'>his</span> <span class='ocrx_word' id='word_1_222' title='bbox 874 2617 966 2697; x_wconf 80' lang='lat' dir='ltr'>igitur</span> <span class='ocrx_word' id='word_1_223' title='bbox 994 2613 1134 2692; x_wconf 83' lang='lat' dir='ltr'>vestigiis</span> <span class='ocrx_word' id='word_1_224' title='bbox 1159 2622 1302 2693; x_wconf 83' lang='lat' dir='ltr'>apparet,</span> <span class='ocrx_word' id='word_1_225' title='bbox 1338 2613 1482 2693; x_wconf 81' lang='lat' dir='ltr'>fereque</span> <span class='ocrx_word' id='word_1_226' title='bbox 1516 2615 1703 2694; x_wconf 88' lang='lat' dir='ltr'>proportione</span> 
     </span>
     <span class='ocr_line' id='line_1_27' title="bbox 494 2703 1798 2785; baseline -0.007 -15"><span class='ocrx_word' id='word_1_227' title='bbox 494 2745 512 2785; x_wconf 63' lang='grc' dir='ltr'><strong>Τ</strong></span> <span class='ocrx_word' id='word_1_228' title='bbox 644 2706 734 2769; x_wconf 89' lang='lat' dir='ltr'>lentis</span> <span class='ocrx_word' id='word_1_229' title='bbox 758 2707 914 2768; x_wconf 85' lang='lat' dir='ltr'>crassities</span> <span class='ocrx_word' id='word_1_230' title='bbox 933 2705 989 2768; x_wconf 93' lang='lat' dir='ltr'>BD</span> <span class='ocrx_word' id='word_1_231' title='bbox 1013 2703 1165 2777; x_wconf 89' lang='lat' dir='ltr'>minuitur,</span> <span class='ocrx_word' id='word_1_232' title='bbox 1190 2723 1228 2764; x_wconf 84' lang='lat' dir='ltr'>ea</span> <span class='ocrx_word' id='word_1_233' title='bbox 1242 2703 1434 2783; x_wconf 87' lang='lat' dir='ltr'>proportione</span> <span class='ocrx_word' id='word_1_234' title='bbox 1459 2704 1565 2781; x_wconf 87' lang='lat' dir='ltr'>augeri</span> <span class='ocrx_word' id='word_1_235' title='bbox 1591 2703 1703 2764; x_wconf 79' lang='lat' dir='ltr'>disten·</span> <span class='ocrx_word' id='word_1_236' title='bbox 1797 2771 1798 2784; x_wconf 10' lang='grc' dir='ltr'>χ</span> 
     </span>
     <span class='ocr_line' id='line_1_28' title="bbox 645 2792 1798 2874; baseline -0.008 -17"><span class='ocrx_word' id='word_1_237' title='bbox 645 2796 719 2858; x_wconf 84' lang='lat' dir='ltr'>tiam</span> <span class='ocrx_word' id='word_1_238' title='bbox 743 2795 844 2874; x_wconf 91' lang='lat' dir='ltr'>puncti</span> <span class='ocrx_word' id='word_1_239' title='bbox 869 2813 1030 2857; x_wconf 89' lang='lat' dir='ltr'>concursus</span> <span class='ocrx_word' id='word_1_240' title='bbox 1055 2811 1074 2852; x_wconf 86' lang='lat' dir='ltr'>a</span> <span class='ocrx_word' id='word_1_241' title='bbox 1096 2793 1185 2852; x_wconf 89' lang='lat' dir='ltr'>lente.</span> <span class='ocrx_word' id='word_1_242' title='bbox 1232 2793 1311 2856; x_wconf 84' lang='lat' dir='ltr'>Nam</span> <span class='ocrx_word' id='word_1_243' title='bbox 1343 2809 1408 2853; x_wconf 90' lang='lat' dir='ltr'>cunr</span> <span class='ocrx_word' id='word_1_244' title='bbox 1439 2792 1599 2854; x_wconf 82' lang='lat' dir='ltr'>crassities</span> <span class='ocrx_word' id='word_1_245' title='bbox 1629 2799 1704 2853; x_wconf 89' lang='lat' dir='ltr'>esset</span> <span class='ocrx_word' id='word_1_246' title='bbox 1797 2815 1798 2842; x_wconf 73' lang='lat' dir='ltr'>r</span> 
     </span>
     <span class='ocr_line' id='line_1_29' title="bbox 355 2879 1705 2961; baseline -0.008 -12"><span class='ocrx_word' id='word_1_247' title='bbox 355 2890 402 2951; x_wconf 91' lang='lat' dir='ltr'>bis</span> <span class='ocrx_word' id='word_1_248' title='bbox 425 2885 492 2961; x_wconf 91' lang='grc' dir='ltr'>ΒΗ,</span> <span class='ocrx_word' id='word_1_249' title='bbox 518 2884 665 2946; x_wconf 85' lang='lat' dir='ltr'>distantia</span> <span class='ocrx_word' id='word_1_250' title='bbox 688 2884 843 2947; x_wconf 90' lang='lat' dir='ltr'>dimidium</span> <span class='ocrx_word' id='word_1_251' title='bbox 867 2883 925 2945; x_wconf 87' lang='lat' dir='ltr'>iuit</span> <span class='ocrx_word' id='word_1_252' title='bbox 948 2883 984 2944; x_wconf 93' lang='lat' dir='ltr'>de</span> <span class='ocrx_word' id='word_1_253' title='bbox 1007 2880 1071 2942; x_wconf 86' lang='lat' dir='ltr'>BE.</span> <span class='ocrx_word' id='word_1_254' title='bbox 1120 2879 1195 2942; x_wconf 86' lang='lat' dir='ltr'>Cum</span> <span class='ocrx_word' id='word_1_255' title='bbox 1219 2880 1273 2942; x_wconf 84' lang='lat' dir='ltr'>illa</span> <span class='ocrx_word' id='word_1_256' title='bbox 1300 2881 1393 2941; x_wconf 87' lang='lat' dir='ltr'>semel</span> <span class='ocrx_word' id='word_1_257' title='bbox 1417 2881 1487 2956; x_wconf 88' lang='grc' dir='ltr'>ΒΗ,</span> <span class='ocrx_word' id='word_1_258' title='bbox 1518 2881 1597 2943; x_wconf 83' lang='lat' dir='ltr'>lraec</span> <span class='ocrx_word' id='word_1_259' title='bbox 1621 2879 1705 2941; x_wconf 88' lang='lat' dir='ltr'>semel</span> 
     </span>
     <span class='ocr_line' id='line_1_30' title="bbox 353 2967 1705 3052; baseline -0.008 -14"><span class='ocrx_word' id='word_1_260' title='bbox 353 2978 417 3052; x_wconf 88' lang='grc' dir='ltr'>ΒΕ,</span> <span class='ocrx_word' id='word_1_261' title='bbox 449 2993 515 3036; x_wconf 91' lang='lat' dir='ltr'>cum</span> <span class='ocrx_word' id='word_1_262' title='bbox 549 2974 602 3035; x_wconf 84' lang='lat' dir='ltr'>illa</span> <span class='ocrx_word' id='word_1_263' title='bbox 634 2974 758 3035; x_wconf 85' lang='lat' dir='ltr'>dimidia</span> <span class='ocrx_word' id='word_1_264' title='bbox 781 2993 823 3035; x_wconf 89' lang='lat' dir='ltr'>sc.</span> <span class='ocrx_word' id='word_1_265' title='bbox 850 2970 918 3046; x_wconf 88' lang='lat' dir='ltr'>GH,</span> <span class='ocrx_word' id='word_1_266' title='bbox 944 2971 1019 3031; x_wconf 84' lang='lat' dir='ltr'>haec</span> <span class='ocrx_word' id='word_1_267' title='bbox 1035 2967 1088 3030; x_wconf 90' lang='lat' dir='ltr'>bis</span> <span class='ocrx_word' id='word_1_268' title='bbox 1113 2976 1180 3031; x_wconf 86' lang='lat' dir='ltr'>erat</span> <span class='ocrx_word' id='word_1_269' title='bbox 1201 2969 1270 3042; x_wconf 91' lang='grc' dir='ltr'>ΒΕ,</span> <span class='ocrx_word' id='word_1_270' title='bbox 1300 2969 1417 3031; x_wconf 88' lang='lat' dir='ltr'>scilicet</span> <span class='ocrx_word' id='word_1_271' title='bbox 1439 2969 1499 3031; x_wconf 77' lang='grc' dir='ltr'>ΒΕ.</span> <span class='ocrx_word' id='word_1_272' title='bbox 1547 2971 1621 3031; x_wconf 88' lang='lat' dir='ltr'>Jam</span> <span class='ocrx_word' id='word_1_273' title='bbox 1648 2987 1705 3030; x_wconf 89' lang='lat' dir='ltr'>curn</span> 
     </span>
     <span class='ocr_line' id='line_1_31' title="bbox 355 3055 1705 3142; baseline -0.007 -16"><span class='ocrx_word' id='word_1_274' title='bbox 355 3063 413 3142; x_wconf 89' lang='lat' dir='ltr'>ipsi</span> <span class='ocrx_word' id='word_1_275' title='bbox 429 3061 489 3124; x_wconf 88' lang='lat' dir='ltr'>GH</span> <span class='ocrx_word' id='word_1_276' title='bbox 507 3062 556 3123; x_wconf 89' lang='lat' dir='ltr'>vel</span> <span class='ocrx_word' id='word_1_277' title='bbox 569 3059 629 3123; x_wconf 88' lang='lat' dir='ltr'>BG</span> <span class='ocrx_word' id='word_1_278' title='bbox 653 3063 746 3124; x_wconf 83' lang='lat' dir='ltr'>tertia</span> <span class='ocrx_word' id='word_1_279' title='bbox 768 3061 859 3140; x_wconf 89' lang='lat' dir='ltr'>paulo</span> <span class='ocrx_word' id='word_1_280' title='bbox 883 3060 979 3122; x_wconf 89' lang='lat' dir='ltr'>minus</span> <span class='ocrx_word' id='word_1_281' title='bbox 1003 3077 1075 3138; x_wconf 85' lang='lat' dir='ltr'>pars</span> <span class='ocrx_word' id='word_1_282' title='bbox 1095 3057 1264 3131; x_wconf 85' lang='lat' dir='ltr'>decederet,</span> <span class='ocrx_word' id='word_1_283' title='bbox 1291 3058 1420 3120; x_wconf 78' lang='lat' dir='ltr'>accessit</span> <span class='ocrx_word' id='word_1_284' title='bbox 1445 3057 1561 3120; x_wconf 89' lang='lat' dir='ltr'>duabus</span> <span class='ocrx_word' id='word_1_285' title='bbox 1577 3057 1642 3132; x_wconf 91' lang='grc' dir='ltr'>ΒΕ,</span> <span class='ocrx_word' id='word_1_286' title='bbox 1660 3055 1705 3118; x_wconf 84' lang='lat' dir='ltr'>BS</span> 
     </span>
    </p>
   </div>
   <div class='ocr_carea' id='block_1_12' title="bbox 355 3149 785 3213">
    <p class='ocr_par' dir='ltr' id='par_1_15' title="bbox 355 3149 785 3213">
     <span class='ocr_line' id='line_1_32' title="bbox 355 3149 785 3213; baseline 0 -2"><span class='ocrx_word' id='word_1_287' title='bbox 355 3149 587 3213; x_wconf 81' lang='lat' dir='ltr'>semidiametris</span> <span class='ocrx_word' id='word_1_288' title='bbox 611 3151 703 3213; x_wconf 87' lang='lat' dir='ltr'>tertia</span> <span class='ocrx_word' id='word_1_289' title='bbox 726 3149 785 3212; x_wconf 88' lang='lat' dir='ltr'>SF.</span> 
     </span>
    </p>
   </div>
   <div class='ocr_carea' id='block_1_13' title="bbox 440 3231 1637 3316">
    <p class='ocr_par' dir='ltr' id='par_1_16' title="bbox 440 3231 1637 3316">
     <span class='ocr_line' id='line_1_33' title="bbox 440 3231 1637 3316; baseline -0.005 -16"><span class='ocrx_word' id='word_1_290' title='bbox 440 3239 519 3300; x_wconf 87' lang='lat' dir='ltr'>Esse</span> <span class='ocrx_word' id='word_1_291' title='bbox 544 3245 645 3300; x_wconf 82' lang='lat' dir='ltr'>sutem</span> <span class='ocrx_word' id='word_1_292' title='bbox 669 3238 729 3301; x_wconf 89' lang='lat' dir='ltr'>DG</span> <span class='ocrx_word' id='word_1_293' title='bbox 754 3238 850 3300; x_wconf 89' lang='lat' dir='ltr'>minus</span> <span class='ocrx_word' id='word_1_294' title='bbox 875 3236 968 3298; x_wconf 89' lang='lat' dir='ltr'>tertia</span> <span class='ocrx_word' id='word_1_295' title='bbox 990 3241 1078 3312; x_wconf 89' lang='lat' dir='ltr'>parte</span> <span class='ocrx_word' id='word_1_296' title='bbox 1103 3233 1139 3294; x_wconf 89' lang='lat' dir='ltr'>de</span> <span class='ocrx_word' id='word_1_297' title='bbox 1165 3231 1221 3295; x_wconf 87' lang='lat' dir='ltr'>GB</span> <span class='ocrx_word' id='word_1_298' title='bbox 1245 3236 1293 3296; x_wconf 86' lang='lat' dir='ltr'>vel</span> <span class='ocrx_word' id='word_1_299' title='bbox 1319 3232 1387 3309; x_wconf 90' lang='lat' dir='ltr'>GH,</span> <span class='ocrx_word' id='word_1_300' title='bbox 1413 3235 1456 3297; x_wconf 92' lang='lat' dir='ltr'>sic</span> <span class='ocrx_word' id='word_1_301' title='bbox 1479 3235 1637 3316; x_wconf 86' lang='lat' dir='ltr'>probatur.</span> 
     </span>
    </p>
   </div>
   <div class='ocr_carea' id='block_1_14' title="bbox 351 3317 1705 4326">
    <p class='ocr_par' dir='ltr' id='par_1_17' title="bbox 351 3317 1705 4024">
     <span class='ocr_line' id='line_1_34' title="bbox 442 3317 1380 3388; baseline -0.004 -12"><span class='ocrx_word' id='word_1_302' title='bbox 442 3325 481 3376; x_wconf 82' lang='lat' dir='ltr'>Sit</span> <span class='ocrx_word' id='word_1_303' title='bbox 499 3328 565 3375; x_wconf 87' lang='lat' dir='ltr'>onim</span> <span class='ocrx_word' id='word_1_304' title='bbox 584 3327 628 3374; x_wconf 80' lang='lat' dir='ltr'>AB</span> <span class='ocrx_word' id='word_1_305' title='bbox 648 3329 685 3377; x_wconf 82' lang='lat' dir='ltr'>rel</span> <span class='ocrx_word' id='word_1_306' title='bbox 705 3323 754 3375; x_wconf 88' lang='grc'>300</span> <span class='ocrx_word' id='word_1_307' title='bbox 772 3327 810 3376; x_wconf 82' lang='lat' dir='ltr'>rel</span> <span class='ocrx_word' id='word_1_308' title='bbox 828 3323 860 3375; x_wconf 88' lang='grc'>00</span> <span class='ocrx_word' id='word_1_309' title='bbox 879 3323 931 3383; x_wconf 89' lang='grc'>30’,</span> <span class='ocrx_word' id='word_1_310' title='bbox 950 3339 994 3388; x_wconf 85' lang='lat' dir='ltr'>per</span> <span class='ocrx_word' id='word_1_311' title='bbox 1012 3321 1070 3372; x_wconf 93' lang='lat' dir='ltr'>VII.</span> <span class='ocrx_word' id='word_1_312' title='bbox 1090 3322 1275 3372; x_wconf 71' lang='lat' dir='ltr'>exabundanti</span> <span class='ocrx_word' id='word_1_313' title='bbox 1294 3323 1340 3373; x_wconf 87' lang='lat' dir='ltr'>erit</span> <span class='ocrx_word' id='word_1_314' title='bbox 1378 3317 1380 3320; x_wconf 70' lang='grc'><strong>’</strong></span> 
     </span>
     <span class='ocr_line' id='line_1_35' title="bbox 352 3389 1375 3456; baseline -0.006 -8"><span class='ocrx_word' id='word_1_315' title='bbox 352 3399 399 3448; x_wconf 84' lang='lat' dir='ltr'>AG</span> <span class='ocrx_word' id='word_1_316' title='bbox 417 3397 455 3446; x_wconf 85' lang='lat' dir='ltr'>vel</span> <span class='ocrx_word' id='word_1_317' title='bbox 470 3431 655 3445; x_wconf 92' lang='grc'><strong>.....</strong></span> <span class='ocrx_word' id='word_1_318' title='bbox 711 3394 834 3447; x_wconf 87' lang='grc'>5000000</span> <span class='ocrx_word' id='word_1_319' title='bbox 871 3397 910 3446; x_wconf 81' lang='lat' dir='ltr'>rel</span> <span class='ocrx_word' id='word_1_320' title='bbox 983 3391 1069 3444; x_wconf 83' lang='grc'>87265</span> <span class='ocrx_word' id='word_1_321' title='bbox 1089 3391 1147 3454; x_wconf 89' lang='lat' dir='ltr'>(siu.</span> <span class='ocrx_word' id='word_1_322' title='bbox 1168 3389 1224 3451; x_wconf 84' lang='grc'>300.</span> <span class='ocrx_word' id='word_1_323' title='bbox 1243 3397 1290 3445; x_wconf 88' lang='lat' dir='ltr'>siu.</span> <span class='ocrx_word' id='word_1_324' title='bbox 1312 3391 1375 3456; x_wconf 88' lang='grc'>30’).</span> 
     </span>
     <span class='ocr_line' id='line_1_36' title="bbox 352 3461 1401 3526; baseline -0.005 -6"><span class='ocrx_word' id='word_1_325' title='bbox 352 3471 386 3521; x_wconf 83' lang='lat' dir='ltr'>Et</span> <span class='ocrx_word' id='word_1_326' title='bbox 405 3467 449 3517; x_wconf 84' lang='lat' dir='ltr'>GB</span> <span class='ocrx_word' id='word_1_327' title='bbox 468 3467 506 3517; x_wconf 81' lang='lat' dir='ltr'>vel</span> <span class='ocrx_word' id='word_1_328' title='bbox 561 3501 568 3515; x_wconf 93' lang='lat'>.</span> <span class='ocrx_word' id='word_1_329' title='bbox 606 3501 613 3516; x_wconf 89' lang='lat'>.</span> <span class='ocrx_word' id='word_1_330' title='bbox 650 3503 657 3517; x_wconf 93' lang='lat'>.</span> <span class='ocrx_word' id='word_1_331' title='bbox 714 3465 835 3516; x_wconf 89' lang='grc'>1330716</span> <span class='ocrx_word' id='word_1_332' title='bbox 872 3469 911 3517; x_wconf 86' lang='lat' dir='ltr'>vel</span> <span class='ocrx_word' id='word_1_333' title='bbox 1018 3461 1066 3514; x_wconf 91' lang='grc'>381</span> <span class='ocrx_word' id='word_1_334' title='bbox 1089 3462 1145 3526; x_wconf 84' lang='lat' dir='ltr'>(siu.</span> <span class='ocrx_word' id='word_1_335' title='bbox 1165 3480 1228 3514; x_wconf 79' lang='lat' dir='ltr'>vers.</span> <span class='ocrx_word' id='word_1_336' title='bbox 1248 3461 1401 3525; x_wconf 87' lang='lat' dir='ltr'>eorundem).</span> 
     </span>
     <span class='ocr_line' id='line_1_37' title="bbox 354 3536 1152 3600; baseline -0.004 -11"><span class='ocrx_word' id='word_1_337' title='bbox 354 3539 471 3600; x_wconf 83' lang='lat' dir='ltr'>Quslium</span> <span class='ocrx_word' id='word_1_338' title='bbox 489 3537 533 3588; x_wconf 85' lang='lat' dir='ltr'>BE</span> <span class='ocrx_word' id='word_1_339' title='bbox 560 3573 566 3585; x_wconf 91' lang='lat'>.</span> <span class='ocrx_word' id='word_1_340' title='bbox 604 3574 610 3587; x_wconf 97' lang='lat'>.</span> <span class='ocrx_word' id='word_1_341' title='bbox 648 3574 655 3587; x_wconf 97' lang='lat'>.</span> <span class='ocrx_word' id='word_1_342' title='bbox 694 3536 843 3595; x_wconf 84' lang='lat'><strong>10000000.</strong></span> <span class='ocrx_word' id='word_1_343' title='bbox 862 3539 949 3588; x_wconf 85' lang='lat' dir='ltr'>tullum</span> <span class='ocrx_word' id='word_1_344' title='bbox 967 3552 1024 3586; x_wconf 81' lang='lat' dir='ltr'>vero</span> <span class='ocrx_word' id='word_1_345' title='bbox 1044 3542 1082 3585; x_wconf 83' lang='lat' dir='ltr'>ost</span> <span class='ocrx_word' id='word_1_346' title='bbox 1101 3537 1152 3586; x_wconf 84' lang='lat' dir='ltr'>iere</span> 
     </span>
     <span class='ocr_line' id='line_1_38' title="bbox 351 3603 1705 3667; baseline -0.008 -5"><span class='ocrx_word' id='word_1_347' title='bbox 351 3611 397 3662; x_wconf 84' lang='lat' dir='ltr'>DF</span> <span class='ocrx_word' id='word_1_348' title='bbox 424 3644 654 3660; x_wconf 82' lang='lat'>......</span> <span class='ocrx_word' id='word_1_349' title='bbox 692 3607 841 3658; x_wconf 84' lang='lat'>30000000.</span> <span class='ocrx_word' id='word_1_350' title='bbox 879 3610 914 3658; x_wconf 90' lang='lat' dir='ltr'>Ut</span> <span class='ocrx_word' id='word_1_351' title='bbox 939 3615 1023 3658; x_wconf 84' lang='lat' dir='ltr'>sutem</span> <span class='ocrx_word' id='word_1_352' title='bbox 1048 3606 1093 3656; x_wconf 88' lang='lat' dir='ltr'>DF</span> <span class='ocrx_word' id='word_1_353' title='bbox 1112 3609 1145 3658; x_wconf 82' lang='lat' dir='ltr'>ad</span> <span class='ocrx_word' id='word_1_354' title='bbox 1162 3608 1220 3667; x_wconf 86' lang='grc' dir='ltr'>ΒΕ,</span> <span class='ocrx_word' id='word_1_355' title='bbox 1250 3608 1346 3658; x_wconf 86' lang='lat' dir='ltr'>scilicet</span> <span class='ocrx_word' id='word_1_356' title='bbox 1370 3613 1399 3656; x_wconf 88' lang='lat' dir='ltr'>ut</span> <span class='ocrx_word' id='word_1_357' title='bbox 1417 3603 1433 3655; x_wconf 88' lang='grc'>3</span> <span class='ocrx_word' id='word_1_358' title='bbox 1452 3608 1485 3656; x_wconf 82' lang='lat' dir='ltr'>ad</span> <span class='ocrx_word' id='word_1_359' title='bbox 1507 3605 1529 3664; x_wconf 87' lang='grc'>1,</span> <span class='ocrx_word' id='word_1_360' title='bbox 1560 3609 1598 3657; x_wconf 88' lang='lat' dir='ltr'>sic</span> <span class='ocrx_word' id='word_1_361' title='bbox 1617 3607 1660 3656; x_wconf 77' lang='lat' dir='ltr'>AG</span> <span class='ocrx_word' id='word_1_362' title='bbox 1677 3604 1705 3652; x_wconf 78' lang='lat' dir='ltr'>ad</span> 
     </span>
     <span class='ocr_line' id='line_1_39' title="bbox 351 3679 914 3746; baseline -0.009 -13"><span class='ocrx_word' id='word_1_363' title='bbox 351 3684 432 3734; x_wconf 82' lang='lat' dir='ltr'>sinum</span> <span class='ocrx_word' id='word_1_364' title='bbox 451 3694 523 3732; x_wconf 76' lang='lat' dir='ltr'>arom</span> <span class='ocrx_word' id='word_1_365' title='bbox 542 3679 598 3731; x_wconf 89' lang='grc' dir='ltr'>ΔΙ).</span> <span class='ocrx_word' id='word_1_366' title='bbox 636 3681 680 3730; x_wconf 90' lang='lat' dir='ltr'>Est</span> <span class='ocrx_word' id='word_1_367' title='bbox 698 3695 757 3746; x_wconf 77' lang='lat' dir='ltr'>ergo</span> <span class='ocrx_word' id='word_1_368' title='bbox 907 3680 914 3728; x_wconf 93' lang='lat' dir='ltr'>l</span> 
     </span>
     <span class='ocr_line' id='line_1_40' title="bbox 355 3746 1070 3804; baseline -0.01 0"><span class='ocrx_word' id='word_1_369' title='bbox 355 3753 486 3804; x_wconf 81' lang='lat' dir='ltr'>Sinusrel</span> <span class='ocrx_word' id='word_1_370' title='bbox 520 3787 526 3800; x_wconf 93' lang='lat'>.</span> <span class='ocrx_word' id='word_1_371' title='bbox 564 3787 571 3800; x_wconf 88' lang='lat'>.</span> <span class='ocrx_word' id='word_1_372' title='bbox 610 3788 616 3801; x_wconf 97' lang='lat'>.</span> <span class='ocrx_word' id='word_1_373' title='bbox 655 3787 661 3801; x_wconf 96' lang='lat'>.</span> <span class='ocrx_word' id='word_1_374' title='bbox 719 3747 840 3800; x_wconf 88' lang='grc'>1666667</span> <span class='ocrx_word' id='word_1_375' title='bbox 879 3767 908 3802; x_wconf 81' lang='lat' dir='ltr'>re</span> <span class='ocrx_word' id='word_1_376' title='bbox 981 3746 1070 3800; x_wconf 85' lang='grc'>20088</span> 
     </span>
     <span class='ocr_line' id='line_1_41' title="bbox 354 3817 1075 3890; baseline -0.008 -16"><span class='ocrx_word' id='word_1_377' title='bbox 354 3839 456 3890; x_wconf 90' lang='lat' dir='ltr'>quorum</span> <span class='ocrx_word' id='word_1_378' title='bbox 475 3823 603 3874; x_wconf 84' lang='lat' dir='ltr'>arcusrel</span> <span class='ocrx_word' id='word_1_379' title='bbox 653 3857 660 3872; x_wconf 89' lang='lat'>.</span> <span class='ocrx_word' id='word_1_380' title='bbox 743 3819 773 3870; x_wconf 90' lang='grc'>00</span> <span class='ocrx_word' id='word_1_381' title='bbox 792 3819 835 3870; x_wconf 77' lang='grc'>30</span> <span class='ocrx_word' id='word_1_382' title='bbox 886 3859 899 3880; x_wconf 85' lang='grc'>,,</span> <span class='ocrx_word' id='word_1_383' title='bbox 978 3817 1075 3870; x_wconf 79' lang='grc'>0010’</span> 
     </span>
     <span class='ocr_line' id='line_1_42' title="bbox 354 3889 1081 3960; baseline -0.01 -14"><span class='ocrx_word' id='word_1_384' title='bbox 354 3896 537 3960; x_wconf 71' lang='lat' dir='ltr'>complementa</span> <span class='ocrx_word' id='word_1_385' title='bbox 554 3893 593 3944; x_wconf 86' lang='lat' dir='ltr'>vel</span> <span class='ocrx_word' id='word_1_386' title='bbox 651 3929 658 3944; x_wconf 96' lang='lat'>.</span> <span class='ocrx_word' id='word_1_387' title='bbox 722 3891 771 3943; x_wconf 89' lang='grc'>800</span> <span class='ocrx_word' id='word_1_388' title='bbox 790 3892 832 3943; x_wconf 84' lang='grc'>21’</span> <span class='ocrx_word' id='word_1_389' title='bbox 884 3931 896 3952; x_wconf 82' lang='lat'>„</span> <span class='ocrx_word' id='word_1_390' title='bbox 959 3889 1009 3942; x_wconf 92' lang='grc'>800</span> <span class='ocrx_word' id='word_1_391' title='bbox 1028 3889 1081 3940; x_wconf 79' lang='lat'>50¹.</span> 
     </span>
     <span class='ocr_line' id='line_1_43' title="bbox 355 3960 1184 4024; baseline -0.01 -7"><span class='ocrx_word' id='word_1_392' title='bbox 355 3967 428 4018; x_wconf 83' lang='lat' dir='ltr'>Sinus</span> <span class='ocrx_word' id='word_1_393' title='bbox 446 3967 510 4017; x_wconf 79' lang='lat' dir='ltr'>rarsi</span> <span class='ocrx_word' id='word_1_394' title='bbox 528 3966 566 4015; x_wconf 85' lang='lat' dir='ltr'>vel</span> <span class='ocrx_word' id='word_1_395' title='bbox 604 4001 609 4013; x_wconf 93' lang='lat'>.</span> <span class='ocrx_word' id='word_1_396' title='bbox 647 4002 654 4015; x_wconf 90' lang='lat'>.</span> <span class='ocrx_word' id='word_1_397' title='bbox 730 3961 831 4014; x_wconf 88' lang='grc'>110030</span> <span class='ocrx_word' id='word_1_398' title='bbox 883 4001 896 4024; x_wconf 87' lang='lat'><strong>„</strong></span> <span class='ocrx_word' id='word_1_399' title='bbox 963 3989 971 4006; x_wconf 73' lang='grc' dir='ltr'>ι</span> <span class='ocrx_word' id='word_1_400' title='bbox 1040 3960 1082 4011; x_wconf 91' lang='grc'>11.</span> <span class='ocrx_word' id='word_1_401' title='bbox 1177 3963 1184 3969; x_wconf 90' lang='grc'><strong>’</strong></span> 
     </span>
    </p>

    <p class='ocr_par' dir='ltr' id='par_1_18' title="bbox 355 4030 1385 4326">
     <span class='ocr_line' id='line_1_44' title="bbox 443 4030 1385 4094; baseline -0.004 -8"><span class='ocrx_word' id='word_1_402' title='bbox 443 4036 478 4086; x_wconf 89' lang='lat' dir='ltr'>Ut</span> <span class='ocrx_word' id='word_1_403' title='bbox 497 4043 581 4086; x_wconf 83' lang='lat' dir='ltr'>autem</span> <span class='ocrx_word' id='word_1_404' title='bbox 600 4038 666 4086; x_wconf 86' lang='lat' dir='ltr'>sinus</span> <span class='ocrx_word' id='word_1_405' title='bbox 685 4043 751 4087; x_wconf 86' lang='lat' dir='ltr'>totus</span> <span class='ocrx_word' id='word_1_406' title='bbox 772 4038 804 4086; x_wconf 85' lang='lat' dir='ltr'>ad</span> <span class='ocrx_word' id='word_1_407' title='bbox 822 4037 867 4086; x_wconf 89' lang='lat' dir='ltr'>hos</span> <span class='ocrx_word' id='word_1_408' title='bbox 886 4051 978 4094; x_wconf 83' lang='lat' dir='ltr'>versos,</span> <span class='ocrx_word' id='word_1_409' title='bbox 998 4036 1033 4085; x_wconf 86' lang='lat' dir='ltr'>sic</span> <span class='ocrx_word' id='word_1_410' title='bbox 1052 4033 1096 4084; x_wconf 88' lang='lat' dir='ltr'>DF</span> <span class='ocrx_word' id='word_1_411' title='bbox 1116 4030 1258 4083; x_wconf 91' lang='grc'>30000000</span> <span class='ocrx_word' id='word_1_412' title='bbox 1277 4035 1310 4084; x_wconf 80' lang='lat' dir='ltr'>ad</span> <span class='ocrx_word' id='word_1_413' title='bbox 1329 4034 1385 4094; x_wconf 86' lang='grc' dir='ltr'>Ι),0.</span> 
     </span>
     <span class='ocr_line' id='line_1_45' title="bbox 355 4103 1082 4173; baseline -0.007 -14"><span class='ocrx_word' id='word_1_414' title='bbox 355 4110 400 4159; x_wconf 86' lang='lat' dir='ltr'>Est</span> <span class='ocrx_word' id='word_1_415' title='bbox 418 4123 476 4173; x_wconf 76' lang='lat' dir='ltr'>ergo</span> <span class='ocrx_word' id='word_1_416' title='bbox 495 4107 543 4158; x_wconf 83' lang='lat' dir='ltr'>Do</span> <span class='ocrx_word' id='word_1_417' title='bbox 562 4107 599 4156; x_wconf 89' lang='lat' dir='ltr'>rel</span> <span class='ocrx_word' id='word_1_418' title='bbox 648 4144 655 4156; x_wconf 94' lang='lat'>.</span> <span class='ocrx_word' id='word_1_419' title='bbox 729 4104 833 4156; x_wconf 88' lang='grc'>120117</span> <span class='ocrx_word' id='word_1_420' title='bbox 871 4107 908 4157; x_wconf 82' lang='lat' dir='ltr'>rol</span> <span class='ocrx_word' id='word_1_421' title='bbox 1024 4103 1082 4154; x_wconf 89' lang='grc'>123.</span> 
     </span>
     <span class='ocr_line' id='line_1_46' title="bbox 358 4175 1082 4236; baseline -0.007 -7"><span class='ocrx_word' id='word_1_422' title='bbox 358 4179 416 4230; x_wconf 82' lang='lat' dir='ltr'>Fuit</span> <span class='ocrx_word' id='word_1_423' title='bbox 434 4183 519 4230; x_wconf 84' lang='lat' dir='ltr'>sutem</span> <span class='ocrx_word' id='word_1_424' title='bbox 536 4177 611 4229; x_wconf 82' lang='lat' dir='ltr'>BG.</span> <span class='ocrx_word' id='word_1_425' title='bbox 649 4215 655 4228; x_wconf 90' lang='lat'>.</span> <span class='ocrx_word' id='word_1_426' title='bbox 714 4175 835 4228; x_wconf 87' lang='grc'>1330716</span> <span class='ocrx_word' id='word_1_427' title='bbox 887 4214 900 4236; x_wconf 88' lang='grc'>,.</span> <span class='ocrx_word' id='word_1_428' title='bbox 1022 4175 1082 4225; x_wconf 91' lang='grc'>381.</span> 
     </span>
     <span class='ocr_line' id='line_1_47' title="bbox 360 4248 1061 4326; baseline -0.004 -27"><span class='ocrx_word' id='word_1_429' title='bbox 360 4250 437 4301; x_wconf 85' lang='lat' dir='ltr'>Vides</span> <span class='ocrx_word' id='word_1_430' title='bbox 457 4265 516 4316; x_wconf 76' lang='lat' dir='ltr'>ergo</span> <span class='ocrx_word' id='word_1_431' title='bbox 534 4248 583 4298; x_wconf 89' lang='lat' dir='ltr'>DG</span> <span class='ocrx_word' id='word_1_432' title='bbox 601 4264 656 4301; x_wconf 84' lang='lat' dir='ltr'>esse</span> <span class='ocrx_word' id='word_1_433' title='bbox 674 4251 755 4326; x_wconf 76' lang='lat' dir='ltr'>minus</span> <span class='ocrx_word' id='word_1_434' title='bbox 774 4252 849 4300; x_wconf 85' lang='lat' dir='ltr'>tertis</span> <span class='ocrx_word' id='word_1_435' title='bbox 866 4257 938 4314; x_wconf 84' lang='lat' dir='ltr'>purte</span> <span class='ocrx_word' id='word_1_436' title='bbox 959 4250 989 4298; x_wconf 85' lang='lat' dir='ltr'>ds</span> <span class='ocrx_word' id='word_1_437' title='bbox 1009 4248 1061 4298; x_wconf 86' lang='lat' dir='ltr'>BG.</span> 
     </span>
    </p>
   </div>
   <div class='ocr_carea' id='block_1_15' title="bbox 447 4315 1798 4403">
    <p class='ocr_par' dir='ltr' id='par_1_19' title="bbox 447 4315 1798 4403">
     <span class='ocr_line' id='line_1_48' title="bbox 447 4315 1798 4403; baseline -0.007 -15"><span class='ocrx_word' id='word_1_438' title='bbox 447 4338 563 4398; x_wconf 84' lang='lat' dir='ltr'>Quinto</span> <span class='ocrx_word' id='word_1_439' title='bbox 582 4339 657 4403; x_wconf 79' lang='lat' dir='ltr'>igitur</span> <span class='ocrx_word' id='word_1_440' title='bbox 676 4345 872 4389; x_wconf 85' lang='lat' dir='ltr'>consentaneum</span> <span class='ocrx_word' id='word_1_441' title='bbox 892 4343 939 4394; x_wconf 86' lang='lat' dir='ltr'>est,</span> <span class='ocrx_word' id='word_1_442' title='bbox 958 4339 979 4386; x_wconf 89' lang='lat' dir='ltr'>si</span> <span class='ocrx_word' id='word_1_443' title='bbox 996 4340 1049 4400; x_wconf 83' lang='lat' dir='ltr'>jam</span> <span class='ocrx_word' id='word_1_444' title='bbox 1067 4341 1156 4400; x_wconf 75' lang='lat' dir='ltr'>quartu</span> <span class='ocrx_word' id='word_1_445' title='bbox 1174 4349 1232 4399; x_wconf 85' lang='lat' dir='ltr'>pars</span> <span class='ocrx_word' id='word_1_446' title='bbox 1250 4337 1325 4400; x_wconf 80' lang='lat' dir='ltr'>Ipsius</span> <span class='ocrx_word' id='word_1_447' title='bbox 1339 4334 1385 4384; x_wconf 88' lang='lat' dir='ltr'>DB</span> <span class='ocrx_word' id='word_1_448' title='bbox 1405 4335 1519 4393; x_wconf 80' lang='lat' dir='ltr'>decedat,</span> <span class='ocrx_word' id='word_1_449' title='bbox 1540 4343 1654 4400; x_wconf 79' lang='lat' dir='ltr'>quartam</span> <span class='ocrx_word' id='word_1_450' title='bbox 1666 4331 1704 4380; x_wconf 83' lang='lat' dir='ltr'>BE</span> <span class='ocrx_word' id='word_1_451' title='bbox 1797 4315 1798 4356; x_wconf 60' lang='lat'><em>³</em></span> 
     </span>
    </p>
   </div>
   <div class='ocr_carea' id='block_1_16' title="bbox 356 4405 1705 4897">
    <p class='ocr_par' dir='ltr' id='par_1_20' title="bbox 356 4405 1705 4602">
     <span class='ocr_line' id='line_1_49' title="bbox 358 4405 1705 4471; baseline -0.007 -11"><span class='ocrx_word' id='word_1_452' title='bbox 358 4423 533 4467; x_wconf 70' lang='lat' dir='ltr'>accessuram</span> <span class='ocrx_word' id='word_1_453' title='bbox 561 4415 590 4459; x_wconf 88' lang='lat' dir='ltr'>ut</span> <span class='ocrx_word' id='word_1_454' title='bbox 606 4413 643 4460; x_wconf 84' lang='lat' dir='ltr'>itu</span> <span class='ocrx_word' id='word_1_455' title='bbox 661 4425 757 4460; x_wconf 85' lang='lat' dir='ltr'>rursum</span> <span class='ocrx_word' id='word_1_456' title='bbox 775 4411 821 4460; x_wconf 85' lang='lat' dir='ltr'>BG</span> <span class='ocrx_word' id='word_1_457' title='bbox 840 4411 932 4460; x_wconf 79' lang='lat' dir='ltr'>amissa</span> <span class='ocrx_word' id='word_1_458' title='bbox 950 4410 1025 4458; x_wconf 73' lang='lat' dir='ltr'>tertiis</span> <span class='ocrx_word' id='word_1_459' title='bbox 1043 4407 1117 4470; x_wconf 86' lang='lat' dir='ltr'>paulo</span> <span class='ocrx_word' id='word_1_460' title='bbox 1144 4409 1239 4463; x_wconf 86' lang='lat' dir='ltr'>miuus,</span> <span class='ocrx_word' id='word_1_461' title='bbox 1269 4413 1294 4456; x_wconf 87' lang='lat' dir='ltr'>et</span> <span class='ocrx_word' id='word_1_462' title='bbox 1311 4407 1402 4457; x_wconf 86' lang='lat' dir='ltr'>residui</span> <span class='ocrx_word' id='word_1_463' title='bbox 1420 4413 1519 4471; x_wconf 83' lang='lat' dir='ltr'>quarta,</span> <span class='ocrx_word' id='word_1_464' title='bbox 1538 4408 1564 4456; x_wconf 92' lang='lat' dir='ltr'>id</span> <span class='ocrx_word' id='word_1_465' title='bbox 1583 4415 1621 4456; x_wconf 83' lang='lat' dir='ltr'>est</span> <span class='ocrx_word' id='word_1_466' title='bbox 1639 4405 1705 4453; x_wconf 82' lang='lat' dir='ltr'>totius</span> 
     </span>
     <span class='ocr_line' id='line_1_50' title="bbox 356 4472 1703 4544; baseline -0.007 -14"><span class='ocrx_word' id='word_1_467' title='bbox 356 4481 467 4538; x_wconf 78' lang='lat' dir='ltr'>dImIdis.</span> <span class='ocrx_word' id='word_1_468' title='bbox 488 4480 601 4544; x_wconf 83' lang='lat' dir='ltr'>acquirat</span> <span class='ocrx_word' id='word_1_469' title='bbox 620 4481 652 4531; x_wconf 83' lang='lat' dir='ltr'>ad</span> <span class='ocrx_word' id='word_1_470' title='bbox 670 4481 825 4531; x_wconf 80' lang='lat' dir='ltr'>intervallum</span> <span class='ocrx_word' id='word_1_471' title='bbox 851 4495 983 4531; x_wconf 88' lang='lat' dir='ltr'>concursus</span> <span class='ocrx_word' id='word_1_472' title='bbox 1002 4491 1044 4542; x_wconf 85' lang='lat' dir='ltr'>pro</span> <span class='ocrx_word' id='word_1_473' title='bbox 1064 4477 1160 4528; x_wconf 87' lang='lat' dir='ltr'>duabus</span> <span class='ocrx_word' id='word_1_474' title='bbox 1178 4478 1221 4528; x_wconf 85' lang='lat' dir='ltr'>BE</span> <span class='ocrx_word' id='word_1_475' title='bbox 1247 4479 1442 4529; x_wconf 75' lang='lat' dir='ltr'>semidiametros</span> <span class='ocrx_word' id='word_1_476' title='bbox 1468 4483 1589 4542; x_wconf 84' lang='lat' dir='ltr'>quatuor,</span> <span class='ocrx_word' id='word_1_477' title='bbox 1615 4483 1642 4526; x_wconf 85' lang='lat' dir='ltr'>ut</span> <span class='ocrx_word' id='word_1_478' title='bbox 1658 4472 1703 4523; x_wconf 86' lang='grc' dir='ltr'>ΒΤ.</span> 
     </span>
     <span class='ocr_line' id='line_1_51' title="bbox 356 4547 1004 4602; baseline -0.008 -1"><span class='ocrx_word' id='word_1_479' title='bbox 356 4551 423 4602; x_wconf 79' lang='lat' dir='ltr'>Nam</span> <span class='ocrx_word' id='word_1_480' title='bbox 441 4553 462 4600; x_wconf 90' lang='lat' dir='ltr'>si</span> <span class='ocrx_word' id='word_1_481' title='bbox 482 4551 612 4601; x_wconf 79' lang='lat' dir='ltr'>abstuleris</span> <span class='ocrx_word' id='word_1_482' title='bbox 654 4589 659 4600; x_wconf 95' lang='lat'>.</span> <span class='ocrx_word' id='word_1_483' title='bbox 735 4549 840 4601; x_wconf 88' lang='grc'>120117</span> <span class='ocrx_word' id='word_1_484' title='bbox 877 4552 915 4602; x_wconf 81' lang='lat' dir='ltr'>vel</span> <span class='ocrx_word' id='word_1_485' title='bbox 955 4547 1004 4597; x_wconf 86' lang='grc'>123</span> 
     </span>
    </p>

    <p class='ocr_par' dir='ltr' id='par_1_21' title="bbox 359 4617 1002 4680">
     <span class='ocr_line' id='line_1_52' title="bbox 359 4617 1002 4680; baseline -0.006 -9"><span class='ocrx_word' id='word_1_486' title='bbox 359 4623 391 4672; x_wconf 84' lang='lat' dir='ltr'>ab</span> <span class='ocrx_word' id='word_1_487' title='bbox 430 4656 661 4671; x_wconf 90' lang='grc'><strong><em>......</em></strong></span> <span class='ocrx_word' id='word_1_488' title='bbox 719 4619 840 4672; x_wconf 89' lang='grc'>1330716</span> <span class='ocrx_word' id='word_1_489' title='bbox 890 4641 918 4680; x_wconf 86' lang='lat'>„·</span> <span class='ocrx_word' id='word_1_490' title='bbox 955 4617 1002 4668; x_wconf 90' lang='grc'>381</span> 
     </span>
    </p>

    <p class='ocr_par' dir='ltr' id='par_1_22' title="bbox 361 4689 1008 4752">
     <span class='ocr_line' id='line_1_53' title="bbox 361 4689 1008 4752; baseline -0.002 -10"><span class='ocrx_word' id='word_1_491' title='bbox 361 4697 441 4742; x_wconf 85' lang='lat' dir='ltr'>restat</span> <span class='ocrx_word' id='word_1_492' title='bbox 475 4725 662 4742; x_wconf 85' lang='lat'><strong>.....</strong></span> <span class='ocrx_word' id='word_1_493' title='bbox 735 4691 839 4743; x_wconf 88' lang='grc'>010620</span> <span class='ocrx_word' id='word_1_494' title='bbox 891 4730 903 4752; x_wconf 85' lang='grc'>,,</span> <span class='ocrx_word' id='word_1_495' title='bbox 956 4689 1008 4741; x_wconf 89' lang='grc'>258</span> 
     </span>
    </p>

    <p class='ocr_par' dir='ltr' id='par_1_23' title="bbox 361 4759 1007 4829">
     <span class='ocr_line' id='line_1_54' title="bbox 361 4759 1007 4829; baseline 0.002 -18"><span class='ocrx_word' id='word_1_496' title='bbox 361 4762 434 4824; x_wconf 69' lang='lat' dir='ltr'>huius</span> <span class='ocrx_word' id='word_1_497' title='bbox 453 4769 572 4829; x_wconf 80' lang='lat' dir='ltr'>quarta.</span> <span class='ocrx_word' id='word_1_498' title='bbox 610 4797 617 4814; x_wconf 91' lang='lat'>.</span> <span class='ocrx_word' id='word_1_499' title='bbox 656 4798 662 4812; x_wconf 98' lang='lat'>.</span> <span class='ocrx_word' id='word_1_500' title='bbox 736 4762 841 4814; x_wconf 90' lang='grc'>220007</span> <span class='ocrx_word' id='word_1_501' title='bbox 892 4801 905 4823; x_wconf 90' lang='grc'>,,</span> <span class='ocrx_word' id='word_1_502' title='bbox 975 4759 1007 4812; x_wconf 84' lang='grc'>61</span> 
     </span>
    </p>

    <p class='ocr_par' dir='ltr' id='par_1_24' title="bbox 364 4831 1386 4897">
     <span class='ocr_line' id='line_1_55' title="bbox 364 4831 1386 4897; baseline -0.004 -13"><span class='ocrx_word' id='word_1_503' title='bbox 364 4833 458 4890; x_wconf 76' lang='lat' dir='ltr'>oblata,</span> <span class='ocrx_word' id='word_1_504' title='bbox 476 4839 555 4884; x_wconf 75' lang='lat' dir='ltr'>restat</span> <span class='ocrx_word' id='word_1_505' title='bbox 610 4869 616 4882; x_wconf 93' lang='lat'>.</span> <span class='ocrx_word' id='word_1_506' title='bbox 656 4869 661 4881; x_wconf 91' lang='lat'>.</span> <span class='ocrx_word' id='word_1_507' title='bbox 735 4833 840 4885; x_wconf 88' lang='grc'>680722</span> <span class='ocrx_word' id='word_1_508' title='bbox 891 4873 903 4896; x_wconf 86' lang='lat'><strong><em>„</em></strong></span> <span class='ocrx_word' id='word_1_509' title='bbox 958 4831 1006 4884; x_wconf 88' lang='grc'>101</span> <span class='ocrx_word' id='word_1_510' title='bbox 1025 4831 1151 4883; x_wconf 86' lang='lat' dir='ltr'>dimidium</span> <span class='ocrx_word' id='word_1_511' title='bbox 1168 4833 1221 4883; x_wconf 83' lang='lat' dir='ltr'>fero</span> <span class='ocrx_word' id='word_1_512' title='bbox 1238 4833 1314 4897; x_wconf 84' lang='lat' dir='ltr'>ipsius</span> <span class='ocrx_word' id='word_1_513' title='bbox 1333 4833 1386 4883; x_wconf 87' lang='lat' dir='ltr'>BG.</span> 
     </span>
    </p>
   </div>
   <div class='ocr_carea' id='block_1_17' title="bbox 0 0 1854 5528">
    <p class='ocr_par' dir='ltr' id='par_1_25' title="bbox 0 0 1854 5528">
     <span class='ocr_line' id='line_1_56' title="bbox 0 0 1854 5528; baseline 0 0"><span class='ocrx_word' id='word_1_514' title='bbox 0 0 1854 5528; x_wconf 95' lang='lat' dir='ltr'> </span> 
     </span>
    </p>
   </div>
  </div>
 </body>
</html>
