3648 5530
334 279 401 348 472
759 282 860 336 muru
876 281 981 346 Ksotert
999 282 1151 348 aum
1166 288 1270 337 numu

336 459 392 520 sub
417 460 556 522 manibus
579 477 654 532 esse,
675 458 810 538 jucunda
831 457 902 519 mibi
927 456 1059 519 auditio:
1086 460 1142 524 secl
1171 460 1312 523 festivo·
1337 462 1446 540 juata,
1469 467 1564 522 ⁴tauta
1594 461 1695 542 ipsun

336 548 437 610 studio
461 549 518 610 sibi
541 565 648 608 cavere
670 567 689 607 a
708 547 935 626 personalibus:
961 547 1045 625 quasi
1061 565 1110 608 res
1132 549 1174 609 sit
1196 550 1333 612 scandali
1356 551 1585 630 1111111111]
1607 552 1694 630 peri-

335 637 402 699 culo
426 636 596 716 conjuncta,
620 636 773 716 autquasi
796 635 981 718 argumentis
997 637 1059 696 suis
1078 635 1232 700 infamiam
1254 639 1389 718 personis
1406 639 1447 702 sit
1465 639 1693 702 conciliaturus.

332 725 410 788 Dico
434 745 490 803 ego
514 723 623 797 Mario,
648 743 706 786 non
729 723 892 803 Keplerum
922 730 1038 788 tantum
1063 732 1094 788 et
1111 721 1307 803 'Galilaeum,
1334 729 1390 792 sed
1418 727 1578 808 plerosque
1601 729 1694 792 hodie

331 813 563 876 mathematicos
587 831 625 874 ex
644 812 681 874 iis
705 813 755 893 qui
770 813 882 894 aliquid
898 832 986 874 curae
1010 822 1125 892 ponunt
1144 815 1173 876 in
1194 834 1250 878 sua
1272 817 1468 896 protulere,
1492 817 1693 897 pbilosopho-

332 922 396 966 rum
415 902 674 982 profundissImos,
699 903 842 981 plurimos
863 901 1006 974 medicos,
1030 921 1087 964 non
1106 922 1219 982 paucos
1239 905 1472 984 jureconsultus,
1498 907 1547 986 qui
1573 908 1695 968 scilieet

331 993 408 1054 haec
431 991 533 1053 studia
555 991 634 1052 inter
656 990 781 1052 delicias
804 991 946 1070 privatim
970 991 1096 1065 habent,
1122 1011 1177 1054 nec
1200 994 1297 1056 minus
1320 1013 1359 1055 ex
1385 995 1536 1074 theologis
1560 996 1691 1076 aliquos,

328 1099 423 1162 penes
438 1099 484 1142 me
499 1077 528 1140 in
553 1086 710 1142 numerato
730 1099 807 1156 esse,
833 1079 901 1142 huie
919 1080 1037 1142 haeresi
1053 1081 1229 1144 mobilitatis
1245 1083 1356 1144 Terrae
1380 1083 1528 1146 addictos.
1564 1079 1693 1148 Vellem

329 1169 431 1248 igitur,
454 1169 571 1231 Marius
599 1167 792 1232 refutationis
815 1188 888 1233 suae
915 1169 1075 1232 materiam
1102 1169 1213 1234 habere
1242 1179 1347 1252 posset
1369 1192 1408 1236 ex
1430 1172 1532 1236 libello
1560 1175 1691 1238 meede

330 1257 485 1338 principiis
510 1258 723 1329 astronomiae,
747 1275 833 1338 quem
858 1258 896 1318 ad
920 1257 1119 1319 imitationem
1142 1260 1211 1321 libri
1230 1261 1254 1320 1.
1281 1259 1513 1339 Sphaerioorum
1531 1262 1691 1324 Maestlini

330 1346 523 1416 concinnavi;
546 1346 601 1407 sed
625 1365 714 1407 unum
738 1348 834 1408 solum
859 1345 1026 1425 exemplum
1055 1347 1151 1408 habeo
1175 1349 1264 1422 (dicit
1286 1349 1333 1410 his
1356 1348 1507 1428 Keplerus
1530 1349 1691 1430 Epitomes

330 1455 403 1499 suae
426 1435 643 1500 Astronomiae
668 1433 894 1514 Cupernicanae
925 1442 1056 1514 partem,
1088 1456 1175 1515 quam
1206 1457 1284 1499 anno
1313 1439 1430 1500 demum
1463 1435 1548 1502 1618
1575 1441 1691 1520 publici

323 1524 402 1604 juris
430 1525 529 1599 iecit).
576 1523 714 1586 Inveniet
737 1525 853 1586 Marius
883 1523 961 1604 quod
990 1525 1102 1586 refutet
1129 1525 1158 1588 in
1186 1527 1246 1590 mei
1275 1525 1490 1590 Commentarii
1520 1527 1556 1590 de
1586 1529 1689 1592 Marte

326 1613 559 1688 introductione,
584 1612 747 1675 summaria
769 1613 886 1676 ratione
906 1613 943 1674 ob
968 1614 1070 1674 oculos
1093 1616 1242 1694 positum;
1266 1635 1374 1676 nervos
1397 1623 1497 1678 tamen
1522 1637 1688 1698 argumen-

327 1711 427 1766 torum
459 1721 514 1784 per
545 1702 614 1783 ipsa
650 1702 865 1764 commentaria
896 1719 1018 1780 sparsos
1051 1711 1172 1783 oportet
1201 1712 1235 1765 ut
1264 1705 1436 1766 consideret
1462 1705 1559 1784 juxta
1610 1705 1689 1770 Cum

327 1793 422 1856 sacris
455 1809 512 1874 ego
542 1810 601 1853 uno
634 1791 726 1854 verbo
756 1791 909 1869 transigo:
942 1790 978 1851 de
1018 1792 1239 1854 mathematicis
1273 1794 1447 1872 loquuntur,
1485 1813 1542 1857 uon
1578 1795 1690 1858 docent

328 1880 547 1947 mathematica
556 1898 566 1955 ;
599 1881 759 1960 loquuntur
789 1889 908 1955 autem,
942 1887 976 1941 ut
997 1881 1065 1960 capi
1098 1880 1234 1960 possint,
1269 1881 1300 1944 id
1323 1890 1372 1944 est
1393 1901 1530 1946 sermone
1560 1885 1687 1950 usitato.

329 1971 376 2033 At
397 1969 503 2032 1111111
527 1971 673 2032 sermonis
696 1970 843 2048 magister
866 1969 963 2042 oculi;
988 1971 1090 2030 oculos
1114 1990 1185 2032 vero
1210 1971 1322 2049 decipi,
1346 1972 1449 2032 thema
1470 1981 1520 2033 est
1543 1974 1687 2053 optinum.

328 2057 391 2122 Sed
409 2059 512 2140 aliqua
529 2059 616 2138 hujus
631 2065 663 2119 et
676 2058 707 2118 in
723 2057 913 2120 Germanicis
929 2057 1037 2119 libellis
1059 2060 1133 2120 meis
1153 2069 1258 2122 contra
1277 2059 1453 2122 Roeslinum
1478 2071 1510 2122 et
1523 2063 1687 2125 Feselium.

415 2145 566 2228 Imprimis
590 2147 727 2228 gaudeo,
755 2165 823 2208 esse
848 2147 883 2225 in,
903 2144 1085 2222 Germania,
1119 2147 1167 2228 qui
1201 2167 1267 2212 cum
1290 2145 1369 2210 Italo
1395 2147 1534 2213 Galilaeo
1560 2150 1590 2216 in
1614 2171 1685 2214 cer-

330 2244 432 2300 tamen
454 2236 558 2298 veniat
579 2235 734 2316 aperiendi
757 2235 844 2298 nobis
867 2255 981 2299 arcana
1003 2237 1167 2308 coelestia,
1201 2246 1233 2300 et
1265 2256 1338 2316 rogo
1360 2237 1450 2300 Dom.
1476 2239 1592 2313 Tuam,
1626 2241 1685 2304 ad-

326 2324 459 2388 horteris
482 2325 630 2400 Marium,
663 2331 699 2386 ut
724 2325 914 2387 obtrectandi
947 2327 1092 2400 affectus,
1128 2327 1210 2388 iuter
1231 2325 1371 2388 nationes
1400 2328 1543 2402 usitatos,
1579 2338 1687 2392 tanta

327 2413 532 2494 diligentia
564 2412 758 2487 excludat,
793 2421 966 2496 quantum
1000 2414 1070 2476 sibi
1103 2416 1306 2478 cavendum
1340 2416 1485 2478 statuit
1517 2418 1633 2498 prins
1666 2439 1686 2480 a

325 2503 610 2585 personalibus:
635 2501 775 2564 veritatis
800 2503 877 2564 enlm
901 2521 949 2564 res
973 2503 1082 2584 agitur.

416 2591 574 2657 Galilaeus
613 2591 745 2670 Pragam
776 2591 900 2672 scripsit
929 2600 1000 2657 aute
1033 2612 1152 2656 meuses
1182 2592 1317 2673 aliquot,
1350 2591 1473 2658 stellam
1505 2594 1591 2658 canis
1622 2615 1684 2660 nou

325 2681 461 2746 obtinere
495 2681 770 2764 quinquagesimam
802 2689 920 2763 partem
949 2682 986 2744 de
1010 2681 1096 2744 Jovis
1120 2682 1300 2762 quantitate,
1347 2679 1464 2761 Opiuor
1496 2683 1618 2754 discos,
1643 2693 1686 2746 nt

324 2773 413 2848 solet,
438 2771 518 2837 inter
540 2791 573 2833 se
597 2777 762 2850 comparat,
788 2787 913 2852 quornm
937 2769 1076 2832 diametri
1100 2775 1170 2833 sunt
1193 2770 1223 2831 in
1247 2771 1364 2832 ratione
1395 2773 1549 2852 septupla.
1597 2771 1685 2835 Ilaec

325 2869 396 2926 suut
427 2859 517 2924 Marii
551 2859 690 2922 instituto
723 2861 814 2939 plane
847 2858 1076 2922 consentientia.
1132 2860 1179 2922 De
1213 2859 1342 2921 Veneris
1376 2881 1486 2940 quosue
1522 2859 1683 2925 Galilaeus

323 2969 426 3014 mense
446 2947 611 3014 Novembri
634 2969 700 3030 sup.
725 2949 796 3010 anni
820 2947 942 3030 scripsit
964 2949 1095 3028 Pragem
1118 2949 1257 3027 aenigma
1281 2947 1356 3024 (vid,
1380 2969 1408 3029 p.
1431 2945 1534 3026 1165„
1565 2960 1638 3030 post
1662 2949 1683 3014 3

326 3057 445 3102 menses
470 3038 589 3118 aperuit
610 3039 759 3118 aenigma.
805 3037 885 3098 Eece
910 3055 1088 3100 muccosum
1111 3037 1189 3099 inter
1214 3037 1385 3103 Galilueum
1409 3047 1442 3099 et
1463 3039 1605 3104 Marium.

414 3125 545 3208 Oportet
558 3127 656 3189 Mario
673 3147 741 3189 esse
755 3126 1009 3207 perlectissimum
1025 3145 1063 3188 ex
1078 3127 1185 3205 Belgio
1199 3126 1438 3202 lnstrumentnrn,
1464 3145 1523 3208 qua
1539 3129 1682 3209 liquidem

325 3235 382 3298 ego
406 3235 509 3292 careo;
533 3235 603 3278 nam
627 3215 696 3278 Itali
719 3217 856 3297 perfecta
878 3235 934 3276 sua
957 3217 1045 3278 nimis
1070 3215 1242 3278 aestimant.
1290 3214 1415 3296 Opinur,
1439 3235 1497 3278 non
1521 3219 1681 3298 neglectu-

326 3325 391 3371 rum
416 3325 484 3370 usse
507 3305 638 3371 Marium
660 3313 886 3386 argumentum,
916 3306 993 3384 quod
1018 3325 1057 3368 ex
1079 3305 1136 3366 hae
1160 3303 1386 3370 illuminationis
1410 3305 1541 3370 Veneris
1564 3308 1685 3372 ratione

325 3394 473 3458 extruitur
496 3413 550 3476 pro
575 3392 750 3476 Copornico,
774 3395 903 3466 Braheo,
928 3395 1017 3462 Urso,
1043 3393 1180 3473 Capella,
1205 3395 1284 3473 quod
1299 3393 1457 3456 Galilueus
1487 3396 1584 3458 multa
1615 3417 1685 3460 111111

323 3483 492 3546 festivitate
516 3483 680 3563 explicavit
703 3484 798 3544 literis
822 3483 956 3558 Italicis,
990 3501 1068 3562 quae
1090 3482 1316 3562 conjungentur,
1341 3491 1374 3544 nt
1398 3501 1500 3564 spero,
1526 3503 1592 3547 curn
1613 3507 1684 3548 mea

321 3573 487 3654 Dioptrice,
514 3591 589 3656 quae
604 3572 760 3652 Augustae
781 3571 968 3652 imprimitur.
1007 3571 1122 3642 Quodsi
1147 3571 1266 3634 interim
1290 3571 1403 3636 consuli
1426 3581 1531 3652 potest
1552 3577 1681 3651 ilarius,

325 3663 520 3738 consulaturr
553 3679 609 3741 ego
642 3661 720 3722 enim
749 3661 825 3724 hane
850 3661 996 3740 epistolae
1020 3661 1176 3724 Marianae
1198 3661 1379 3740 particulam
1402 3661 1566 3742 adjungam
1591 3663 1682 3730 Gali-

323 3753 384 3816 laei
408 3753 513 3826 literis,
536 3749 596 3812 nisi
620 3749 771 3812 diversum
795 3749 911 3812 interea
933 3750 1048 3814 Marius
1073 3770 1092 3810 a
1114 3769 1162 3811 me
1186 3750 1319 3828 petierit.

412 3839 514 3904 Velim
537 3840 634 3913 scire,
668 3858 705 3900 an
737 3847 768 3900 et
791 3840 820 3900 in
846 3839 977 3901 Saturno
1001 3839 1070 3901 novi
1094 3839 1164 3918 quid
1189 3849 1338 3917 agnoscat
1360 3836 1499 3900 Marius?
1534 3833 1684 3898 Gratulor

283 3972 287 3980 ·
322 3931 415 3994 etiam
439 3931 476 3992 de
502 3928 633 3992 inventis
658 3927 781 3990 duorum
804 3927 965 3990 JoviaIIum
989 3927 1155 3990 satellitum
1179 3927 1322 4007 periodis.
1365 3927 1497 4008 ScrIpsit
1521 3922 1683 3986 Galilaeus

323 4019 470 4102 superiori
492 4015 668 4082 Decembri:
703 4035 792 4097 spero
820 4017 876 4080 else
899 4017 1010 4080 havere
1034 4025 1155 4080 trovato
1179 4017 1201 4080 il
1223 4017 1343 4080 metodo
1367 4025 1426 4080 ete.
1473 4015 1541 4097 Ego
1566 4017 1681 4080 mensi-

322 4111 379 4172 bus
402 4108 501 4189 Aprili
524 4116 557 4170 et
579 4107 664 4186 Majo
688 4106 888 4168 instrumento
912 4123 969 4167 nun
995 4107 1084 4168 valde
1108 4107 1278 4179 excellenti,
1304 4125 1362 4187 quo
1383 4125 1561 4186 supremam
1583 4106 1682 4168 111111-

320 4199 395 4261 sime
418 4215 540 4260 cernere
564 4195 668 4276 potui,
702 4195 856 4276 periodum
879 4195 1107 4275 pene-supremi
1130 4195 1281 4256 invenisse
1304 4195 1417 4257 videor.
1464 4193 1682 4256 0111111111-

321 4286 421 4366 spatIo
446 4285 600 4360 circumit3
626 4282 784 4345 Galilaeus
800 4301 938 4364 supremo
963 4285 1037 4352 dies,
1062 4284 1093 4344 ni
1117 4283 1214 4358 Iallor,
1239 4281 1277 4346 15
1294 4283 1386 4345 dedit.
1403 4283 1541 4346 Inventis
1557 4283 1682 4345 duorum

320 4376 452 4440 motibus
475 4381 597 4456 oportet
619 4383 651 4436 et
673 4373 852 4453 reliquorum
883 4373 1004 4434 tandem
1032 4371 1159 4434 inveniri
1191 4392 1280 4451 posse
1305 4393 1361 4452 ope
1386 4373 1455 4434 boui
1478 4371 1681 4436 instrumenti.

407 4464 464 4516 Huc
482 4477 559 4528 usque
577 4461 719 4526 Kepleruur
738 4460 842 4526 reliqua,
861 4473 926 4524 quse
943 4461 1029 4513 iurant
1046 4461 1083 4512 his
1101 4461 1187 4520 literis,
1206 4462 1368 4527 asuologieau
1386 4459 1501 4514 Vickenii
1521 4462 1682 4528 queuntium

319 4534 436 4592 1111111111.
455 4547 538 4600 esque
556 4535 672 4600 leguntur
691 4531 747 4582 Vol,
766 4531 785 4582 1.
804 4547 829 4596 p.
849 4528 909 4582 ³68.

409 4605 543 4663 Marius,
572 4619 647 4670 aegre
673 4603 755 4653 terens
773 4601 875 4666 Kepleri
904 4603 1093 4660 annotationes,
1121 4603 1187 4667 prius
1210 4604 1273 4652 torte
1291 4618 1335 4668 per
1353 4603 1502 4654 Viokenium
1528 4603 1620 4654 deinde
1638 4618 1682 4667 per

320 4673 381 4723 ulios
402 4677 481 4734 ,runa
499 4673 676 4726 uobilissiuros“
696 4673 832 4738 Keplerum
852 4671 914 4723 adiit
941 4673 1078 4737 petiitque,
1106 4681 1135 4723 nt
1152 4679 1300 4726 retractaret
1326 4689 1402 4741 grum
1421 4676 1452 4727 tle
1470 4677 1524 4739 ipso
1549 4676 1680 4738 indictum.

320 4742 431 4804 Quorum
447 4747 554 4796 virorum
572 4746 670 4796 monitis
688 4751 813 4809 psrmouas
831 4743 955 4808 Keplerur
973 4743 1037 4794 bueo
1056 4743 1125 4796 dedit
1142 4743 1241 4796 Mario:
