3566 5536
680 316 762 382 Caput
778 317 893 369 mnu
1391 314 1455 388 '123
1534 339 1537 348 ·

113 490 221 554 sideris
245 501 446 576 conspectum.
485 497 628 559 Testatur
650 495 681 558 id
704 495 830 558 historia
853 495 961 576 ospitis
984 498 1008 560 Ι.
1046 497 1111 559 Hoc
1134 496 1252 560 nomine
1276 497 1455 580 significavit

113 581 205 644 stella
228 584 328 646 varios
351 599 494 655 rumores,
518 587 619 648 varias
643 584 840 648 ominationes
865 587 901 647 de
925 585 1014 647 rebus
1038 584 1159 661 futuris,
1184 589 1454 651 consternationem

113 677 145 730 et
168 675 440 755 stuporemvnlgi,
465 676 559 736 multa
582 675 740 737 multorum
765 674 950 754 negotiorum
977 673 1201 755 impedimenta,
1231 677 1339 739 multas
1363 697 1453 741 occu-

113 759 252 840 pationes
275 781 379 826 novas.
427 763 507 835 Quid
532 764 657 846 singulis
681 764 838 840 acciderit,
869 762 928 844 ipsi
951 763 1074 826 dicant:
1105 783 1151 828 me
1175 764 1253 845 quod
1276 765 1400 844 attinet,
1423 766 1455 830 iu

113 849 300 928 praefatione
325 854 469 916 recensui.
582 863 586 870 ·
1034 927 1040 942 ⁸

201 940 252 1003 Ad
276 940 447 1014 Saturnum,
471 941 592 1014 Jovem,
616 941 760 1014 Martem,
792 942 839 1002 ad¹
855 941 1002 1004 Venerem
1026 949 1058 1003 et
1080 940 1260 1004 Mercurium
1288 949 1354 1004 erat
1384 942 1456 1006 mihi

115 1028 352 1109 respiciendum3
382 1033 487 1111 quibus
515 1030 634 1094 omissis
658 1038 689 1092 et
712 1031 805 1092 dilato
834 1029 936 1092 labore
963 1029 1165 1110 investigandi
1188 1036 1287 1094 motus
1309 1049 1455 1112 perennes

114 1137 152 1178 ex
175 1119 434 1184 observationibus
457 1119 623 1183 Braheauis
656 1121 757 1182 oculos
781 1120 818 1181 ad
840 1137 946 1180 novum
970 1120 1052 1182 sidus
1075 1119 1218 1195 converti,
1241 1119 1271 1183 iu
1296 1139 1331 1182 eo
1354 1129 1454 1184 mutus

114 1207 206 1272 haesi.
253 1207 391 1280 Quaeras
416 1207 485 1291 quid
508 1209 696 1291 portenderit
718 1227 827 1272 unvnm
854 1208 960 1271 sidus?
993 1209 1140 1272 Nimirum
1163 1210 1275 1272 multas
1297 1210 1456 1274 multorum

113 1297 291 1378 scriptiones
314 1293 351 1360 de'
369 1319 446 1362 novo
466 1299 573 1374 sidere,
599 1298 709 1361 mullas
730 1298 983 1380 typographorum
1005 1297 1227 1378 occupationes,
1251 1319 1325 1381 quos
1343 1299 1455 1362 lucrum

113 1396 145 1447 et
167 1387 353 1452 conscientia
380 1387 563 1451 curiositatis
590 1387 741 1451 hominnm
769 1387 938 1450 inducebat.
985 1386 1072 1459 Quae
1094 1387 1121 1450 si
1144 1387 1298 1467 pauciores
1327 1390 1453 1464 luerunt,

114 1487 203 1554 quam
221 1477 256 1538 'in
279 1478 408 1558 pagellis
432 1477 506 1540 meis
530 1477 689 1540 vernaculo
722 1475 863 1538 idiomate
896 1475 1017 1556 scriptis
1047 1476 1196 1539 ominatos
1220 1496 1303 1552 sum,
1335 1477 1456 1554 uesoio;

114 1565 187 1628 illud
215 1565 287 1640 scio,
313 1575 345 1628 et
367 1587 413 1630 me
438 1586 558 1648 operam
591 1566 726 1640 dedisse,
759 1585 796 1626 ne
824 1565 995 1628 vaticinium
1027 1564 1099 1627 illud
1132 1585 1228 1629 meum
1259 1566 1334 1629 meis
1362 1567 1455 1649 ipsius

113 1655 243 1734 pagellis
264 1655 446 1736 impleretur,
472 1656 589 1718 excusis
614 1673 671 1728 nou
686 1655 754 1734 plus
773 1655 909 1716 ducentis
933 1654 1152 1735 exemplaribus
1175 1655 1336 1737 additoque
1360 1655 1455 1719 intar-

114 1744 196 1806 dicto
219 1763 261 1806 ne
285 1745 363 1825 quis
396 1745 580 1821 imitetur,
615 1752 642 1806 et
669 1744 758 1806 alium
780 1741 951 1825 Ambergae
983 1745 1139 1806 sedentem
1169 1745 1246 1808 hauc
1277 1747 1457 1820 vocem,'ut

114 1853 182 1896 earn
204 1834 332 1914 excepit,
355 1836 478 1915 perinde
502 1842 592 1916 atque
613 1835 693 1898 solet
715 1834 797 1909 echo,
822 1833 1005 1908 reddidisse;
1029 1831 1168 1896 imitati
1196 1841 1281 1897 sunt
1301 1834 1455 1898 Ambar-

114 1943 262 2001 genses,
286 1923 397 1986 imitati
420 1925 538 2005 quidem
561 1932 630 1988 sunt
654 1931 685 1985 et
708 1923 737 1985 hi
761 1931 792 1985 et
814 1923 1062 2003 Argentiueuses.
1100 1923 1206 2006 Itaque
1230 1923 1358 2005 gratiam
1380 1922 1455 2004 ipsis

115 2012 225 2085 habeo,
250 2014 297 2093 qui
321 2013 493 2076 vaticinium
516 2033 613 2075 meum
637 2013 887 2092 adimpleverunt,
913 2032 980 2075 mea
1002 2010 1104 2093 ipsius,
1119 2013 1233 2092 opella,
1258 2013 1336 2077 citra
1358 2031 1455 2076 meam

114 2119 244 2182 operam.
274 2109 370 2175 (comp.
391 2111 447 2162 Vol.
465 2111 486 2166 1,
505 2126 530 2176 p.
549 2107 622 2168 bbb.)
990 2105 995 2118 '
1086 2127 1089 2135 ’

201 2185 306 2253 Estne*
320 2210 391 2254 vero
415 2192 486 2272 quid
509 2191 650 2273 amplius,
676 2190 753 2270 qood
776 2191 964 2271 portenderit
984 2191 1040 2252 hoc
1067 2188 1150 2252 sidus
1173 2189 1203 2252 in
1228 2191 1302 2254 rneis
1325 2189 1456 2254 studiis?

115 2277 251 2350 Quidni?
280 2279 519 2360 Descriptionem
553 2281 659 2362 quippe
690 2280 755 2360 ejus
786 2279 884 2362 partis
916 2279 993 2342 coeli
1015 2298 1073 2341 uon
1098 2279 1253 2355 iecissem,
1287 2279 1343 2342 nisi
1366 2277 1396 2342 iu
1421 2299 1457 2342 ea

113 2379 219 2432 exorta
243 2378 325 2432 esset
348 2389 427 2432 nora
457 2371 566 2432 stella:
599 2371 635 2432 de
658 2377 784 2432 naturae
815 2368 932 2430 arcanis
956 2369 1012 2430 lroc
1034 2368 1101 2449 ipso
1129 2367 1218 2443 libro,
1249 2388 1336 2452 quem
1359 2369 1457 2432 scribo

114 2477 258 2540 quemque
282 2459 329 2520 hic
358 2460 483 2539 evulgo,
517 2467 578 2521 tam
607 2459 703 2520 multa
734 2466 917 2520 commentus
946 2477 1002 2521 nou
1036 2475 1149 2533 essem,
1183 2458 1303 2521 nisiex
1330 2467 1456 2520 naturae

20 2608 24 2617 ,
114 2548 232 2609 arcaois
263 2567 342 2610 nova
373 2549 447 2610 haec
479 2549 570 2610 stella
596 2547 770 2627 prodiisset.
816 2548 921 2626 ltaque
949 2546 974 2606 si
1007 2545 1184 2626 quibusdem
1206 2547 1456 2628 philosophorum

115 2637 246 2699 absurda
270 2637 387 2698 videtur
410 2655 478 2698 esse
502 2655 569 2698 inea
592 2637 666 2698 haec
685 2654 765 2696 nova
785 2635 995 2718 philosophia:
1020 2635 1152 2697 habeant
1169 2635 1214 2697 illi
1228 2636 1283 2698 hoc
1306 2652 1457 2698 commen·
1550 2620 1556 2642 ¹

114 2725 240 2788 tationis
270 2733 458 2806 portentum,
492 2726 575 2805 cujus
599 2743 691 2787 cansa
713 2723 865 2786 incensam
893 2743 961 2786 esse
992 2729 1201 2804 portentosam
1223 2725 1307 2788 illam
1338 2725 1456 2788 stellam

116 2814 215 2875 dicere
238 2813 365 2894 possint,
390 2831 426 2876 ne
450 2815 580 2876 sortasse
602 2813 677 2893 ipsis
700 2813 871 2875 frustranea
893 2813 985 2876 inisse
1008 2813 1156 2877 videatur.

203 2902 286 2968 Nihil
309 2903 412 2966 horum
445 2903 513 2983 ipsa
534 2921 589 2983 per
612 2921 644 2963 se
668 2902 759 2964 stella
786 2901 886 2982 potuit
913 2921 968 2964 uec
999 2902 1154 2984 quicquam
1179 2901 1237 2964 uisi
1259 2902 1404 2983 fulgorem
1427 2903 1458 2968 in

114 2992 223 3053 Terras
254 2991 384 3053 demisit.
431 2991 492 3054 Sed
516 3012 581 3055 cum
606 2991 722 3073 species
756 2991 820 3071 ejus
850 2991 973 3072 recepta
1002 3000 1085 3054 esset
1106 2991 1136 3053 in
1164 2991 1314 3055 hominum
1345 2993 1456 3070 oculos,

116 3081 226 3160 illaque
249 3099 303 3162 pro
327 3099 405 3142 nora
422 3081 532 3162 agnita
551 3083 588 3143 ab
603 3080 792 3158 astronomis,
816 3082 866 3161 qui
880 3082 956 3143 hanc
979 3081 1135 3143 scientiam
1154 3101 1218 3156 usu,
1243 3081 1457 3145 exercitatione

116 3169 253 3231 studiove
277 3177 543 3250 comparaveraot3
567 3184 691 3251 cumque
714 3170 758 3232 illi
772 3171 819 3232 vel
834 3169 889 3233 tali
908 3171 972 3233 loco
995 3171 1153 3233 constituti
1177 3177 1288 3250 essent,
1311 3178 1346 3234 ut
1368 3171 1457 3234 officii

113 3258 230 3322 ratione
260 3258 300 3321 ad
333 3259 522 3323 scribendum
553 3259 786 3341 instigarentur,
820 3260 869 3323 vel
903 3267 998 3324 artem
1034 3260 1255 3340 impressoriam
1284 3267 1458 3324 exercerent

115 3367 207 3430 eaque
236 3347 385 3423 viverent,
416 3352 506 3412 etde
530 3349 681 3412 hominum
712 3349 886 3412 curiositate
916 3349 1046 3412 scirent:
1079 3349 1126 3411 his
1153 3349 1272 3431 inquam
1304 3349 1403 3412 causis
1426 3350 1456 3414 in

115 3439 209 3500 Terra
232 3439 475 3502 concurrentibus
499 3440 622 3502 effectus
645 3438 697 3501 istl
721 3439 758 3511 ad
781 3439 899 3503 Novam
923 3437 1050 3502 Stellam
1078 3446 1291 3510 annectuntur3
1320 3447 1353 3501 nt
1371 3439 1457 3520 ,apud

115 3527 235 3588 stellam
258 3527 298 3590 sit
313 3528 355 3590 uil
370 3527 427 3590 nisi
450 3528 585 3601 occasio,
611 3528 689 3610 apud
713 3547 833 3591 sensum
855 3547 926 3592 vero
950 3529 1057 3590 stallae
1074 3535 1107 3592 et
1121 3528 1200 3610 apud
1217 3529 1301 3610 ipsos
1323 3529 1456 3591 homiues

116 3616 159 3678 sit
179 3615 273 3677 totius
300 3635 409 3680 causae
436 3618 623 3700 principatus
635 3637 644 3693 ;
673 3619 751 3697 qnod
775 3626 895 3681 etcum
924 3617 1124 3700 superioribus
1151 3619 1253 3680 multis
1275 3625 1396 3680 etcum
1418 3616 1456 3680 iis

116 3724 191 3786 qnae
215 3714 375 3784 sequentur
396 3708 517 3786 pulchre
541 3707 687 3788 quadrare
710 3707 854 3771 invenies.
936 3727 942 3736 ·

203 3795 254 3856 Ad
277 3794 402 3858 enodem
431 3796 550 3860 modum
579 3797 672 3860 stiam
695 3796 721 3859 si
744 3798 810 3878 quis
838 3797 915 3860 alins
945 3795 1052 3859 stellae
1084 3813 1191 3857 sensns
1212 3793 1262 3861 vel
1285 3792 1455 3858 aestimatio

116 3901 184 3945 esse
207 3883 319 3964 potuit,
350 3885 534 3965 astrologica
561 3885 696 3948 nimirum
718 3895 772 3949 aut
798 3885 945 3967 vulgaris,
979 3904 1016 3947 ea
1038 3884 1172 3947 homines
1196 3885 1234 3946 ad
1257 3883 1318 3946 alis
1340 3891 1372 3946 et
1394 3883 1457 3946 slis

115 3972 216 4052 potuit
247 3969 396 4034 iuducere.
444 3972 524 4045 Quid
552 3975 578 4037 si
601 3993 727 4055 namque
750 3975 857 4057 vulgus
893 3973 1058 4049 hominnm,
1096 3973 1295 4036 celebratione
1326 3973 1455 4036 Novae

114 4062 224 4124 stellae
237 4060 267 4123 in
283 4063 539 4142 exspectationem
556 4082 653 4126 rerum
676 4083 846 4127 novarum
861 4071 1003 4140 erectum,
1021 4062 1138 4126 facilius
1152 4061 1222 4126 novi
1235 4061 1305 4144 quid
1324 4061 1456 4136 admisit,

110 4169 290 4232 persuasum
313 4149 343 4213 id
367 4151 461 4215 fatale
484 4171 551 4215 esse
575 4161 607 4214 et
629 4153 812 4216 necessitate
836 4153 966 4235 quadam
997 4151 1177 4234 promoveri,
1210 4153 1334 4214 incensa
1364 4151 1456 4215 etiarn

109 4239 288 4324 prodigiosa
311 4240 402 4302 stella
423 4241 453 4304 in
477 4241 542 4322 ejus
565 4241 716 4324 gratiam?
746 4239 829 4314 Quid
847 4241 874 4304 si
896 4241 1005 4323 privati
1029 4241 1119 4323 aliqui
1141 4260 1195 4323 per
1215 4240 1401 4322 Hungariam
1424 4247 1456 4304 et

107 4329 304 4392 Britanniam
337 4331 596 4410 argumentatione
628 4330 811 4413 astrologica
840 4331 956 4396 inducti
985 4331 1104 4394 stellam
1133 4331 1210 4394 hauc
1238 4329 1347 4394 bonum
1367 4347 1454 4393 omen

110 4419 305 4500 interpretati
328 4425 410 4481 sunt·
430 4421 609 4493 (laudabant
636 4419 713 4483 enim
737 4439 804 4484 eam
826 4419 864 4485 ob
887 4420 1005 4484 luminis
1035 4421 1276 4484 amoenissimum
1306 4420 1454 4501 fulgorem

115 4509 263 4589 plurimi),
289 4515 320 4570 et
342 4509 420 4590 quod
444 4509 473 4572 in
497 4509 585 4572 domo
606 4507 694 4573 Jovis
717 4510 866 4588 fulsisset,
900 4529 989 4574 verae
1018 4509 1156 4590 religioni
1179 4529 1245 4573 sam
1270 4508 1452 4592 patrocinari

118 4598 255 4661 arbitrati
279 4600 383 4682 (quam
407 4619 444 4661 ex
467 4619 520 4664 suo
544 4619 653 4662 suaeve
672 4598 767 4682 partis
786 4599 900 4681 judicio
923 4599 1039 4681 utrique
1062 4599 1289 4676 aestimabant),
1313 4599 1366 4661 illa
1388 4595 1454 4660 ansi

117 4697 187 4751 suut
209 4697 370 4765 attentare,
395 4707 470 4769 quae
494 4689 588 4752 omnis
611 4690 747 4771 loquetur
768 4686 957 4771 posteritas?
979 4688 1059 4761 Quid
1085 4690 1110 4752 si
1134 4690 1261 4764 exstitit,
1286 4689 1335 4772 qui
1358 4703 1452 4750 novas

117 4778 269 4858 religionis
292 4787 345 4842 aut
367 4797 463 4842 novae
485 4779 569 4860 pacis
591 4779 621 4842 in
645 4779 787 4860 religione
810 4787 1061 4844 commentarctur
1083 4779 1238 4854 articulos,
1264 4779 1452 4843 confirmatus

118 4868 225 4930 stellae
255 4867 342 4950 hujus
372 4867 611 4932 consideratione
634 4889 691 4932 uon
721 4869 904 4950 astrologica
926 4871 980 4936 sed
1007 4870 1133 4953 simplici
1156 4875 1188 4932 et
1209 4868 1340 4950 vulgari,
1374 4867 1452 4950 qnod
1540 4944 1549 4950 ⁸

1182 4971 1242 5026 lo*
