3674 5538
299 245 359 316 i52
765 249 955 315 Paralipomena
972 251 998 300 ln
1016 249 1183 302 Vitelllonsnr.

295 445 346 502 per
366 447 397 484 se
425 445 514 501 neque
536 429 572 484 ab
599 427 655 482 alio
684 436 787 484 motum
816 429 903 482 usum
930 435 1030 483 moret.
1072 431 1130 485 Nec
1149 431 1207 485 ullo
1238 447 1321 486 sensu
1351 431 1488 486 conclusio
1517 447 1586 487 vera
1606 437 1651 486 est

297 509 451 578 (destructa
478 504 720 578 praemissalnisi
742 508 845 580 siquis
873 509 1064 564 transitionem
1089 510 1245 580 passionem
1271 511 1359 574 dicat,
1389 529 1450 566 cum
1477 519 1569 566 mmen
1597 529 1650 583 quo

296 589 455 660 expeditius
476 588 610 643 transitur
629 588 746 642 medium
767 589 820 642 hoc
839 589 927 643 minus
948 589 1080 658 patiatur,
1103 609 1154 644 nec
1174 591 1234 644 nlla
1253 590 1281 646 iu
1302 599 1383 661 parte
1402 592 1528 662 patiatur
1548 590 1601 646 nisi
1622 591 1649 644 in

297 679 415 742 utraque
436 667 587 736 superficie,
610 683 663 737 quo
683 675 813 738 respectu
833 669 949 722 medium
964 685 1025 722 esse
1046 671 1149 741 nequit.
1177 671 1247 724 Nam
1260 671 1426 726 Aristoteles
1440 677 1473 725 ut
1492 673 1651 726 traduceret
1699 689 1706 694 ·

298 750 404 820 species
426 749 546 801 colomm
567 763 653 818 usque
675 750 710 800 ad
731 755 887 802 contactum
909 748 995 811 oculi,
1026 766 1123 820 corpus
1145 749 1261 804 solidum
1287 750 1427 819 interjecit
1453 751 1534 821 idque
1562 757 1651 804 totum

301 827 403 884 moveri
418 843 436 880 a
449 827 541 880 colore
554 826 656 880 voluit:
671 828 753 882 binae
767 845 833 882 vero
849 828 1028 882 terminantes
1042 830 1200 899 superficies
1210 847 1263 884 nou
1275 837 1340 884 sunt
1352 846 1451 900 corpus
1466 830 1649 897 interjectum.

389 907 461 961 Hinc
481 912 512 958 et
530 906 565 959 V.
586 905 734 970 reficiatur,
757 908 822 978 quia
842 909 945 976 pendet
966 925 983 960 a
1005 915 1112 979 quarto.
1154 913 1193 964 At
1213 927 1301 980 neque
1322 910 1345 964 si
1366 927 1403 964 ex
1424 910 1490 965 meis
1510 908 1651 980 principiis

302 989 475 1049 informetur,
503 987 604 1039 bonum
625 985 693 1052 erit,
715 986 743 1042 iu
763 988 836 1043 hunc
862 989 976 1042 modum.
1018 990 1081 1043 Lux
1108 989 1209 1044 transit
1235 989 1401 1059 pellucidum
1422 997 1453 1044 at
1472 1007 1527 1043 non
1551 988 1654 1043 transit

303 1066 491 1130 tenebrosum,
514 1081 584 1135 quae
606 1082 674 1137 ergo
695 1067 724 1121 iu
752 1067 872 1121 tenebris
899 1085 954 1121 uon
979 1075 1043 1122 sunt
1070 1069 1216 1138 pellucida.
1258 1071 1328 1124 Nam
1353 1070 1459 1140 petitur
1482 1068 1652 1139 principium,

303 1145 441 1218 quiahoc
461 1145 550 1215 ipsum
572 1144 640 1198 iacit
660 1149 800 1212 tenebras,
823 1164 883 1201 curu
902 1149 955 1201 lux
976 1150 1057 1202 abest
1078 1165 1096 1202 a
1115 1149 1262 1218 pellucido.
1284 1177 1323 1188 -
1352 1151 1410 1203 Nec
1430 1150 1597 1218 pellucidum
1617 1149 1653 1200 ab

201 1299 203 1304 Α
303 1227 362 1296 ipso
384 1231 450 1280 actu
470 1241 568 1280 nomeu
589 1225 683 1291 hebet,
705 1227 784 1297 qnasi
799 1244 852 1280 nou
867 1227 904 1280 sit
924 1226 985 1295 ejus
1005 1235 1133 1293 naturae,
1155 1230 1226 1300 quod
1241 1246 1294 1283 non
1307 1236 1372 1284 actu
1392 1229 1525 1298 pellucet.
1560 1228 1653 1282 Pellu-

302 1304 470 1360 canetenim
491 1304 514 1358 si
535 1305 586 1358 lux
607 1305 727 1361 adesset.
1339 1357 1343 1366 .

391 1385 454 1438 Jarn
474 1385 521 1438 vl.
543 1390 588 1438 est
607 1384 772 1440 indifferens.
800 1386 993 1456 Respondetur
1012 1387 1046 1438 ad
1067 1387 1197 1440 minorem
1216 1403 1267 1456 per
1287 1387 1496 1442 distinctionem.
1524 1385 1656 1441 Essentia

303 1463 434 1536 pellucidi
455 1470 590 1533 quatenus
612 1465 777 1534 pellucidum
792 1473 909 1520 nonest
928 1467 1044 1520 luxseu
1063 1483 1197 1535 praesens
1212 1484 1261 1520 seu
1282 1467 1391 1533 absens,
1414 1469 1463 1522 sed
1483 1469 1545 1522 sola
1565 1466 1655 1536 dispo·

303 1543 368 1598 sitio
390 1543 500 1598 interna
520 1543 652 1613 corporis.
695 1547 839 1600 Tenebrae
859 1563 914 1599 non
939 1545 1052 1618 privant
1074 1545 1240 1614 pellucidum
1260 1547 1315 1600 hac
1339 1547 1474 1610 essentia,
1501 1563 1586 1619 quare
1606 1563 1658 1598 nec

302 1626 435 1689 lux-eam
456 1622 544 1692 ponit.
586 1623 639 1678 Sed
661 1625 684 1678 si
704 1625 871 1695 pellucidum
902 1625 972 1679 idem
1001 1632 1082 1679 sonet
1108 1629 1179 1695 quod
1209 1626 1367 1696 pellucens,
1399 1629 1532 1682 tenebrae
1562 1626 1657 1696 utique

304 1703 426 1758 indicant
446 1719 501 1756 nou
525 1704 682 1772 pellucere,
713 1706 804 1760 lumen
831 1705 918 1776 igit-ur
947 1721 1045 1759 nomen
1073 1700 1126 1774 ipsi
1156 1705 1286 1759 conciliat
1314 1705 1490 1776 pellucentis.
1531 1706 1585 1761 Sed
1606 1705 1659 1758 hoc

306 1789 390 1855 pacto
412 1783 504 1836 lumen
523 1798 579 1836 non
600 1789 644 1836 est
664 1784 738 1839 aliud
761 1784 901 1855 quippiam
928 1800 1008 1854 quam
1034 1784 1141 1854 species
1162 1801 1180 1838 a
1201 1785 1337 1840 coloribus
1363 1801 1480 1841 mansus
1500 1803 1552 1840 nec
1573 1784 1660 1838 servit

305 1863 413 1917 intento
435 1861 612 1926 Aristotelis,
639 1863 685 1934 qui
705 1885 738 1919 ro
758 1885 828 1937 φως,
850 1871 942 1918 actum
969 1863 1114 1934 pellucidi,
1142 1864 1211 1918 facit
1230 1872 1333 1920 natura
1357 1873 1387 1920 et
1412 1865 1556 1920 intellectu
1582 1863 1659 1934 prius

307 1942 399 2012 specie
420 1941 528 2005 coloris,
550 1941 628 2010 prius
649 1943 720 1998 enim
742 1944 794 2014 ipsi
815 1944 982 2014 pellucidum
1003 1943 1031 1997 iu
1052 1950 1143 1998 actum
1163 1945 1323 2014 perducitur
1337 1947 1373 2000 ab
1394 1945 1561 2000 informante
1578 1963 1660 2017 φωτι,

306 2027 408 2092 postea
429 2022 505 2076 color
524 2027 617 2075 moret
636 2023 689 2076 hoc
710 2030 775 2078 actu
795 2023 969 2094 pellucidum,
991 2023 1070 2093 eique
1092 2023 1211 2092 speciem
1232 2023 1274 2078 sui
1295 2023 1432 2096 immimit.

392 2101 535 2169 Exspecto
550 2099 613 2170 quid
635 2102 784 2157 academici
805 2108 903 2157 contm
916 2103 972 2158 sint
992 2102 1107 2157 allaturi
1125 2106 1311 2175 quomodoque
1331 2102 1520 2159 honoremini
1533 2100 1660 2174 magistri

306 2177 390 2251 (quod
410 2179 471 2249 ipse
492 2196 546 2232 non
566 2179 651 2248 petiit
671 2177 805 2252 unquam)
825 2182 939 2236 veritati
959 2182 1102 2252 praeferre
1130 2183 1186 2236 sint
1213 2184 1388 2238 attentaturi.
1431 2185 1559 2238 Ceterum
1586 2181 1660 2252 quis-

265 2279 269 2284 ·
305 2259 366 2330 quis
388 2275 426 2324 es,
452 2259 496 2313 cui
514 2275 620 2313 mecum
641 2264 806 2316 contendere
827 2263 957 2326 lubuerit‚
979 2261 1048 2316 scito
1069 2260 1208 2333 iudignum
1229 2264 1284 2316 hac
1303 2265 1449 2333 palaestra
1468 2263 1597 2318 habitum
1617 2261 1660 2324 iri,

305 2337 358 2393 nisi
388 2354 525 2393 cameram
552 2355 642 2394 meam
671 2349 803 2413 sequente
834 2342 927 2410 capite
947 2343 982 2396 11.
1003 2341 1169 2412 descriptam
1197 2341 1281 2396 frueris
1308 2343 1467 2414 ingressus:
1499 2359 1570 2412 quac
1601 2340 1663 2394 sola

305 2416 451 2472 Aristoteli
472 2416 568 2472 debuit.
611 2419 699 2482 Quam
720 2421 796 2474 situ
816 2422 935 2476 monitus
956 2421 1097 2492 negligas,
1119 2439 1174 2476 nou
1195 2425 1291 2477 eadem
1312 2422 1457 2478 excusatio
1478 2429 1506 2476 te
1528 2421 1660 2483 tuebitur,

306 2512 377 2567 quae
396 2496 586 2553 Aristotelem.
597 2491 625 2564 *)

395 2659 508 2724 “llnlra
530 2659 605 2728 (Cap.
625 2663 657 2714 V.
676 2663 735 2715 Nro.
755 2661 784 2726 l)
813 2665 871 2716 dnm
899 2666 1055 2716 examinatur
1082 2668 1208 2718 sententia
1229 2667 1253 2718 J.
1272 2669 1304 2718 B.
1323 2667 1430 2724 Portas,
1458 2665 1568 2716 invenies
1590 2664 1663 2728 hujus

306 2733 479 2798 disputationis
498 2747 620 2786 summam
638 2741 665 2786 et
682 2736 862 2800 compendium.

881 3169 1000 3268 Caput
1033 3169 1081 3242 Π,

745 3322 759 3340 “
792 3327 849 3390 De
863 3328 1059 3409 sipurotione
1081 3325 1171 3430 infir.

391 3483 561 3558 Radium*)
586 3482 668 3547 Solis
694 3504 749 3565 per
773 3503 978 3566 quamcunque
1002 3485 1139 3548 rimulam
1165 3483 1367 3547 intromissum
1393 3483 1496 3545 circuli
1519 3484 1663 3546 formala

303 3574 425 3654 planum
450 3572 601 3652 objectum
628 3573 776 3650 incidere,
805 3593 854 3636 res
878 3581 927 3635 est
956 3574 1094 3636 omnibus
1123 3574 1221 3636 obvia.
1268 3572 1335 3636 Hoc
1359 3571 1415 3634 snb
1443 3571 1534 3635 tectis
1558 3572 1664 3634 dehis-

305 3661 454 3730 centibus,
478 3660 587 3723 hocin
612 3662 705 3736 fanis,
729 3663 862 3742 pertusis
886 3662 1088 3724 leuestrarum
1110 3663 1214 3739 vitris,
1238 3662 1295 3722 hoc
1320 3659 1376 3723 sub
1400 3659 1535 3742 qualibet
1559 3661 1664 3724 arbore

306 3749 501 3829 conspicitur.
539 3747 638 3830 Hans
662 3769 734 3831 ergo
758 3751 801 3812 rei
824 3750 968 3814 miraculo
995 3751 1077 3812 dncti
1107 3759 1226 3812 veteres
1249 3749 1279 3812 in
1303 3767 1412 3812 causas
1436 3747 1665 3827 investigandas

305 3838 512 3902 incubuerunt.
560 3835 720 3914 Ceterum,
755 3839 804 3920 qui
840 3859 944 3902 veram
975 3839 1173 3919 problematis
1215 3838 1503 3901 demonstrationem
1530 3837 1664 3918 legitime

306 3926 494 4008 expediverit
526 3927 679 4008 hucusque
711 3927 783 3990 mihi
814 3928 897 3990 visus
929 3947 989 3990 non
1017 3935 1073 3990 est.
1121 3927 1249 3992 Vitellio
1280 3934 1351 3990 ante
1382 3932 1536 3989 trecentos
1571 3945 1665 3988 annos

307 4015 404 4079 voluit
426 4016 458 4078 id
480 4015 617 4089 accidere
645 4024 770 4096 propter
802 4017 1016 4096 nescioquam
1050 4017 1202 4079 radiorum
1234 4014 1511 4096 aequidistantiam.
1557 4014 1666 4096 Itaque

307 4105 542 4185 propositionem
571 4100 624 4168 39.
654 4105 724 4167 libri
747 4106 870 4168 secundi
899 4105 1087 4168 demonstrat
1109 4123 1162 4184 per
1185 4101 1238 4168 35.
1262 4104 1407 4183 ejusdem.
1443 4105 1488 4164 At
1515 4104 1667 4166 delectum

309 4192 395 4273 hujus
427 4211 500 4255 suae
533 4193 798 4256 demonstrationis
829 4194 895 4274 ipse
929 4213 988 4256 nou
1017 4193 1189 4256 dissimulat
1220 4211 1306 4273 prop.
1331 4189 1383 4256 35.
1409 4201 1490 4265 torte,
1518 4191 1664 4272 iuquiens,

310 4294 345 4346 ad
366 4292 439 4347 istud
460 4291 577 4346 multum
597 4298 763 4362 cooperatur
783 4292 941 4363 proprietas
963 4292 1110 4348 radiorum.
1151 4282 1187 4344 In
1201 4281 1249 4344 his
1269 4299 1395 4343 versans
1417 4279 1666 4360 ambiguitatibus

311 4369 458 4446 ostendit,
484 4389 516 4430 se
540 4389 663 4432 cansam
686 4389 803 4443 veram,
836 4389 912 4451 quae
936 4389 974 4432 ex
998 4371 1096 4433 altera
1119 4369 1385 4433 demonstrationis
1409 4368 1475 4446 ejus
1497 4375 1586 4448 parte
1609 4369 1666 4430 ob·
1747 4367 1753 4380 ⁸

311 4475 397 4520 scure
421 4457 581 4537 colligitur,
607 4475 665 4520 non
689 4459 887 4522 intellexisse.
925 4459 1012 4522 Hunc
1036 4467 1157 4522 secutos
1176 4457 1331 4521 Johannes
1349 4457 1489 4531 Pisanus,
1507 4452 1549 4531 ¹⁸)
1572 4456 1666 4538 Epis·

400 4685 428 4757 *)
448 4689 550 4746 aonii
570 4709 626 4748 vox
646 4690 707 4761 jam
732 4707 814 4760 porro
835 4691 892 4746 iere
921 4707 1030 4761 semper
1054 4691 1171 4746 sumitur
1190 4705 1240 4759 pro
1266 4689 1394 4762 portione
1414 4705 1463 4745 seu
1484 4689 1577 4762 ligura
1597 4692 1666 4746 lucis

313 4765 342 4821 in
362 4769 532 4838 superficiem
551 4787 603 4841 per
623 4771 745 4842 aliquam
766 4771 918 4825 fenestram
939 4787 988 4826 seu
1008 4770 1132 4826 foramen
1152 4769 1281 4840 allapsae
1301 4777 1332 4824 et
1351 4771 1499 4842 figuratae.
