3566 5536
688 273 770 340 Caput
787 273 888 326 xxvia
1394 275 1458 342 715

114 454 297 518 refutatione
320 453 447 528 dictum)
470 471 528 514 non
555 460 679 534 posset3
713 461 813 516 tameu
841 451 927 517 nobis
954 451 1031 514 banc
1064 452 1184 516 stellam
1206 453 1263 516 hoc
1293 455 1358 520 loco
1382 474 1456 518 con-

112 539 268 606 stituerit?
291 545 332 606 Et
347 552 453 624 quarta
466 543 584 624 quidem
599 542 750 604 sententia
768 562 890 605 causant
911 541 1130 616 subministrat,
1151 544 1229 606 Θεεε·
1242 541 1301 606 ἀπο
1316 566 1456 626 ungarus,

111 634 167 696 sed
190 641 252 695 tum
276 633 402 706 demum,
426 632 477 694 ubi
500 650 553 693 nos
577 631 677 694 omnia
698 632 849 694 naturalia
872 631 1044 698 defecerint.

196 719 371 786 'Conflictus
401 721 491 800 igitur
518 721 732 783 sententiarum
764 721 853 784 trium
885 720 978 784 oritur
1009 719 1180 782 acerrimus.
1225 719 1355 785 Primum
1379 723 1456 786 enim
1561 759 1566 770 ι

112 810 282 884 dubitatur,
315 829 475 874 concursus
499 809 557 872 iste
586 811 654 872 novi
678 810 785 874 sideris
808 830 874 873 cum
898 811 1084 890 planetarum
1109 809 1215 888 copula
1238 812 1456 879 consectarium

109 902 152 964 sit
175 920 212 962 an
237 901 406 982 quaesitum
428 899 578 981 quippiam
585 918 595 973 ;
628 907 660 962 et
691 900 760 980 quia
791 899 955 974 versimile,
990 897 1156 979 quaesitum
1189 897 1339 978 quippiam
1368 919 1453 962 esse:

109 989 240 1070 amplius
263 989 429 1064 dubitatur,
462 996 608 1052 naturane
638 989 693 1050 hoc
726 989 909 1070 quaesiverit
937 1007 974 1050 au
991 987 1081 1078 ,Deus
1105 985 1169 1067 ipse
1193 996 1280 1048 extra
1302 987 1454 1051 ordinem?

109 1080 242 1142 Rursum
274 1089 387 1154 autem,
421 1077 491 1159 quia
520 1078 640 1140 diliicile
668 1079 796 1149 creditu,
830 1085 967 1140 naturam
990 1083 1106 1138 tautum
1134 1093 1238 1155 posse,
1266 1078 1455 1141 temerarium

110 1187 193 1243 vero,
217 1168 282 1250 Deo
307 1169 368 1248 ista
390 1167 529 1241 tribuere,
552 1176 713 1247 propterea
736 1169 812 1248 quod
836 1167 880 1228 sic
903 1169 998 1246 ipsum
1022 1165 1051 1226 iu
1070 1166 1153 1244 leges
1172 1165 1369 1246 astrologicae
1390 1175 1454 1229 tra-

108 1258 225 1320 himus:
257 1257 372 1320 animus
395 1256 425 1318 iu
449 1255 606 1336 angiportu
635 1277 694 1318 uon
716 1258 819 1337 pervio
842 1256 1023 1320 constitutus
1052 1253 1213 1316 revertitur
1236 1255 1274 1315 ad
1297 1254 1455 1336 pristinam

106 1347 304 1422 sententiam,
334 1365 409 1426 quae
438 1365 495 1408 nou
528 1345 651 1409 consilio
681 1356 872 1426 procuratum
902 1346 979 1406 hunc
1008 1362 1195 1417 concursum,
1226 1344 1280 1406 sed
1303 1347 1454 1408 materiali

107 1435 293 1498 necessitate
323 1444 513 1498 consecutum
543 1436 709 1498 asserebat.
755 1436 855 1499 Multa
887 1433 1004 1515 quidem
1038 1431 1165 1494 diximus
1193 1431 1223 1494 in
1251 1434 1453 1513 superioribus

106 1527 146 1588 de
170 1527 269 1588 causis
291 1524 495 1598 naturalibus,
525 1525 630 1605 quibua
662 1525 719 1587 hoc
751 1525 833 1588 sidus
858 1524 1000 1616 'effectum
1033 1541 1099 1583 esse
1129 1531 1361 1584 cousentaneum
1384 1523 1452 1586 liat:

107 1634 185 1695 quae
209 1615 426 1694 qualescunque
451 1612 523 1687 siut,
544 1613 650 1693 jubent
672 1634 726 1677 nos
750 1613 940 1676 considerare
965 1610 1110 1690 theologi,
1144 1630 1181 1671 ne
1212 1611 1281 1690 quid
1305 1611 1392 1674 nimis
1416 1613 1453 1675 iis
1491 1627 1498 1654 '-

107 1703 284 1766 tribuamus
330 1703 373 1764 Et
396 1702 533 1764 videntur
556 1712 731 1782 argumenta
754 1723 834 1778 esse,
867 1703 972 1784 quibus
995 1700 1212 1782 persuadeatur
1233 1699 1333 1774 nobis,
1362 1703 1452 1764 altius

106 1813 212 1855 munus
236 1812 302 1854 esse
325 1792 496 1873 providere,
530 1802 563 1854 ut
594 1811 700 1854 novum
728 1793 810 1855 sidus
838 1793 867 1853 in
901 1808 1093 1869 congressum
1115 1789 1306 1868 planetarum
1328 1791 1452 1865 incidat,

107 1901 196 1962 quam
218 1891 252 1944 ut
275 1891 408 1957 naturae,
433 1881 488 1944 boc
511 1889 559 1942 est
580 1881 764 1962 illispiritui
788 1881 880 1944 totius
905 1879 1035 1941 universi
1058 1877 1148 1951 tribui
1171 1879 1279 1957 possit.
1319 1879 1451 1942 Primum

108 1969 187 2034 enim
208 1971 446 2050 potentissimum
470 1990 537 2032 esse
560 1971 636 2044 hunc
660 1971 794 2052 spiritum
819 1989 942 2033 necesse
966 1968 1037 2044 erit;
1062 1975 1095 2028 ut
1119 1967 1168 2047 qui
1192 1968 1229 2028 ad
1248 1968 1452 2048 gubernacula

107 2061 215 2122 sedeat
237 2069 361 2122 naturae
385 2060 540 2135 coelestis,
564 2061 686 2141 ejusque
710 2060 769 2122 vim
793 2061 838 2122 ita
859 2057 1006 2120 moderari
1030 2056 1141 2137 possit,
1169 2064 1202 2118 ut
1225 2058 1360 2138 quaesito
1385 2060 1450 2121 loco

107 2157 139 2211 et
162 2159 293 2229 tempore
317 2150 406 2212 talem
428 2158 546 2229 partum
570 2150 709 2213 enitatur.
755 2149 870 2211 Deinde
895 2157 926 2210 et
948 2146 1075 2208 scientia
1103 2145 1287 2234 amplissima
1320 2147 1446 2229 requiri·
1494 2176 1497 2184 ¹

106 2247 172 2313 tur;
204 2239 341 2302 nimirum
373 2247 406 2300 ut
436 2239 614 2318 provideat,
642 2239 691 2320 qui
723 2240 865 2322 qualesve
897 2255 1076 2317 congressus
1109 2236 1297 2315 planetarum
1325 2255 1363 2298 ex
1393 2237 1450 2300 hac

105 2340 210 2390 nostra
225 2329 343 2391 Tellure
368 2327 531 2408 apparituri
555 2330 624 2403 sint,
649 2328 863 2391 sesecundum
887 2327 964 2388 hauc
987 2323 1219 2406 praescientiam
1239 2325 1288 2406 jus
1311 2345 1395 2388 suum
1420 2329 1448 2390 iu

105 2419 219 2480 coelum
252 2418 392 2480 extimum
424 2427 572 2480 exerceat.
620 2415 695 2488 Quis
727 2427 776 2480 est
806 2416 896 2497 igitur
923 2416 989 2490 ille,
1023 2414 1107 2493 cujus
1139 2413 1267 2476 scientia
1289 2413 1447 2491 Tellurem,

105 2507 242 2584 potentia
265 2510 378 2570 coelum
403 2505 543 2568 extimum
566 2506 791 2586 complectitur?
838 2504 973 2584 Denique
1006 2503 1113 2564 eximie
1148 2501 1254 2564 bouum
1289 2513 1321 2564 ει
1353 2507 1449 2582 ndns
1542 2579 1545 2584 Ι

105 2599 231 2674 &ponor
253 2595 363 2658 evincit
386 2594 461 2668 linis,
487 2595 525 2654 ad
549 2613 635 2674 quem
658 2595 732 2658 baec
754 2593 942 2673 providentia
964 2591 1129 2654 contendit.
1177 2588 1233 2652 Oui
1261 2591 1338 2654 enim
1362 2613 1448 2656 crea·

107 2691 193 2744 turae
225 2686 410 2763 propositum
443 2681 597 2746 existimas
628 2683 684 2746 hoc
716 2681 938 2763 spectaculum?
983 2681 1062 2746 lium
1095 2678 1183 2740 alicui
1215 2681 1358 2742 coelesti?
1403 2684 1449 2746 At

108 2771 222 2834 dictum
245 2783 292 2835 est
313 2773 343 2834 in
367 2771 479 2850 primae
503 2772 671 2834 sententiae
704 2772 900 2846 reliutatione,
933 2769 1069 2850 nuspiam
1092 2767 1192 2830 mundi
1223 2768 1281 2830 nisi
1313 2789 1350 2832 ex
1382 2773 1449 2834 sola

108 2860 203 2923 Terra
225 2861 321 2924 visum
345 2879 412 2924 esse
436 2861 518 2922 sidus
540 2861 671 2942 planetis
694 2861 886 2923 associatum.
933 2860 1012 2922 Num
1034 2857 1125 2938 igitur
1144 2856 1196 2922 alii
1212 2856 1300 2920 alicui
1314 2863 1451 2924 terrestri

107 2958 264 3012 creaturae
288 2949 473 3030 propositum
497 2961 544 3012 est
567 2951 622 3013 hoc
646 2951 849 3031 spectaculum
872 2958 993 3029 praeter
1015 2945 1185 3009 bominem?

194 3040 252 3102 His
275 3040 366 3119 igitur
389 3040 571 3120 argumentis
595 3040 691 3102 ev'iuci
711 3040 844 3102 videtur:
875 3038 1022 3120 siquidem
1053 3033 1191 3118 quaesita
1213 3035 1254 3098 eit
1276 3034 1350 3098 haec
1373 3055 1448 3100 con-

106 3130 246 3207 gruentia
268 3129 327 3192 loci
350 3137 382 3191 et
404 3128 562 3211 temporis,
587 3129 696 3192 nemini
721 3149 787 3192 eam
810 3128 868 3190 nisi
891 3129 948 3212 soli
971 3127 1036 3190 Deo
1060 3124 1236 3190 transscribi
1257 3142 1357 3204 posse.
1403 3129 1449 3198 At

105 3228 229 3294 contra,
252 3237 310 3280 non
337 3217 460 3282 trahunt
487 3219 543 3281 hoo
565 3219 595 3281 in
620 3218 851 3281 controversiam
880 3217 1097 3298 conjecturales
1121 3213 1163 3276 illi
1186 3213 1319 3296 physici,
1349 3215 1446 3280 Deum

105 3327 175 3370 esse
199 3327 343 3372 summam
367 3317 399 3370 et
420 3309 545 3388 primam
569 3327 690 3370 causam
715 3327 811 3370 rerum
830 3308 969 3381 omnium,
993 3307 1046 3368 sed
1061 3303 1246 3368 contendunt
1265 3303 1320 3368 hoc
1340 3307 1445 3384 solum,

105 3397 203 3458 medio
227 3397 266 3458 ad
288 3397 345 3459 hoc
368 3397 451 3460 sidus
474 3398 661 3461 efficiendum
685 3416 770 3460 usum
793 3417 860 3460 esse
883 3396 1048 3460 ordinario:
1081 3413 1136 3456 nec
1158 3393 1225 3456 ideo
1248 3393 1344 3456 Deum
1368 3397 1446 3459 edici

105 3503 143 3546 ex
165 3487 216 3547 illo
239 3503 293 3546 suo
309 3484 424 3566 Spiritu
446 3506 500 3568 per
523 3497 618 3550 totum
642 3489 780 3552 muudum
805 3487 925 3563 meanti,
950 3485 977 3548 si
991 3483 1118 3548 maxime
1142 3482 1185 3546 illi
1201 3491 1232 3544 et
1249 3483 1326 3546 bauo
1346 3485 1446 3548 soien-

108 3573 181 3636 tiam
205 3582 236 3636 et
258 3575 334 3636 hane
355 3577 520 3654 potentiam
545 3586 576 3638 et
598 3578 675 3639 banc
691 3577 857 3640 bonitatem
872 3576 1044 3639 tribuamus.
1081 3571 1213 3636 Primum
1238 3572 1316 3636 euim
1332 3573 1445 3636 finitum

105 3672 154 3725 εει
176 3682 242 3725 oum
263 3663 319 3725 hoc
343 3682 416 3743 opus
440 3674 501 3728 turo
524 3666 677 3730 universus
702 3667 777 3730 adeo
800 3666 944 3729 mundus:
968 3665 1053 3728 linita
1076 3661 1167 3744 igitur
1189 3661 1341 3740 potentia,
1367 3681 1443 3743 quae

106 3752 154 3814 hio
178 3751 335 3814 exseritur.
373 3753 430 3815 Dei
454 3773 523 3818 vero
540 3755 666 3818 virtutes
686 3775 788 3818 omnes
805 3755 949 3818 infinitae.
985 3753 1102 3816 Deinde
1121 3768 1176 3812 uec
1195 3750 1340 3830 qualitate
1355 3771 1446 3832 supra

105 3851 260 3904 creaturas
289 3849 361 3904 sunt
392 3842 461 3907 ista.
517 3841 605 3914 Quod
636 3845 714 3906 euim
747 3845 904 3908 scientiam
936 3853 1085 3906 astrorum
1117 3837 1244 3912 attinet,
1277 3839 1444 3904 certissime

104 3929 303 3994 demonstrari
326 3938 436 4010 potest,
462 3933 616 3995 universae
636 3934 846 4009 astronomiae,
871 3933 968 4014 qualis
987 3938 1115 4012 apparet
1132 3929 1162 3991 iu
1186 3927 1288 4001 Terra,
1312 3928 1442 4011 impres-

102 4019 218 4084 sionem
241 4029 272 4082 et
296 4021 515 4100 perceptionem
538 4021 613 4084 citra
636 4023 755 4101 quidem
778 4023 943 4108 discursum
966 4023 1065 4084 inesse
1086 4025 1212 4082 naturae
1226 4036 1323 4082 rerum
1337 4021 1438 4082 sublu-

100 4109 277 4172 canumet
306 4110 499 4174 facultatibus
531 4111 730 4187 naturalibus,
762 4119 823 4174 mm
855 4131 930 4192 quae
963 4111 992 4173 in
1017 4111 1127 4172 Terrae
1159 4106 1322 4170 viscoribus
1354 4127 1441 4190 quam

100 4218 179 4280 quae
202 4197 232 4260 in
256 4197 456 4270 animantibus
480 4201 588 4262 insunt.
636 4197 715 4270 Quid
738 4199 841 4262 mirum
863 4201 962 4280 igitur,
987 4200 1013 4262 si
1037 4199 1142 4261 eadem
1161 4203 1193 4257 et
1213 4195 1258 4258 illi
1274 4200 1442 4277 peremnia

99 4288 214 4351 meanti
235 4286 361 4367 Spiritui
383 4289 567 4351 tribuamus?
603 4289 774 4352 Potentiam
796 4307 867 4352 vero
896 4289 1026 4369 ejusdem
1058 4289 1125 4350 dum
1149 4285 1225 4348 coeli
1246 4287 1440 4366 amplitudine
1466 4363 1471 4370 ι

98 4377 248 4442 metimur.
271 4395 388 4438 rursum
412 4378 528 4441 humaui
544 4377 614 4459 quid
632 4379 770 4460 patimur,
795 4378 900 4460 quibus
914 4380 1028 4442 caelum
1043 4378 1080 4440 ob
1095 4377 1188 4438 solam
1207 4379 1440 4456 magnitudinem

98 4475 151 4529 est
173 4465 363 4538 admirabile,
386 4486 452 4530 cum
476 4488 530 4530 uos
553 4471 592 4530 ob
615 4468 810 4548 exiguitatem
835 4469 925 4531 simus
949 4467 1179 4530 contemtibiles.
1225 4465 1300 4526 Mihi
1322 4467 1439 4547 quidem

100 4557 195 4620 multo
218 4555 345 4618 nobilior
368 4557 497 4620 facultas
521 4557 631 4620 homiui
653 4557 771 4620 videtur
793 4557 907 4621 tributa
930 4558 1095 4638 ceterisque
1119 4555 1336 4632 animantibus,
1369 4557 1438 4638 gig-

101 4645 192 4707 nendi
214 4646 270 4708 sibi
302 4643 413 4723 simile,
446 4655 567 4728 propter
598 4646 742 4710 infinitam
774 4648 984 4722 membrorum,
1002 4647 1131 4709 omnium
1163 4645 1202 4708 ad
1230 4645 1319 4714 ‚duem
1352 4666 1438 4712 suum

102 4735 331 4809 ordinationem,
368 4755 455 4816 quam
487 4737 561 4799 haec
593 4744 642 4798 est
673 4736 749 4800 coeli
780 4738 917 4815 potentia
949 4737 988 4800 ad
1018 4737 1226 4816 conglobanda
1248 4747 1438 4802 excrementa
1498 4763 1500 4769 ’

103 4823 246 4888 coelestia
262 4823 294 4886 io
308 4843 395 4890 mam
408 4827 518 4891 stellae
541 4844 637 4888 novae
651 4827 785 4908 ligmam.
830 4826 895 4890 Nec
917 4829 1019 4902 refert,
1047 4825 1076 4889 in
1100 4835 1242 4911 quantum
1265 4827 1395 4910 spatium
1418 4848 1438 4894 ε
