3718 5528
319 297 383 366 362
807 299 979 350 mnouomiae
998 299 1058 350 Pars
1077 298 1174 363 Optica

404 475 479 542 Cum
510 495 582 557 ergo
613 474 688 537 hora
715 472 764 538 12.
798 475 982 555 superfuerit
1011 475 1161 538 semihora
1184 475 1224 536 ad
1256 471 1404 550 medium,
1435 480 1539 536 centro
1563 471 1670 534 Lunae

320 565 357 632 15
372 567 493 630 minutis
517 571 724 628 anteverteute
744 571 879 626 centrum
893 565 1026 640 umbrae,
1053 584 1128 646 qnae
1153 563 1268 626 faciunt
1286 564 1316 624 in
1336 563 1466 624 transitu
1484 562 1523 639 l‘,
1547 561 1672 643 pulchre

317 657 427 730 evenit,
451 664 484 719 ut
507 657 581 717 hora
606 650 657 715 12.
686 653 714 715 l‘
738 662 873 715 centrum
896 654 1000 715 Lunae
1025 656 1052 716 in
1077 653 1242 715 meridiano
1267 658 1432 714 notaretur.

405 746 437 807 In
458 742 606 826 Tyehcnis
623 742 725 803 Brahe
749 743 1012 805 observationibus
1037 743 1167 804 omnium
1190 742 1433 804 commodissima
1457 740 1525 801 huic
1549 736 1673 817 negotio

316 843 348 896 et
369 833 525 895 meridiani
548 831 772 911 opportunitate
797 840 829 892 et
852 832 1032 893 observandi
1062 831 1221 910 diligentia
1250 841 1299 892 est
1328 830 1449 910 eclipsis
1473 829 1578 890 Lunae
1602 825 1674 888 anni

320 919 413 986 1588.
438 917 467 984 3.
492 920 607 981 Martii.
653 921 730 981 Nam
754 927 819 981 tcto
843 921 1011 982 durationis
1035 929 1184 999 ternpore,
1209 919 1390 998 praesertim
1413 919 1442 980 in
1467 915 1672 995 nonagesimo,

318 1010 465 1072 distantia
488 1009 644 1071 limborum
668 1029 686 1069 a
710 1008 799 1070 corde
823 1009 935 1071 Leonis
960 1017 991 1070 et
1016 1008 1108 1089 Spica
1128 1009 1265 1088 Virginis
1288 1007 1466 1070 creberrime
1490 1013 1584 1085 capta
1606 1003 1673 1066 fuit.

320 1100 379 1163 Illa
402 1117 472 1160 vero
496 1096 679 1160 commodius
701 1097 832 1160 refertur
849 1097 877 1160 in
898 1106 1015 1178 partem
1040 1099 1176 1172 alteram,
1202 1117 1277 1178 quae
1302 1095 1575 1159 demonstrationes
1599 1111 1673 1155 con-

318 1188 395 1250 tinet
418 1187 640 1248 restitutionum
665 1187 830 1248 Lunarium
854 1205 892 1247 ex
914 1186 1085 1266 eclipsibus.
1100 1181 1143 1260 97)

405 1276 603 1338 Problema
638 1275 743 1336 XXII.
808 1275 1061 1337 Instrumento
1103 1273 1283 1354 ecliptico
1326 1282 1498 1353 tempora
1541 1277 1676 1333 notare

320 1365 509 1444 expedite.
555 1363 637 1425 Nihil
662 1364 746 1438 novi,
780 1363 838 1424 nisi
868 1365 947 1444 quod
979 1383 1065 1426 usum
1096 1362 1289 1427 instrumenti
1322 1362 1438 1441 explico
1468 1370 1500 1424 et
1528 1359 1678 1440 quomodo

319 1454 419 1516 omnia
449 1453 486 1514 ab
519 1471 576 1514 uno
609 1453 805 1514 observatore
837 1454 1044 1533 perficiantur,
1083 1471 1276 1535 quaecuuque
1304 1451 1450 1514 hactenus
1489 1447 1680 1512 observanda

320 1541 526 1616 occurrebant,
552 1542 785 1603 demonstratur.

409 1628 598 1693 Observator
621 1630 715 1710 igitur
737 1647 860 1692 mensae
893 1629 1013 1706 adstat,
1046 1635 1220 1714 transtrum
1244 1628 1369 1690 brachio
1393 1628 1432 1690 ad
1460 1634 1573 1690 motum
1597 1623 1680 1688 Solis

319 1722 524 1795 transferens,
558 1719 692 1799 regulam
716 1736 787 1780 vero
812 1721 861 1781 vel
884 1720 1027 1780 attollens
1051 1719 1100 1781 vel
1123 1717 1304 1797 deprimens,
1336 1728 1426 1798 atque
1450 1717 1499 1780 ubi
1531 1713 1681 1798 placuerit

327 1809 448 1888 aliquod
471 1815 650 1870 momentum
675 1807 810 1870 omnibus
834 1807 1073 1874 circumstantiis
1097 1814 1202 1869 notare
1227 1813 1259 1868 et
1281 1807 1372 1868 index
1395 1807 1511 1868 rotulae
1535 1813 1617 1867 recte
1641 1803 1682 1864 ad

323 1899 440 1962 radium
464 1897 616 1969 habuerit,
647 1897 764 1976 signum
791 1898 866 1958 facit
889 1905 920 1959 et
943 1897 972 1958 in
1006 1897 1153 1976 quadrato
1186 1895 1359 1958 azimutbali
1383 1903 1415 1957 et
1438 1896 1467 1957 in
1492 1901 1625 1957 transtro
1650 1904 1683 1953 et

326 1989 356 2050 in
381 1988 495 2067 regula,
521 2005 580 2066 qna
598 2006 631 2046 se
651 1992 753 2046 mutuo
778 1995 891 2062 secant,
918 1985 1022 2066 hisque
1038 1986 1132 2047 tribus
1157 1984 1251 2064 signis
1275 1985 1399 2046 eandem
1419 1993 1521 2046 notam
1544 1982 1680 2064 apponit,

326 2083 436 2158 postea
458 2075 581 2139 immoto
606 2075 804 2136 instrumento
834 2093 988 2136 nnmerum
1011 2093 1063 2136 seu
1088 2081 1191 2135 notam
1214 2073 1366 2152 signorum
1388 2073 1533 2136 exscribit
1556 2081 1588 2134 et
1611 2071 1684 2154 quid

327 2165 416 2226 index
440 2165 661 2238 monstraverit,
687 2163 757 2243 qnid
780 2164 994 2238 transversale,
1019 2164 1088 2244 qnid
1112 2162 1217 2224 umbra
1237 2163 1265 2223 in
1286 2163 1384 2224 divisa
1408 2163 1561 2237 diametro,
1586 2161 1683 2223 addit.

327 2253 373 2314 Εο
399 2254 480 2314 facto
504 2271 619 2314 rursum
645 2271 677 2314 se
701 2253 739 2313 ad
765 2253 845 2314 aliud
877 2260 1059 2314 momentum
1092 2251 1299 2332 aucupandum
1332 2252 1458 2314 confert.
1505 2252 1555 2312 Ita
1582 2250 1686 2312 omnia

328 2341 433 2403 eodem
457 2341 522 2402 loco
546 2341 653 2404 iisdem
684 2341 823 2403 manibus
848 2349 879 2402 et
906 2343 970 2404 sine
1003 2339 1183 2402 titubatione
1217 2341 1405 2403 efficiuntur:
1437 2341 1515 2422 quod
1543 2339 1572 2402 in
1602 2340 1686 2401 lucro

327 2430 507 2512 ponendum,
531 2431 581 2492 nbi
604 2431 759 2510 adjutores
783 2431 874 2511 periti
897 2430 1055 2493 defuerint.
1101 2431 1180 2492 Nam
1205 2429 1315 2491 insueti
1345 2431 1413 2509 plus
1437 2428 1570 2504 turbant,
1595 2447 1685 2509 quarn

330 2517 487 2600 adjuvant.

418 2607 452 2670 In
476 2606 649 2669 azimutbali
671 2606 762 2687 igitur
782 2607 929 2688 quadrato
954 2606 1170 2669 azimnthorum
1185 2612 1356 2684 tangentes,
1380 2605 1409 2666 in
1426 2606 1531 2686 regula
1545 2613 1686 2668 secantes

331 2697 494 2760 distantiae
518 2696 672 2759 luminaris
687 2718 705 2758 a
720 2697 842 2771 vertice,
868 2696 896 2758 in
913 2705 1046 2758 transtro
1070 2703 1231 2775 tangentes
1260 2695 1395 2775 ejusdem
1419 2715 1506 2758 arcus
1529 2694 1686 2757 invenien-

332 2795 390 2861 tur,
416 2787 552 2867 legitima
577 2785 761 2848 dimensione
784 2785 998 2864 particularum
1018 2784 1172 2846 adhibita:
1198 2793 1229 2846 et
1248 2784 1323 2847 haec
1343 2785 1402 2847 tria
1424 2785 1570 2865 probandi
1594 2803 1689 2846 causa

332 2877 370 2938 ad
394 2875 473 2938 idem
500 2875 645 2954 temporis
678 2883 860 2937 momentum
893 2875 1070 2938 eliciendum
1103 2874 1292 2936 adhibentur.
1339 2875 1516 2955 Exemplum
1546 2881 1689 2955 sequatur

330 2966 361 3028 in
385 2966 442 3028 fine
466 2964 586 3044 capitis.

421 3053 689 3116 Protheorema
712 3053 756 3113 ad
780 3071 935 3134 sequens
965 3052 1161 3131 problema.
1209 3049 1311 3121 Quod
1336 3051 1395 3112 via
1423 3049 1569 3132 ellipsis
1593 3050 1684 3130 ejus,

334 3161 402 3224 qna
433 3141 497 3204 Sol
530 3141 786 3221 pavimentum
821 3141 942 3222 pingit
976 3158 1039 3220 per
1082 3141 1205 3201 rimam
1244 3141 1444 3215 admissus,
1486 3141 1537 3202 sit
1568 3138 1685 3200 sectio

334 3231 477 3292 conica.
523 3229 603 3294 Nam
626 3229 676 3290 via
700 3227 780 3292 Solis
804 3228 834 3291 iu
857 3230 940 3292 coelo
965 3239 1014 3290 est
1037 3229 1174 3304 circulus,
1199 3229 1228 3290 in
1253 3229 1450 3310 aequinoctiis
1474 3228 1630 3302 maximus,
1655 3236 1687 3288 et

334 3317 547 3399 propemodum
572 3318 699 3379 circulus
724 3318 816 3391 (alter
836 3319 913 3380 enim
930 3319 968 3380 ab
988 3318 1084 3380 altero
1109 3325 1203 3378 nexus
1218 3319 1351 3380 nonnihil
1375 3318 1567 3398 interrumpit
1589 3317 1688 3380 omni·

334 3409 454 3470 modam
478 3406 742 3481 circularitatem),
771 3407 801 3468 in
825 3407 966 3470 solstitiis
991 3407 1172 3488 tropicornm
1196 3407 1400 3486 magnitudine
1424 3409 1581 3483 minimus,
1612 3407 1687 3470 locis

334 3495 519 3559 intermediis
544 3495 749 3557 intermedius.
795 3495 864 3557 Jam
888 3516 958 3558 vero
983 3504 1014 3558 et
1037 3497 1197 3558 fenestella
1220 3507 1325 3558 nostra
1344 3505 1374 3558 et
1398 3497 1553 3560 universus
1578 3496 1690 3558 Terrae

335 3587 442 3666 globus
465 3585 504 3646 ad
535 3603 657 3646 sensum
680 3593 728 3646 est
751 3583 779 3645 in
813 3605 869 3646 axe
898 3586 938 3648 ad
968 3605 1071 3650 ornnes
1104 3586 1173 3648 illos
1207 3585 1333 3648 circulos
1366 3587 1479 3648 dierum
1510 3587 1691 3651 naturalium

335 3683 428 3738 recto.
475 3675 557 3753 Ergo
582 3673 679 3735 lineae
711 3682 925 3736 connectentes
960 3676 1149 3737 fenestellam
1173 3695 1239 3736 cnm
1264 3675 1397 3737 omnibns
1425 3676 1544 3756 punctis
1577 3675 1690 3743 circuli.

336 3784 423 3845 quem
448 3781 563 3844 quoque
588 3762 635 3823 die
659 3760 713 3823 Sol
736 3763 940 3841 perambulat,
974 3764 1030 3825 hoc
1054 3773 1102 3828 est
1129 3764 1205 3826 radii
1229 3764 1310 3826 Solis
1334 3783 1391 3826 uno
1425 3765 1541 3842 integro
1566 3765 1614 3827 die
1638 3783 1692 3844 per

337 3855 416 3915 idem
440 3853 572 3914 foramen
597 3851 739 3931 ingressi,
765 3852 862 3932 juncti
888 3854 1020 3915 universi
1044 3873 1081 3916 ex
1105 3853 1239 3916 omnibus
1263 3852 1343 3915 Solis
1368 3853 1499 3928 sitnbus,
1534 3854 1692 3914 efformant

336 3961 442 4006 connrn
475 3949 588 4004 rectum
612 3941 730 4020 (Apoll.
756 3939 831 4003 Con.
856 3942 880 4014 Ι,
905 3942 965 4002 def.
995 3942 1022 4005 l.
1048 3940 1078 4006 4.
1102 3939 1160 4016 8.).
1208 3940 1270 4003 Sed
1300 3941 1388 4003 iidem
1420 3943 1495 4004 radii
1521 3941 1601 4005 Solis
1627 3941 1690 4003 for-

336 4041 421 4094 mant
444 4032 535 4092 etiam
558 4029 638 4092 intra
662 4049 813 4092 cameram
837 4051 889 4093 seu
913 4031 1078 4094 fenestram
1108 4047 1212 4092 conum
1242 4030 1368 4093 alterum
1398 4031 1541 4094 exteriori
1564 4029 1692 4093 similem

336 4121 423 4196 (ibid.
439 4121 464 4196 I,
481 4120 540 4183 def.
559 4119 602 4194 1),
618 4139 773 4182 comeare
789 4141 918 4200 κορυφην
937 4120 1038 4200 anguli
1053 4122 1115 4182 sint
1130 4120 1227 4200 aequi.
1262 4121 1469 4183 Pavimentum
1484 4137 1556 4182 vero
1571 4121 1692 4201 ponitur

337 4212 427 4290 plano
451 4209 616 4271 horizontis
644 4209 821 4287 parallelon.
868 4209 909 4271 Et
933 4210 1011 4272 radii
1035 4209 1115 4272 Solis
1139 4210 1168 4270 in
1198 4228 1372 4292 quocunque
1395 4209 1455 4271 situ
1479 4227 1534 4288 per
1558 4211 1690 4272 foramen

338 4298 466 4380 ingressi
490 4298 701 4360 continuantur
717 4298 746 4359 in
771 4299 984 4378 pavimentum.
1023 4299 1188 4378 Fingantur
1206 4317 1261 4377 per
1275 4307 1370 4360 totum
1391 4299 1525 4361 diurnum
1548 4299 1691 4361 circulum

338 4390 433 4451 multa
457 4395 488 4449 et
511 4387 687 4449 continuata
701 4383 782 4448 Solis
806 4407 942 4467 corpora,
967 4407 1038 4467 ergo
1057 4388 1132 4449 radii
1148 4387 1186 4450 ab
1207 4389 1342 4450 omnibus
1366 4388 1453 4449 simul
1477 4387 1690 4466 ingredientur,

339 4478 395 4539 hoc
419 4485 467 4538 est
490 4476 661 4557 superficies
686 4476 790 4536 conica
814 4476 998 4555 ingredietur
1016 4493 1070 4555 per
1093 4475 1238 4537 foramen.
1276 4475 1319 4537 Et
1341 4477 1393 4538 illa
1417 4489 1537 4538 secatur
1561 4497 1579 4536 a
1601 4478 1692 4556 plano

338 4565 514 4647 pavimenti.
560 4563 643 4644 Ergo
667 4564 830 4625 communis
854 4565 966 4634 sectio,
990 4565 1047 4626 hcc
1071 4573 1118 4626 est
1142 4565 1206 4638 via,
1232 4584 1321 4643 quern
1345 4567 1459 4644 ellipsis
1485 4563 1602 4626 Solaris
1625 4573 1692 4626 toto

340 4654 388 4718 die
412 4652 566 4727 describit,
592 4661 641 4714 est
664 4653 760 4715 sectio
784 4653 897 4715 conica.
937 4651 1011 4713 Cum
1030 4671 1100 4732 ergo
1120 4652 1175 4714 Sol
1195 4671 1251 4713 non
1277 4653 1403 4727 occidit,
1430 4655 1482 4715 sed
1508 4654 1693 4716 horizontem

340 4742 518 4804 fenestellae
542 4741 671 4820 stringit,
697 4742 819 4822 planum
842 4740 1003 4804 horizontis
1028 4749 1076 4802 est
1099 4743 1175 4803 imae
1200 4741 1266 4802 coni
1289 4742 1369 4802 illins
1394 4742 1490 4804 lineae
1513 4741 1692 4821 parallelon,

341 4847 433 4910 qnare
453 4829 547 4892 sectio
567 4828 615 4891 hic
635 4837 683 4892 est
701 4831 844 4910 parabole
860 4830 977 4909 (Apoll.
992 4830 1017 4901 I,
1037 4829 1102 4905 ll).
1141 4831 1188 4892 At
1206 4829 1255 4891 ubi
1269 4828 1323 4892 Sol
1342 4831 1432 4909 plane
1453 4851 1512 4894 uon
1532 4829 1644 4893 occidit
1663 4837 1695 4890 et
