3700 5530
596 1075 1099 1178 PROOEMIUM.

270 1413 520 1551 Quotiescunque
543 1489 639 1532 novae
663 1470 692 1530 in
717 1469 801 1532 coelo
825 1469 932 1530 stellae
947 1475 1128 1548 conspectae
1148 1479 1243 1545 erant,
1269 1489 1356 1551 quum
1374 1479 1406 1533 et
1424 1480 1526 1534 astro-

173 1561 253 1624 nomi
277 1560 385 1640 eliique
412 1561 548 1622 homines
576 1578 675 1621 rerum
702 1558 878 1620 coelestium
908 1557 1079 1637 cognitione
1108 1577 1165 1619 non
1194 1560 1305 1636 initiati
1333 1561 1527 1623 vehementer

170 1655 434 1723 commoverentur,
458 1649 617 1710 multorom
640 1649 761 1726 ingenia
784 1647 994 1709 excitabantur
1017 1647 1056 1707 ad
1080 1657 1143 1708 reru
1167 1667 1289 1724 novam,
1320 1649 1384 1710 sive
1407 1659 1527 1712 cometa

170 1739 221 1800 ille
253 1745 321 1799 eret
351 1738 416 1798 sive
448 1757 480 1798 re
512 1757 586 1799 vera
616 1755 696 1798 nova
732 1737 840 1808 stella,
879 1736 963 1798 libris
1000 1735 1204 1815 inquirendam
1242 1746 1274 1800 et
1305 1738 1524 1801 illustrandam.

170 1828 342 1908 Tycbonem
366 1826 484 1906 quidem
506 1827 628 1900 scimus,
652 1845 731 1886 nova
755 1824 883 1886 maxime
908 1843 985 1886 anno
1013 1822 1096 1886 1572
1125 1834 1289 1906 conspecta
1316 1827 1408 1888 stella
1439 1828 1524 1890 exci-

171 1922 268 1977 tatum
292 1933 369 1988 esse,
394 1924 427 1975 ut
450 1923 546 1976 toturn
570 1933 602 1976 se
626 1915 714 1976 daret
737 1915 821 1975 coelo
845 1914 1052 1992 cognoscendo
1072 1920 1103 1974 et
1121 1915 1243 1976 fixarum
1259 1915 1415 1978 stellarum
1435 1917 1526 1978 tabu-

174 2005 233 2065 lam
257 2003 457 2065 strationem
490 2003 711 2077 conscriberet,
746 2021 781 2064 ue
813 2003 941 2082 posthac
973 2010 1008 2063 nt
1039 2009 1104 2064 tom
1133 2022 1182 2064 res
1214 2004 1243 2063 in
1273 2003 1392 2066 dubium
1425 2006 1526 2066 vocari

174 2101 298 2173 posset,
331 2099 429 2153 utrum
452 2093 544 2154 stella
571 2093 806 2172 quandocunque
829 2091 858 2154 in
883 2099 1075 2170 conspectum
1107 2093 1248 2166 veniens,
1282 2111 1314 2153 re
1345 2111 1418 2154 vera
1449 2112 1529 2155 nova

173 2190 256 2244 esset
279 2199 316 2241 au
340 2181 378 2241 iis
402 2199 476 2260 quae
501 2182 611 2242 dudum
635 2189 818 2262 apparerent
840 2181 1074 2242 adnumeranda.

260 2271 368 2349 Itaque
391 2270 496 2330 mirum
521 2289 578 2330 uon
603 2277 668 2343 est,
702 2271 780 2349 quod
804 2269 953 2349 Keplerus
977 2285 1092 2349 quoque
1117 2287 1223 2348 sparso
1247 2287 1343 2330 novae
1367 2269 1475 2330 stellae
1498 2269 1529 2332 iu

172 2369 364 2438 conspectum
388 2358 479 2419 datae
503 2377 628 2432 rumore,
655 2377 715 2419 rem
739 2358 859 2438 penitus
883 2359 1053 2438 perspicere
1078 2377 1163 2420 suum
1186 2376 1255 2418 esse
1279 2357 1383 2425 duxit.
1417 2365 1467 2433 et,
1501 2359 1527 2420 si

172 2449 241 2528 quid
265 2457 349 2508 esset
373 2447 450 2520 novi,
475 2446 506 2507 id
529 2449 558 2508 in
582 2467 666 2510 soum
690 2447 872 2528 aliorumque
897 2467 981 2509 usum
1007 2454 1181 2508 convertere
1197 2446 1322 2508 studuit.
1359 2446 1430 2508 Jam
1453 2466 1529 2528 quae

173 2537 333 2614 diligenter
356 2554 418 2596 rem
442 2535 576 2598 nmaudo
600 2537 751 2616 cognovit,
778 2536 833 2596 hoc
857 2536 932 2598 libro
957 2555 1035 2596 anno
1062 2532 1157 2598 1606.
1191 2536 1310 2614 Pragae
1333 2541 1367 2596 et
1388 2537 1527 2597 Frauko-

172 2626 243 2686 lorti
267 2625 349 2686 editu
373 2625 590 2704 complectitur,
616 2645 653 2686 ea
676 2643 756 2696 vero,
781 2643 857 2703 quae
881 2625 919 2684 ad
942 2625 1024 2704 vulgi
1047 2633 1168 2704 ceptum
1183 2623 1319 2686 sulficere
1338 2624 1528 2698 videbantur,

174 2711 356 2775 Germanica
383 2713 485 2792 lingna
512 2713 617 2792 paucis
644 2713 773 2793 pagellis
801 2713 974 2792 conscripta
1002 2732 1079 2774 anno
1110 2711 1262 2792 superiore
1288 2713 1527 2792 „Prognostico“

174 2803 335 2882 subjungit.
383 2807 480 2875 (comp.
498 2809 554 2862 Vol.
573 2811 593 2860 1.
612 2826 634 2874 p.
655 2807 707 2859 47³
726 2809 772 2868 ss.)

262 2890 411 2969 Adjuuxit
442 2891 519 2952 libro
553 2911 640 2972 quem
669 2893 733 2971 jam
765 2892 890 2954 dicimus
922 2889 1161 2969 disquisitionem
1199 2889 1235 2950 de
1274 2888 1335 2951 alia
1371 2889 1463 2951 stella
1499 2891 1528 2952 in

175 2978 291 3062 Cygno,
315 2997 412 3059 quam,
436 2981 587 3042 nescimus
611 2983 722 3060 quade
742 3001 844 3054 causa,
869 2979 1050 3059 interposuit
1073 2978 1217 3057 singulari
1242 2978 1417 3058 inscriptam
1441 2977 1529 3040 titulo

174 3067 326 3148 capitibus
350 3064 402 3128 27.
423 3076 455 3129 et
474 3065 527 3130 28.
553 3069 620 3130 libri
644 3070 681 3131 de
696 3067 796 3132 Stella
818 3070 848 3130 iu
864 3067 1069 3146 Serpentario.
1109 3068 1167 3128 Illa
1190 3088 1209 3128 a
1231 3067 1342 3148 pagina
1359 3063 1531 3131 148-168

173 3157 313 3224 deductu,
338 3157 426 3218 finem
458 3157 533 3218 facit
565 3157 762 3237 disputationi
796 3159 832 3219 de
856 3156 956 3218 Stella
987 3158 1016 3217 iu
1041 3155 1237 3236 Serpeutario
1271 3158 1317 3236 (p.
1344 3151 1528 3232 169-212,

173 3265 239 3326 cap.
264 3242 442 3319 28-30.),
476 3265 553 3324 quae
586 3255 619 3307 et
650 3248 717 3328 ipsa
749 3267 857 3308 novum
890 3245 1009 3308 titulum
1043 3263 1224 3325 causamque
1256 3246 1396 3307 translati
1429 3246 1531 3324 Praga

173 3335 404 3398 Francolurtum
428 3334 496 3406 loci,
521 3334 573 3396 ubi
597 3335 679 3417 typis
702 3337 922 3398 exscriberetur
954 3335 1084 3409 libellus,
1111 3342 1297 3414 ,temporum
1321 3333 1529 3397 difficultatem

172 3431 206 3486 et
228 3422 419 3502 angustiam“
444 3423 546 3484 refert.

262 3510 339 3572 Huic
362 3511 442 3590 perti
466 3513 553 3573 alteri
578 3512 748 3574 adnectitur
771 3521 802 3575 et
824 3513 889 3593 ipse
911 3510 1033 3592 propriu
1057 3512 1145 3573 titulo
1176 3511 1337 3590 insignitus
1364 3529 1530 3590 novumque

174 3599 351 3680 paginarum
374 3618 528 3662 numerum
552 3601 685 3664 referens
708 3602 827 3664 libellus
851 3602 911 3670 ille,
936 3599 986 3681 qui
1010 3599 1038 3660 in
1064 3601 1161 3662 fronte
1186 3603 1279 3662 totius
1294 3599 1393 3680 operis
1412 3599 1530 3678 positus

175 3687 365 3750 inscribitur:
393 3687 457 3760 ,de
481 3687 632 3752 Christi
655 3709 742 3752 vero
766 3709 861 3752 anno
885 3689 1092 3752 natalitio“
1118 3689 1272 3762 (hancei.
1301 3684 1417 3761 1606),
1442 3707 1529 3766 quern

175 3777 293 3858 quidem
317 3775 459 3850 libellum,
484 3796 550 3839 cum
572 3780 646 3841 nibil
669 3781 758 3860 plane
782 3799 935 3842 commune
960 3779 1073 3840 babeat
1091 3797 1156 3840 curn
1173 3779 1247 3840 libro
1267 3779 1304 3839 de
1319 3776 1418 3838 Stella
1431 3776 1529 3850 Nova,

174 3865 243 3928 huic
267 3883 325 3925 non
349 3864 528 3945 adjecimus,
552 3885 619 3930 cum
643 3869 710 3931 aliis
734 3869 857 3949 Kepleri
882 3867 965 3931 libris
989 3867 1207 3945 chronologicis
1239 3866 1397 3927 edendum.
1447 3864 1529 3939 ,Oc-

173 3954 327 4017 casionem
351 3954 477 4028 trahit,“
503 3955 576 4018 dicit
592 3957 752 4036 Keplerus,
780 3977 837 4033 ,ex
860 3977 930 4039 pag.
952 3954 1022 4020 135.
1047 3955 1252 4028 (conclusione
1267 3953 1377 4034 cepitis
1390 3953 1529 4026 XXVI.)

174 4051 206 4105 et
229 4041 356 4106 seorsim
380 4043 566 4107 excuditur.“

261 4133 526 4211 Argumentum
551 4141 651 4196 autem
675 4133 743 4196 libri
766 4135 823 4196 boo
846 4142 909 4196 est:
1516 4213 1518 4218 Ι

96 4299 99 4308 Ι
263 4220 338 4301 Cap.
363 4221 387 4284 l.
420 4221 529 4298 refert,
563 4225 712 4303 quomodo
744 4223 871 4304 primum
903 4221 997 4284 stella
1029 4221 1069 4282 sit
1102 4221 1264 4282 observata
1294 4219 1402 4300 quique
1430 4219 1531 4282 nuncii

173 4311 289 4372 auctori
327 4308 415 4372 allati
452 4311 514 4372 siut
552 4332 572 4373 a
605 4312 732 4374 diversis
765 4311 1020 4374 observatoribus.
1081 4308 1180 4372 Stella
1216 4309 1386 4390 apparebat
1423 4317 1529 4370 exacte

172 4399 320 4473 rotunda,
354 4398 436 4460 nullo
459 4399 541 4462 crine
564 4401 719 4480 projecto,
754 4400 969 4463 scintillatione
992 4398 1181 4472 clarissima,
1216 4398 1365 4460 coloribus
1389 4398 1528 4460 variatis.

171 4487 382 4565 Magnitudine
405 4489 603 4569 aequiparare
627 4490 786 4551 videbatur
807 4490 916 4552 Jovem
944 4489 991 4550 vel
1016 4487 1176 4550 Venerem.
1224 4487 1251 4548 E
1275 4495 1439 4567 conspectu
1463 4486 1529 4548 dis-

173 4575 268 4638 cessit
289 4577 368 4638 inter
383 4573 546 4639 Octobrem
571 4577 641 4638 anui
659 4573 742 4641 1605
767 4589 798 4642 et
820 4579 1013 4640 Februarium
1038 4578 1108 4638 anni
1127 4571 1221 4640 1606.
1250 4607 1288 4620 -
1315 4574 1391 4656 Cap.
1407 4575 1445 4638 Π.
1463 4595 1529 4657 sqq.

173 4663 307 4745 explicat
321 4664 471 4745 Keplerns
495 4666 681 4744 astrologica
704 4669 869 4745 quaedam,
903 4686 961 4728 uon
985 4673 1103 4728 tantum
1126 4675 1161 4729 ut
1184 4665 1357 4728 satisfaciat
1381 4665 1530 4727 voluntati

174 4753 346 4830 legentium,
372 4753 420 4832 qui
444 4755 484 4816 ab
508 4763 681 4818 astronomo
705 4755 795 4816 etiarn
820 4756 1005 4835 astrologica
1027 4757 1226 4837 postularent,
1252 4756 1387 4818 sedeam
1401 4755 1530 4817 maxime

174 4840 213 4902 ob
246 4859 386 4915 causam,
421 4845 501 4922 quod
532 4851 651 4924 tempus
684 4844 824 4926 locusque
856 4845 965 4908 atellae
999 4854 1178 4926 conspectae
1212 4845 1318 4907 incidit
1349 4845 1380 4907 iu
1411 4851 1529 4929 tempus

226 4943 316 4993 seusu
330 4943 405 4994 onon.
426 4947 453 4988 u.
1284 4948 1317 5001 37
