3674 5538
783 286 865 359 cans
882 287 902 344 ¹·
1456 291 1517 364 145

160 475 278 532 uncum
301 467 365 532 sit:
393 487 454 550 qno
478 469 596 534 nomine
620 490 687 534 cum
710 471 776 534 luce
799 471 830 534 in
853 471 933 534 idem
956 471 1066 534 caloris
1094 473 1276 536 consortium
1299 474 1415 553 veniet,
1442 495 1519 556 qua-

162 567 244 620 tenus
268 557 321 622 lux
344 559 470 622 animae
494 559 623 624 soboles.

244 648 334 710 Inest
357 647 483 728 quidem
507 657 538 709 et
561 648 706 729 stirpibus
738 667 809 709 suus
842 649 925 710 calor
948 653 979 708 et
1008 647 1137 726 plantis,
1169 656 1256 712 atet
1283 651 1310 713 is
1343 670 1459 732 quoque
1482 651 1521 714 ab

165 735 300 815 igniculo,
326 737 379 817 qui
404 737 542 817 quamvis
560 756 619 799 non
633 739 678 799 ita
701 737 912 798 manifestent
929 735 960 796 in
984 735 1171 812 animalibus,
1197 738 1229 799 io.
1250 739 1395 819 stirpibus
1419 748 1520 802 tamen

167 825 257 898 inest,
283 825 363 906 quod
388 825 460 888 inde
484 832 587 906 patet,
611 827 681 906 quia
704 826 825 887 taudem
849 841 957 902 corpus
981 843 1065 885 suum
1089 826 1277 906 depascitur,
1302 830 1332 890 in
1351 829 1521 890 seminibus

166 913 272 988 latens,
298 920 331 974 et
349 913 530 976 vermiculos
549 923 639 978 noctu
664 915 798 976 lucentes
822 920 948 992 generat
961 920 993 974 et
1011 912 1101 991 ligna,
1124 923 1191 976 orta
1211 917 1333 978 tandem
1351 918 1519 996 putredine,

167 1001 208 1064 ita
229 1002 409 1077 inflammat,
436 1009 470 1066 ιιι
492 1003 592 1065 luonla
614 1003 651 1065 de
675 1010 762 1064 nocte
787 1001 879 1063 etiam
903 1001 996 1062 oculis
1021 1002 1115 1064 videri
1140 1012 1240 1083 queat.

253 1090 288 1152 In
313 1091 410 1153 Terra
432 1092 561 1154 calorem
581 1091 682 1154 inesse
703 1091 802 1152 sciunt
824 1109 937 1162 omnes,
961 1089 1120 1152 animalem
1139 1092 1239 1154 inesse
1264 1093 1439 1155 facultatem
1463 1093 1537 1156 luci*
1604 1154 1612 1180 ρ

166 1187 339 1258 cognatam,
364 1180 476 1242 caloris
499 1180 647 1254 tutricem,
672 1197 730 1241 non
749 1197 852 1241 omnes
877 1178 1061 1252 fatebuntur,
1085 1179 1188 1262 itaque
1214 1182 1251 1241 ad
1276 1182 1361 1261 ignes
1385 1181 1521 1242 Aetneos

166 1285 298 1346 provoco
322 1275 354 1328 et
377 1269 416 1331 ad
439 1269 574 1330 thermas
602 1268 832 1332 innumerabiles
865 1269 983 1346 igneum
1016 1268 1147 1329 calorem
1171 1269 1345 1331 referentes.
1385 1269 1520 1332 Indidem
1588 1329 1591 1336 .

168 1357 261 1434 igitur
284 1355 364 1435 ignis
387 1357 489 1435 prodit
512 1357 589 1419 uude
612 1365 645 1419 et
667 1357 759 1419 calor.
793 1357 826 1417 ln
847 1356 932 1430 oleis,
956 1355 986 1416 in
1011 1356 1160 1436 sulphure,
1184 1356 1344 1431 bitumine,
1368 1359 1450 1420 calor
1472 1358 1521 1419 in-

167 1453 224 1516 est,
249 1444 304 1506 sed
328 1445 359 1506 in
380 1445 527 1524 potentia,
553 1453 587 1508 ut
609 1453 642 1507 et
664 1444 753 1524 ignis.
799 1446 879 1506 Nam
907 1444 1057 1506 calefacta
1080 1446 1124 1507 sic
1152 1453 1187 1507 ut
1215 1457 1272 1508 don
1301 1447 1523 1508 inflammentur

167 1533 329 1595 remittunt
344 1532 412 1613 igne
436 1541 551 1596 remoto
569 1535 646 1596 bunc
666 1534 795 1594 calorem
806 1551 816 1607 ;
840 1533 963 1594 incensa
977 1551 1048 1594 vero
1063 1535 1222 1596 manifeste
1245 1535 1417 1609 ostendunt,
1442 1535 1521 1596 unde

166 1621 244 1700 ipsis
267 1639 339 1682 suus
363 1622 455 1690 calor,
480 1641 545 1684 oum
569 1623 745 1702 deflagrent.
784 1620 941 1692 Quaedam
964 1621 1086 1682 humore
1110 1631 1291 1703 suppetente
1314 1625 1464 1697 calefiunt,
1490 1632 1523 1684 at

167 1709 258 1771 simul
283 1728 317 1770 se
341 1709 408 1789 ipsa
431 1711 607 1786 incendunt,
633 1719 667 1773 ut
689 1711 819 1773 faenum.
866 1711 901 1771 In
925 1729 1057 1784 summa,
1082 1712 1211 1773 calorem
1235 1713 1390 1792 praecedit
1413 1711 1522 1785 anima,

169 1798 335 1860 comitatur
357 1799 437 1877 iguis
460 1799 523 1860 sive
546 1800 607 1862 lux.
648 1805 745 1872 (cnunp.
764 1823 788 1873 p.
808 1803 862 1870 57.)

259 1886 352 1966 Prop.
385 1887 537 1950 XXXIII.
590 1889 702 1950 Lucis
739 1889 846 1950 calor
880 1887 1159 1951 immateriatns
1196 1894 1263 1950 est.
1314 1887 1406 1950 Lucis
1444 1888 1522 1950 enim

166 1975 311 2038 comitem
333 1975 458 2038 fecimus
482 1984 514 2038 et
535 1977 595 2039 luci
618 1978 701 2040 nulla
724 1985 772 2040 est
793 1977 931 2051 materia,
957 1977 1000 2038 uti
1024 1994 1100 2037 nnnc
1123 1995 1189 2037 eam
1214 1977 1448 2038 consideramus.

259 2064 351 2143 Prop.
380 2063 534 2128 XXXIV.
589 2065 704 2128 Lucis
743 2066 860 2128 calori
890 2066 926 2127 in
962 2064 1153 2127 materiam
1184 2073 1241 2127 εει
1273 2065 1387 2128 εειίο.
1443 2065 1523 2126 Nam

166 2151 265 2214 omnia
288 2153 417 2215 materia
445 2153 572 2233 frigida,
606 2173 660 2234 ρει
684 2152 737 2218 32.
763 2155 814 2216 lux
837 2153 953 2229 calida,
979 2162 1050 2216 sunt
1072 2153 1164 2233 igitur
1187 2153 1243 2217 sub
1270 2155 1376 2216 eodem
1404 2171 1522 2233 genere.

168 2239 362 2303 Contrarium
384 2241 477 2320 igitur
498 2243 615 2322 patitur
638 2262 657 2304 a
680 2243 841 2306 contrario.
880 2243 914 2304 ld
939 2243 1031 2304 etiem
1054 2242 1092 2303 ob
1115 2242 1269 2304 materiati
1289 2251 1321 2303 et
1342 2261 1401 2304 non
1425 2249 1524 2303 mate-

167 2328 239 2390 riati
261 2330 509 2394 contrarietatem
532 2331 735 2394 essentialem.
783 2331 882 2411 Supra
905 2349 990 2410 prop.
1017 2330 1067 2393 10.
1092 2331 1257 2409 egebamus
1281 2331 1318 2392 de
1342 2331 1525 2410 geometrica

168 2415 288 2480 actione
312 2429 345 2480 et
366 2419 507 2498 passione
531 2438 625 2482 eausa
648 2421 720 2495 loci,
744 2419 795 2483 ubi
817 2421 905 2500 paria
933 2418 1085 2482 faciebant
1109 2419 1160 2479 lux
1183 2429 1216 2480 et
1238 2419 1420 2498 superficies.
1466 2418 1525 2480 Hic

163 2507 229 2585 jam
251 2506 380 2587 physica
403 2515 451 2568 εει
473 2509 553 2570 actio
577 2527 635 2570 non
667 2508 839 2588 reciproca;
869 2527 937 2570 nam
968 2507 1096 2570 materia
1125 2514 1243 2570 tantum
1265 2507 1389 2586 patitur.
1438 2505 1524 2577 Quae

168 2613 239 2656 vero
265 2593 324 2656 luci
349 2595 481 2658 vicissim
504 2596 614 2658 inferre
639 2597 773 2668 videtur,
797 2598 981 2677 geometrica
1010 2597 1128 2658 actious
1153 2596 1242 2670 lacit,
1266 2605 1300 2656 ut
1323 2595 1430 2674 globus
1454 2615 1524 2678 cry-

168 2682 310 2744 stallinus
325 2681 390 2745 Soli
411 2684 460 2746 diu
484 2685 639 2764 expositus
662 2686 786 2746 tandem
805 2687 941 2762 calescit,
966 2685 1068 2747 radius
1086 2703 1141 2764 ρει
1164 2684 1285 2764 globum
1301 2683 1351 2744 diu
1374 2684 1526 2745 transiens

168 2770 261 2832 nihilo
287 2778 335 2833 est
359 2771 495 2850 frigidior
519 2793 608 2854 quam
631 2773 727 2836 initio.

257 2860 350 2939 Prop.
374 2859 510 2923 XXXV.
551 2859 662 2924 Calor
685 2862 720 2924 in
744 2861 906 2924 matoria
930 2870 1099 2940 tempore
1124 2861 1325 2922 excitatur.
1363 2860 1443 2922 Nam
1467 2859 1526 2920 etsi

170 2949 221 3008 lux
244 2950 356 3010 comite
380 2949 480 3012 calore
503 2949 534 3013 in
556 2959 708 3014 momento
732 2951 838 3023 adest,
870 2950 999 3012 materia
1021 2957 1124 3010 tamen
1148 2968 1182 3010 eo
1206 2949 1271 3028 ipso
1296 2948 1375 3028 quod
1398 2947 1527 3010 materia

169 3037 298 3116 tempori
321 3035 485 3116 subjacet·
516 3036 609 3102 Calor
636 3039 729 3119 igitur
755 3039 821 3118 jam
852 3038 1030 3101 materiatus
1053 3045 1085 3098 et
1112 3037 1253 3117 passivus
1277 3055 1336 3098 non
1364 3036 1423 3098 uisi
1446 3045 1526 3098 tem-

168 3142 240 3202 pore
263 3125 348 3206 gigni
372 3134 483 3205 potest.
529 3127 598 3190 Non
623 3128 667 3190 sic
691 3128 727 3190 de
760 3127 909 3190 coloribus
932 3126 964 3188 in
993 3125 1138 3189 materiae
1169 3126 1318 3205 profundo
1350 3125 1525 3188 latentibus.

170 3209 449 3278 Considerabantnr
472 3214 549 3277 onim
571 3223 606 3278 nt
630 3216 801 3297 superficies
825 3234 863 3276 ex
889 3222 999 3278 natura
1021 3215 1097 3276 lucis
1120 3222 1152 3276 ot
1183 3213 1416 3276 illustrationis:
1448 3214 1526 3276 unde

169 3310 201 3362 et
221 3303 342 3364 illorum
367 3323 387 3362 a
409 3304 474 3365 luce
497 3303 662 3367 illustratio
685 3311 895 3366 momentanea
918 3311 1084 3383 permanet.

256 3389 350 3470 Prop.
375 3391 526 3462 XXXVI.
573 3393 655 3455 Lux·
681 3413 743 3456 res
776 3393 947 3455 destruit
979 3399 1016 3452 et
1039 3390 1175 3453 adurit.
1228 3391 1307 3452 Nam
1336 3409 1390 3470 ρει
1413 3385 1466 3452 34.
1497 3389 1525 3450 in

170 3478 332 3540 materiam
363 3479 438 3558 agit.
492 3479 610 3543 Similia
639 3500 710 3544 vero
743 3481 800 3543 sibi
833 3481 933 3542 lacere
966 3480 1072 3541 nititur
1103 3479 1251 3559 patientia
1281 3498 1363 3540 more
1396 3478 1525 3538 omnium

170 3567 334 3648 agentium.
380 3567 463 3648 Ergo
486 3570 642 3632 materiam
672 3571 830 3644 adoriens,
863 3569 894 3630 in
918 3586 977 3649 qua
999 3587 1097 3630 rerum
1122 3566 1257 3650 essentia
1284 3568 1442 3640 consistit,
1477 3584 1526 3625 res

170 3655 302 3734 perimit.
350 3656 387 3718 Id
410 3657 445 3718 fit
467 3659 680 3720 extenuatione
705 3667 737 3720 ει
759 3657 1002 3732 inflammatione,
1028 3664 1061 3717 ut
1084 3658 1158 3718 fiant
1180 3655 1282 3717 omnia
1305 3655 1365 3717 lux.

260 3744 352 3824 Prop.
376 3743 543 3808 XXXVII.
591 3747 671 3808 Lux
694 3747 848 3809 colores
881 3764 1002 3806 rerum
1035 3752 1205 3823 ternpore
1235 3743 1400 3822 dealbat.
1446 3740 1525 3802 Nam

171 3851 224 3912 per
242 3829 298 3894 36.
324 3834 485 3896 materiam
503 3835 642 3896 destruit.
677 3836 722 3898 At
739 3852 792 3914 ρει
813 3832 1156 3896 conclamassent
1174 3831 1315 3892 consistit
1334 3831 1362 3890 in
1381 3828 1524 3890 materia:

172 3939 229 4001 qua
249 3928 397 4000 pereunte
420 3922 503 3985 color
534 3922 609 4002 ipsis
636 3925 725 4002 perit.
772 3922 905 3984 Dealbat
934 3929 1050 3993 autem,
1080 3920 1149 3998 quia
1182 3921 1250 3998 (per
1281 3919 1421 3990 eandem)
1454 3916 1526 3976 alba

172 4009 229 4073 luci
251 4009 433 4089 cognatiora
455 4020 544 4086 sunt,
576 4011 663 4090 nigra
685 4012 753 4091 plus
785 4011 976 4072 tenebrarum
999 4017 1032 4070 et
1059 4008 1219 4069 densitatis
1249 4005 1397 4068 materiae
1426 4003 1524 4083 parti-

172 4097 269 4248 cipia3:
303 4098 373 4178 plus
403 4098 495 4179 igitur
517 4099 568 4162 lux
595 4099 688 4162 habet
710 4100 740 4160 in
774 4098 881 4178 nigriS,
916 4098 994 4180 quod
1027 4097 1126 4159 tollat.
1173 4095 1208 4156 Id
1237 4113 1308 4156 vero
1332 4094 1366 4156 fit
1389 4105 1524 4170 tempore

172 4203 224 4264 ρει
267 4183 299 4260 4,
325 4183 378 4249 35.
1518 4253 1523 4265 Ι

259 4275 351 4354 Ριορ.
382 4273 565 4338 XXXVlll.
619 4274 697 4337 Lux
728 4273 835 4354 nigra
866 4273 1018 4336 facilius
1050 4271 1264 4335 inflammat
1296 4288 1398 4351 quam
1430 4267 1524 4329 alba.

172 4363 246 4426 Nam
268 4382 325 4445 per
349 4359 403 4426 30.
429 4363 527 4424 minus
550 4363 700 4425 radiorum
724 4383 743 4422 a
766 4363 860 4441 nigris
883 4360 1067 4437 revibratur,
1101 4360 1169 4440 plus
1193 4359 1284 4438 igitur
1306 4359 1336 4418 in
1365 4356 1425 4418 illis
1449 4375 1523 4418 oon-

173 4452 302 4516 amnitur.
341 4452 418 4515 Plus
442 4450 533 4530 igitur
556 4451 607 4514 lux
630 4451 666 4512 de
691 4468 780 4535 opere
804 4468 858 4512 suo
882 4449 1058 4512 collocatio
1079 4449 1173 4528 nigra,
1200 4448 1278 4527 quod
1300 4465 1354 4526 per
1372 4441 1425 4508 36.
1450 4462 1523 4505 con-

172 4541 250 4604 sistit
276 4542 306 4604 in
342 4540 529 4603 destruendo
561 4547 594 4601 ει
625 4539 848 4602 inflammando.
894 4539 972 4601 Hinc
1005 4545 1073 4599 orta
1101 4544 1150 4598 est
1181 4535 1298 4616 opinio,
1330 4532 1425 4614 nigris
1457 4532 1526 4611 cogi

172 4631 276 4709 radios,
302 4629 385 4693 albis
411 4627 562 4707 dissipari.

252 4716 472 4786 Conclusioois
509 4717 574 4778 loco
613 4723 734 4779 notetur
766 4715 815 4778 bic
847 4721 937 4776 sexta
973 4712 1057 4775 tertii
1079 4709 1265 4773 Vitellionis.
1284 4705 1325 4783 ¹⁰)
1380 4709 1524 4772 Testatur

166 4810 367 4894 experientia,
393 4805 607 4870 inhaerescere
637 4805 760 4886 species
778 4801 903 4868 visionis
927 4800 1013 4864 fortis
1036 4801 1065 4862 in
1088 4799 1155 4867 visu
1178 4797 1406 4882 aliquantisper,
1431 4799 1523 4862 stiam

235 4915 329 4968 ιηιειι
345 4913 431 4963 onore
447 4909 474 4949 ιι.
1278 4902 1312 4954 10
