<?xml version="1.0" encoding="UTF-8"?>
<!DOCTYPE html PUBLIC "-//W3C//DTD XHTML 1.0 Transitional//EN"
    "http://www.w3.org/TR/xhtml1/DTD/xhtml1-transitional.dtd">
<html xmlns="http://www.w3.org/1999/xhtml" xml:lang="en" lang="en">
 <head>
  <title>
</title>
<meta http-equiv="Content-Type" content="text/html;charset=utf-8" />
  <meta name='ocr-system' content='tesseract 3.04.00' />
  <meta name='ocr-capabilities' content='ocr_page ocr_carea ocr_par ocr_line ocrx_word'/>
</head>
<body>
  <div class='ocr_page' id='page_1' title='image "./joanniskepleria02unkngoog/joanniskepleria02unkngoog_0315.png"; bbox 0 0 3718 5528; ppageno 0'>
   <div class='ocr_carea' id='block_1_1' title="bbox 775 267 1147 332">
    <p class='ocr_par' dir='ltr' id='par_1_1' title="bbox 775 267 1147 332">
     <span class='ocr_line' id='line_1_1' title="bbox 775 267 1147 332; baseline 0 -14"><span class='ocrx_word' id='word_1_1' title='bbox 775 269 950 319; x_wconf 65' lang='lat' dir='ltr'><strong>aeconomiae</strong></span> <span class='ocrx_word' id='word_1_2' title='bbox 967 267 1028 320; x_wconf 75' lang='lat' dir='ltr'><strong>Pars</strong></span> <span class='ocrx_word' id='word_1_3' title='bbox 1048 267 1147 332; x_wconf 67' lang='lat' dir='ltr'><strong>ostica</strong></span> 
     </span>
    </p>
   </div>
   <div class='ocr_carea' id='block_1_2' title="bbox 491 473 1431 542">
    <p class='ocr_par' dir='ltr' id='par_1_2' title="bbox 491 473 1431 542">
     <span class='ocr_line' id='line_1_2' title="bbox 491 473 1431 542; baseline 0.004 -4"><span class='ocrx_word' id='word_1_4' title='bbox 491 473 541 539; x_wconf 92' lang='lat'><strong>10.</strong></span> <span class='ocrx_word' id='word_1_5' title='bbox 579 476 629 538; x_wconf 93' lang='lat' dir='ltr'><strong>De</strong></span> <span class='ocrx_word' id='word_1_6' title='bbox 654 477 913 542; x_wconf 80' lang='lat' dir='ltr'><strong>illustratione</strong></span> <span class='ocrx_word' id='word_1_7' title='bbox 938 487 1059 541; x_wconf 91' lang='lat' dir='ltr'><strong>mutua</strong></span> <span class='ocrx_word' id='word_1_8' title='bbox 1081 479 1206 542; x_wconf 88' lang='lat' dir='ltr'><strong>Lunae</strong></span> <span class='ocrx_word' id='word_1_9' title='bbox 1230 487 1266 542; x_wconf 89' lang='lat' dir='ltr'><strong>et</strong></span> <span class='ocrx_word' id='word_1_10' title='bbox 1289 481 1431 542; x_wconf 80' lang='lat' dir='ltr'><strong>Terrae.</strong></span> 
     </span>
    </p>
   </div>
   <div class='ocr_carea' id='block_1_3' title="bbox 286 616 1656 4339">
    <p class='ocr_par' dir='ltr' id='par_1_3' title="bbox 286 616 1656 3803">
     <span class='ocr_line' id='line_1_3' title="bbox 376 616 1645 702; baseline 0.003 -24"><span class='ocrx_word' id='word_1_11' title='bbox 376 616 459 678; x_wconf 87' lang='lat' dir='ltr'><strong>Satis</strong></span> <span class='ocrx_word' id='word_1_12' title='bbox 484 625 533 678; x_wconf 86' lang='lat' dir='ltr'><strong>est</strong></span> <span class='ocrx_word' id='word_1_13' title='bbox 554 618 584 678; x_wconf 92' lang='lat' dir='ltr'><strong>in</strong></span> <span class='ocrx_word' id='word_1_14' title='bbox 609 621 765 693; x_wconf 84' lang='lat' dir='ltr'><strong>confesso,</strong></span> <span class='ocrx_word' id='word_1_15' title='bbox 797 621 962 700; x_wconf 87' lang='lat' dir='ltr'><strong>principale</strong></span> <span class='ocrx_word' id='word_1_16' title='bbox 986 623 1090 684; x_wconf 87' lang='lat' dir='ltr'><strong>Lunae</strong></span> <span class='ocrx_word' id='word_1_17' title='bbox 1119 622 1216 684; x_wconf 86' lang='lat' dir='ltr'><strong>lumen</strong></span> <span class='ocrx_word' id='word_1_18' title='bbox 1245 643 1263 682; x_wconf 88' lang='lat' dir='ltr'><strong>a</strong></span> <span class='ocrx_word' id='word_1_19' title='bbox 1287 619 1357 683; x_wconf 86' lang='lat' dir='ltr'><strong>Sole</strong></span> <span class='ocrx_word' id='word_1_20' title='bbox 1382 641 1470 696; x_wconf 89' lang='lat' dir='ltr'><strong>esse,</strong></span> <span class='ocrx_word' id='word_1_21' title='bbox 1496 622 1533 682; x_wconf 94' lang='lat' dir='ltr'><strong>de</strong></span> <span class='ocrx_word' id='word_1_22' title='bbox 1557 622 1645 702; x_wconf 89' lang='lat' dir='ltr'><strong>cujus</strong></span> 
     </span>
     <span class='ocr_line' id='line_1_4' title="bbox 288 706 1645 790; baseline 0.001 -22"><span class='ocrx_word' id='word_1_23' title='bbox 288 706 383 768; x_wconf 88' lang='lat' dir='ltr'><strong>modis</strong></span> <span class='ocrx_word' id='word_1_24' title='bbox 416 715 449 768; x_wconf 90' lang='lat' dir='ltr'><strong>et</strong></span> <span class='ocrx_word' id='word_1_25' title='bbox 471 707 671 768; x_wconf 88' lang='lat' dir='ltr'><strong>varietatibus</strong></span> <span class='ocrx_word' id='word_1_26' title='bbox 705 709 815 771; x_wconf 87' lang='lat' dir='ltr'><strong>dictum</strong></span> <span class='ocrx_word' id='word_1_27' title='bbox 844 719 891 770; x_wconf 88' lang='lat' dir='ltr'><strong>est</strong></span> <span class='ocrx_word' id='word_1_28' title='bbox 924 711 1079 772; x_wconf 88' lang='lat' dir='ltr'><strong>hacteuus.</strong></span> <span class='ocrx_word' id='word_1_29' title='bbox 1127 710 1206 772; x_wconf 84' lang='lat' dir='ltr'>Sunt</span> <span class='ocrx_word' id='word_1_30' title='bbox 1237 719 1338 772; x_wconf 89' lang='lat' dir='ltr'><strong>autem</strong></span> <span class='ocrx_word' id='word_1_31' title='bbox 1371 712 1420 790; x_wconf 92' lang='lat' dir='ltr'><strong>qni</strong></span> <span class='ocrx_word' id='word_1_32' title='bbox 1452 710 1645 772; x_wconf 85' lang='lat' dir='ltr'><strong>nibilominus</strong></span> 
     </span>
     <span class='ocr_line' id='line_1_5' title="bbox 290 795 1645 879; baseline 0.001 -21"><span class='ocrx_word' id='word_1_33' title='bbox 290 797 394 858; x_wconf 88' lang='lat' dir='ltr'><strong>Lunae</strong></span> <span class='ocrx_word' id='word_1_34' title='bbox 429 796 566 872; x_wconf 80' lang='lat' dir='ltr'><strong>exiguam</strong></span> <span class='ocrx_word' id='word_1_35' title='bbox 604 795 735 874; x_wconf 79' lang='lat' dir='ltr'><strong>aliquam</strong></span> <span class='ocrx_word' id='word_1_36' title='bbox 771 799 922 876; x_wconf 81' lang='lat' dir='ltr'><strong>propriam</strong></span> <span class='ocrx_word' id='word_1_37' title='bbox 960 800 1087 860; x_wconf 90' lang='lat' dir='ltr'><strong>luculam</strong></span> <span class='ocrx_word' id='word_1_38' title='bbox 1124 800 1328 862; x_wconf 78' lang='lat' dir='ltr'><strong>transcribant</strong></span> <span class='ocrx_word' id='word_1_39' title='bbox 1364 799 1411 860; x_wconf 93' lang='lat' dir='ltr'><strong>bis</strong></span> <span class='ocrx_word' id='word_1_40' title='bbox 1449 797 1645 879; x_wconf 76' lang='lat' dir='ltr'><strong>argumentis.</strong></span> 
     </span>
     <span class='ocr_line' id='line_1_6' title="bbox 288 885 1646 967; baseline 0.001 -21"><span class='ocrx_word' id='word_1_41' title='bbox 288 885 420 946; x_wconf 87' lang='lat' dir='ltr'><strong>Primum</strong></span> <span class='ocrx_word' id='word_1_42' title='bbox 445 886 522 964; x_wconf 91' lang='lat' dir='ltr'><strong>quod</strong></span> <span class='ocrx_word' id='word_1_43' title='bbox 546 885 576 946; x_wconf 88' lang='lat' dir='ltr'><strong>in</strong></span> <span class='ocrx_word' id='word_1_44' title='bbox 600 885 746 946; x_wconf 87' lang='lat' dir='ltr'><strong>totalibus</strong></span> <span class='ocrx_word' id='word_1_45' title='bbox 777 886 944 948; x_wconf 87' lang='lat' dir='ltr'><strong>defectibus</strong></span> <span class='ocrx_word' id='word_1_46' title='bbox 966 888 1070 950; x_wconf 89' lang='lat' dir='ltr'><strong>Lunae</strong></span> <span class='ocrx_word' id='word_1_47' title='bbox 1094 888 1283 950; x_wconf 89' lang='lat' dir='ltr'><strong>nihilominus</strong></span> <span class='ocrx_word' id='word_1_48' title='bbox 1306 888 1364 967; x_wconf 92' lang='lat' dir='ltr'><strong>ipsi</strong></span> <span class='ocrx_word' id='word_1_49' title='bbox 1388 898 1526 967; x_wconf 87' lang='lat' dir='ltr'><strong>superest</strong></span> <span class='ocrx_word' id='word_1_50' title='bbox 1555 887 1646 949; x_wconf 87' lang='lat' dir='ltr'><strong>rubor</strong></span> 
     </span>
     <span class='ocr_line' id='line_1_7' title="bbox 289 973 1644 1054; baseline 0.001 -20"><span class='ocrx_word' id='word_1_51' title='bbox 289 973 409 1053; x_wconf 88' lang='lat' dir='ltr'><strong>quidam</strong></span> <span class='ocrx_word' id='word_1_52' title='bbox 432 975 510 1034; x_wconf 88' lang='lat' dir='ltr'><strong>satis</strong></span> <span class='ocrx_word' id='word_1_53' title='bbox 534 973 644 1036; x_wconf 85' lang='lat' dir='ltr'><strong>clarus.</strong></span> <span class='ocrx_word' id='word_1_54' title='bbox 690 974 808 1036; x_wconf 84' lang='lat' dir='ltr'><strong>Deinde</strong></span> <span class='ocrx_word' id='word_1_55' title='bbox 834 976 911 1054; x_wconf 93' lang='lat' dir='ltr'><strong>quod</strong></span> <span class='ocrx_word' id='word_1_56' title='bbox 936 977 964 1038; x_wconf 87' lang='lat' dir='ltr'><strong>iu</strong></span> <span class='ocrx_word' id='word_1_57' title='bbox 988 977 1134 1039; x_wconf 86' lang='lat' dir='ltr'><strong>totalibus</strong></span> <span class='ocrx_word' id='word_1_58' title='bbox 1158 975 1239 1039; x_wconf 85' lang='lat' dir='ltr'><strong>Solis</strong></span> <span class='ocrx_word' id='word_1_59' title='bbox 1272 975 1442 1038; x_wconf 83' lang='lat' dir='ltr'><strong>defectibus</strong></span> <span class='ocrx_word' id='word_1_60' title='bbox 1465 977 1554 1038; x_wconf 86' lang='lat' dir='ltr'><strong>Luna</strong></span> <span class='ocrx_word' id='word_1_61' title='bbox 1576 994 1644 1037; x_wconf 90' lang='lat' dir='ltr'><strong>rur-</strong></span> 
     </span>
     <span class='ocr_line' id='line_1_8' title="bbox 287 1063 1645 1144; baseline 0 -20"><span class='ocrx_word' id='word_1_62' title='bbox 287 1082 352 1124; x_wconf 90' lang='lat' dir='ltr'><strong>sum</strong></span> <span class='ocrx_word' id='word_1_63' title='bbox 375 1070 443 1123; x_wconf 87' lang='lat' dir='ltr'><strong>tota</strong></span> <span class='ocrx_word' id='word_1_64' title='bbox 467 1063 543 1124; x_wconf 86' lang='lat' dir='ltr'><strong>facie</strong></span> <span class='ocrx_word' id='word_1_65' title='bbox 567 1063 648 1124; x_wconf 86' lang='lat' dir='ltr'><strong>clare</strong></span> <span class='ocrx_word' id='word_1_66' title='bbox 672 1073 820 1126; x_wconf 84' lang='lat' dir='ltr'><strong>cernatur.</strong></span> <span class='ocrx_word' id='word_1_67' title='bbox 864 1065 966 1126; x_wconf 87' lang='lat' dir='ltr'><strong>Tertio</strong></span> <span class='ocrx_word' id='word_1_68' title='bbox 991 1067 1069 1144; x_wconf 89' lang='lat' dir='ltr'><strong>quod</strong></span> <span class='ocrx_word' id='word_1_69' title='bbox 1092 1066 1120 1126; x_wconf 86' lang='lat' dir='ltr'><strong>in</strong></span> <span class='ocrx_word' id='word_1_70' title='bbox 1145 1064 1305 1128; x_wconf 86' lang='lat' dir='ltr'><strong>noviluniis</strong></span> <span class='ocrx_word' id='word_1_71' title='bbox 1330 1073 1456 1144; x_wconf 88' lang='lat' dir='ltr'><strong>etpost</strong></span> <span class='ocrx_word' id='word_1_72' title='bbox 1478 1066 1532 1127; x_wconf 85' lang='lat' dir='ltr'><strong>illa</strong></span> <span class='ocrx_word' id='word_1_73' title='bbox 1555 1065 1645 1126; x_wconf 90' lang='lat' dir='ltr'><strong>biduo</strong></span> 
     </span>
     <span class='ocr_line' id='line_1_9' title="bbox 288 1152 1644 1232; baseline 0 -20"><span class='ocrx_word' id='word_1_74' title='bbox 288 1152 490 1230; x_wconf 89' lang='lat' dir='ltr'><strong>etamplius,</strong></span> <span class='ocrx_word' id='word_1_75' title='bbox 524 1153 658 1230; x_wconf 75' lang='lat' dir='ltr'><strong>adeoque</strong></span> <span class='ocrx_word' id='word_1_76' title='bbox 683 1160 715 1212; x_wconf 87' lang='lat' dir='ltr'><strong>et</strong></span> <span class='ocrx_word' id='word_1_77' title='bbox 737 1153 765 1213; x_wconf 93' lang='lat' dir='ltr'><strong>in</strong></span> <span class='ocrx_word' id='word_1_78' title='bbox 791 1153 982 1232; x_wconf 79' lang='lat' dir='ltr'><strong>quadraturis</strong></span> <span class='ocrx_word' id='word_1_79' title='bbox 1005 1155 1092 1216; x_wconf 90' lang='lat' dir='ltr'><strong>Luna</strong></span> <span class='ocrx_word' id='word_1_80' title='bbox 1116 1174 1174 1216; x_wconf 93' lang='lat' dir='ltr'><strong>nou</strong></span> <span class='ocrx_word' id='word_1_81' title='bbox 1203 1163 1268 1216; x_wconf 88' lang='lat' dir='ltr'><strong>toto</strong></span> <span class='ocrx_word' id='word_1_82' title='bbox 1301 1161 1417 1215; x_wconf 84' lang='lat' dir='ltr'><strong>tautum</strong></span> <span class='ocrx_word' id='word_1_83' title='bbox 1445 1155 1556 1216; x_wconf 89' lang='lat' dir='ltr'><strong>circulo</strong></span> <span class='ocrx_word' id='word_1_84' title='bbox 1590 1153 1644 1213; x_wconf 89' lang='lat' dir='ltr'><strong>sed</strong></span> 
     </span>
     <span class='ocr_line' id='line_1_10' title="bbox 288 1241 1644 1324; baseline 0 -22"><span class='ocrx_word' id='word_1_85' title='bbox 288 1241 377 1320; x_wconf 90' lang='lat' dir='ltr'><strong>plane</strong></span> <span class='ocrx_word' id='word_1_86' title='bbox 400 1247 468 1300; x_wconf 89' lang='lat' dir='ltr'><strong>tota</strong></span> <span class='ocrx_word' id='word_1_87' title='bbox 493 1241 568 1301; x_wconf 86' lang='lat' dir='ltr'><strong>facie</strong></span> <span class='ocrx_word' id='word_1_88' title='bbox 592 1242 720 1302; x_wconf 85' lang='lat' dir='ltr'><strong>rotunda</strong></span> <span class='ocrx_word' id='word_1_89' title='bbox 743 1242 883 1302; x_wconf 88' lang='lat' dir='ltr'><strong>cernitur.</strong></span> <span class='ocrx_word' id='word_1_90' title='bbox 915 1241 1029 1304; x_wconf 90' lang='lat' dir='ltr'><strong>Verum</strong></span> <span class='ocrx_word' id='word_1_91' title='bbox 1053 1245 1134 1305; x_wconf 88' lang='lat' dir='ltr'><strong>nulla</strong></span> <span class='ocrx_word' id='word_1_92' title='bbox 1158 1245 1262 1306; x_wconf 88' lang='lat' dir='ltr'><strong>barum</strong></span> <span class='ocrx_word' id='word_1_93' title='bbox 1286 1261 1443 1304; x_wconf 87' lang='lat' dir='ltr'><strong>causarum</strong></span> <span class='ocrx_word' id='word_1_94' title='bbox 1467 1243 1563 1324; x_wconf 92' lang='lat' dir='ltr'><strong>proba</strong></span> <span class='ocrx_word' id='word_1_95' title='bbox 1585 1249 1644 1302; x_wconf 90' lang='lat' dir='ltr'><strong>est.</strong></span> 
     </span>
     <span class='ocr_line' id='line_1_11' title="bbox 286 1328 1647 1412; baseline 0 -22"><span class='ocrx_word' id='word_1_96' title='bbox 286 1330 333 1390; x_wconf 89' lang='lat' dir='ltr'><strong>De</strong></span> <span class='ocrx_word' id='word_1_97' title='bbox 349 1329 457 1390; x_wconf 90' lang='lat' dir='ltr'><strong>lumine</strong></span> <span class='ocrx_word' id='word_1_98' title='bbox 481 1328 511 1388; x_wconf 93' lang='lat' dir='ltr'><strong>in</strong></span> <span class='ocrx_word' id='word_1_99' title='bbox 527 1329 646 1390; x_wconf 89' lang='lat' dir='ltr'><strong>deiectu</strong></span> <span class='ocrx_word' id='word_1_100' title='bbox 661 1328 765 1390; x_wconf 91' lang='lat' dir='ltr'><strong>Lunae</strong></span> <span class='ocrx_word' id='word_1_101' title='bbox 786 1331 905 1392; x_wconf 89' lang='lat' dir='ltr'><strong>residuo</strong></span> <span class='ocrx_word' id='word_1_102' title='bbox 926 1331 1040 1393; x_wconf 88' lang='lat' dir='ltr'><strong>dicetur</strong></span> <span class='ocrx_word' id='word_1_103' title='bbox 1063 1333 1142 1394; x_wconf 85' lang='lat' dir='ltr'><strong>infra</strong></span> <span class='ocrx_word' id='word_1_104' title='bbox 1157 1353 1223 1412; x_wconf 92' lang='lat' dir='ltr'><strong>cap.</strong></span> <span class='ocrx_word' id='word_1_105' title='bbox 1240 1332 1323 1408; x_wconf 83' lang='lat' dir='ltr'><strong>Vll,</strong></span> <span class='ocrx_word' id='word_1_106' title='bbox 1348 1333 1426 1412; x_wconf 92' lang='lat' dir='ltr'><strong>quod</strong></span> <span class='ocrx_word' id='word_1_107' title='bbox 1450 1351 1505 1394; x_wconf 89' lang='lat' dir='ltr'><strong>nec</strong></span> <span class='ocrx_word' id='word_1_108' title='bbox 1528 1331 1585 1392; x_wconf 90' lang='lat' dir='ltr'><strong>hoc</strong></span> <span class='ocrx_word' id='word_1_109' title='bbox 1604 1331 1647 1391; x_wconf 89' lang='lat' dir='ltr'><strong>sit</strong></span> 
     </span>
     <span class='ocr_line' id='line_1_12' title="bbox 289 1417 1648 1501; baseline -0.002 -19"><span class='ocrx_word' id='word_1_110' title='bbox 289 1419 394 1482; x_wconf 88' lang='lat' dir='ltr'><strong>Lunae</strong></span> <span class='ocrx_word' id='word_1_111' title='bbox 418 1417 578 1498; x_wconf 88' lang='lat' dir='ltr'><strong>proprium.</strong></span> <span class='ocrx_word' id='word_1_112' title='bbox 625 1420 672 1480; x_wconf 91' lang='lat' dir='ltr'><strong>De</strong></span> <span class='ocrx_word' id='word_1_113' title='bbox 696 1437 792 1481; x_wconf 90' lang='lat' dir='ltr'><strong>novae</strong></span> <span class='ocrx_word' id='word_1_114' title='bbox 822 1437 893 1480; x_wconf 88' lang='lat' dir='ltr'><strong>vero</strong></span> <span class='ocrx_word' id='word_1_115' title='bbox 922 1429 953 1481; x_wconf 88' lang='lat' dir='ltr'><strong>et</strong></span> <span class='ocrx_word' id='word_1_116' title='bbox 977 1420 1079 1483; x_wconf 87' lang='lat' dir='ltr'><strong>Solem</strong></span> <span class='ocrx_word' id='word_1_117' title='bbox 1112 1423 1246 1500; x_wconf 88' lang='lat' dir='ltr'><strong>tegentis</strong></span> <span class='ocrx_word' id='word_1_118' title='bbox 1274 1421 1383 1482; x_wconf 90' lang='lat' dir='ltr'><strong>lumine</strong></span> <span class='ocrx_word' id='word_1_119' title='bbox 1412 1421 1440 1483; x_wconf 91' lang='lat' dir='ltr'><strong>in</strong></span> <span class='ocrx_word' id='word_1_120' title='bbox 1473 1419 1648 1501; x_wconf 88' lang='lat' dir='ltr'><strong>praesentia</strong></span> 
     </span>
     <span class='ocr_line' id='line_1_13' title="bbox 289 1505 1646 1588; baseline -0.002 -17"><span class='ocrx_word' id='word_1_121' title='bbox 289 1510 455 1571; x_wconf 87' lang='lat' dir='ltr'><strong>dicendum.</strong></span> <span class='ocrx_word' id='word_1_122' title='bbox 503 1505 591 1577; x_wconf 88' lang='lat' dir='ltr'><strong>Quod</strong></span> <span class='ocrx_word' id='word_1_123' title='bbox 620 1515 719 1570; x_wconf 88' lang='lat' dir='ltr'><strong>autem</strong></span> <span class='ocrx_word' id='word_1_124' title='bbox 749 1509 908 1588; x_wconf 88' lang='lat' dir='ltr'><strong>aliquando</strong></span> <span class='ocrx_word' id='word_1_125' title='bbox 932 1511 1020 1572; x_wconf 87' lang='lat' dir='ltr'><strong>Luna</strong></span> <span class='ocrx_word' id='word_1_126' title='bbox 1052 1511 1243 1573; x_wconf 90' lang='lat' dir='ltr'><strong>nihilominus</strong></span> <span class='ocrx_word' id='word_1_127' title='bbox 1267 1509 1333 1572; x_wconf 87' lang='lat' dir='ltr'><strong>visa</strong></span> <span class='ocrx_word' id='word_1_128' title='bbox 1361 1509 1418 1578; x_wconf 89' lang='lat' dir='ltr'><strong>sit,</strong></span> <span class='ocrx_word' id='word_1_129' title='bbox 1452 1529 1519 1572; x_wconf 89' lang='lat' dir='ltr'><strong>oum</strong></span> <span class='ocrx_word' id='word_1_130' title='bbox 1543 1507 1646 1571; x_wconf 88' lang='lat' dir='ltr'><strong>Solem</strong></span> 
     </span>
     <span class='ocr_line' id='line_1_14' title="bbox 291 1596 1646 1677; baseline -0.002 -18"><span class='ocrx_word' id='word_1_131' title='bbox 291 1599 469 1660; x_wconf 87' lang='lat' dir='ltr'><strong>mortalibus</strong></span> <span class='ocrx_word' id='word_1_132' title='bbox 495 1598 663 1677; x_wconf 87' lang='lat' dir='ltr'><strong>eripuisset,</strong></span> <span class='ocrx_word' id='word_1_133' title='bbox 689 1596 861 1659; x_wconf 87' lang='lat' dir='ltr'><strong>auctoribus</strong></span> <span class='ocrx_word' id='word_1_134' title='bbox 885 1597 1043 1661; x_wconf 87' lang='lat' dir='ltr'><strong>Vitellioni</strong></span> <span class='ocrx_word' id='word_1_135' title='bbox 1068 1608 1099 1660; x_wconf 85' lang='lat' dir='ltr'><strong>et</strong></span> <span class='ocrx_word' id='word_1_136' title='bbox 1118 1599 1286 1662; x_wconf 88' lang='lat' dir='ltr'><strong>Reioholdo</strong></span> <span class='ocrx_word' id='word_1_137' title='bbox 1310 1599 1490 1662; x_wconf 87' lang='lat' dir='ltr'><strong>credendum</strong></span> <span class='ocrx_word' id='word_1_138' title='bbox 1514 1606 1570 1671; x_wconf 89' lang='lat' dir='ltr'><strong>est,</strong></span> <span class='ocrx_word' id='word_1_139' title='bbox 1597 1597 1646 1677; x_wconf 91' lang='lat' dir='ltr'><strong>qui</strong></span> 
     </span>
     <span class='ocr_line' id='line_1_15' title="bbox 293 1687 1646 1768; baseline -0.004 -18"><span class='ocrx_word' id='word_1_140' title='bbox 293 1707 329 1750; x_wconf 87' lang='lat' dir='ltr'><strong>ex</strong></span> <span class='ocrx_word' id='word_1_141' title='bbox 354 1707 389 1748; x_wconf 90' lang='lat' dir='ltr'><strong>eo</strong></span> <span class='ocrx_word' id='word_1_142' title='bbox 413 1688 618 1767; x_wconf 89' lang='lat' dir='ltr'><strong>phaenomeno</strong></span> <span class='ocrx_word' id='word_1_143' title='bbox 642 1687 670 1746; x_wconf 95' lang='lat' dir='ltr'><strong>in</strong></span> <span class='ocrx_word' id='word_1_144' title='bbox 696 1704 804 1747; x_wconf 88' lang='lat' dir='ltr'><strong>causas</strong></span> <span class='ocrx_word' id='word_1_145' title='bbox 828 1687 996 1750; x_wconf 88' lang='lat' dir='ltr'><strong>reddendas</strong></span> <span class='ocrx_word' id='word_1_146' title='bbox 1021 1689 1163 1750; x_wconf 88' lang='lat' dir='ltr'><strong>concitati</strong></span> <span class='ocrx_word' id='word_1_147' title='bbox 1188 1689 1287 1750; x_wconf 86' lang='lat' dir='ltr'><strong>fuere:</strong></span> <span class='ocrx_word' id='word_1_148' title='bbox 1312 1688 1390 1768; x_wconf 91' lang='lat' dir='ltr'><strong>qnod</strong></span> <span class='ocrx_word' id='word_1_149' title='bbox 1414 1705 1471 1748; x_wconf 90' lang='lat' dir='ltr'><strong>non</strong></span> <span class='ocrx_word' id='word_1_150' title='bbox 1492 1687 1646 1758; x_wconf 83' lang='lat' dir='ltr'><strong>iecissent,</strong></span> 
     </span>
     <span class='ocr_line' id='line_1_16' title="bbox 292 1773 1647 1857; baseline -0.004 -18"><span class='ocrx_word' id='word_1_151' title='bbox 292 1778 349 1840; x_wconf 90' lang='lat' dir='ltr'><strong>nisi</strong></span> <span class='ocrx_word' id='word_1_152' title='bbox 374 1777 410 1836; x_wconf 90' lang='lat' dir='ltr'><strong>de</strong></span> <span class='ocrx_word' id='word_1_153' title='bbox 433 1777 490 1838; x_wconf 90' lang='lat' dir='ltr'><strong>hac</strong></span> <span class='ocrx_word' id='word_1_154' title='bbox 513 1795 545 1837; x_wconf 92' lang='lat' dir='ltr'><strong>re</strong></span> <span class='ocrx_word' id='word_1_155' title='bbox 569 1775 643 1837; x_wconf 90' lang='lat' dir='ltr'><strong>certi</strong></span> <span class='ocrx_word' id='word_1_156' title='bbox 669 1773 806 1836; x_wconf 82' lang='lat' dir='ltr'><strong>fuissent.</strong></span> <span class='ocrx_word' id='word_1_157' title='bbox 844 1777 1018 1838; x_wconf 84' lang='lat' dir='ltr'><strong>Attendant</strong></span> <span class='ocrx_word' id='word_1_158' title='bbox 1041 1778 1090 1857; x_wconf 91' lang='lat' dir='ltr'><strong>qni</strong></span> <span class='ocrx_word' id='word_1_159' title='bbox 1112 1779 1209 1855; x_wconf 86' lang='lat' dir='ltr'><strong>Alpes</strong></span> <span class='ocrx_word' id='word_1_160' title='bbox 1223 1777 1373 1839; x_wconf 88' lang='lat' dir='ltr'><strong>Rhaetias</strong></span> <span class='ocrx_word' id='word_1_161' title='bbox 1398 1786 1429 1836; x_wconf 89' lang='lat' dir='ltr'><strong>ct</strong></span> <span class='ocrx_word' id='word_1_162' title='bbox 1452 1777 1500 1855; x_wconf 91' lang='lat' dir='ltr'><strong>qui</strong></span> <span class='ocrx_word' id='word_1_163' title='bbox 1524 1775 1647 1837; x_wconf 90' lang='lat' dir='ltr'><strong>ltaliam</strong></span> 
     </span>
     <span class='ocr_line' id='line_1_17' title="bbox 292 1862 1648 1946; baseline -0.003 -20"><span class='ocrx_word' id='word_1_164' title='bbox 292 1866 425 1927; x_wconf 90' lang='lat' dir='ltr'><strong>incolunt</strong></span> <span class='ocrx_word' id='word_1_165' title='bbox 448 1872 479 1925; x_wconf 90' lang='lat' dir='ltr'><strong>et</strong></span> <span class='ocrx_word' id='word_1_166' title='bbox 503 1864 727 1925; x_wconf 88' lang='lat' dir='ltr'><strong>meridionalem</strong></span> <span class='ocrx_word' id='word_1_167' title='bbox 752 1862 871 1925; x_wconf 89' lang='lat' dir='ltr'><strong>Galliae</strong></span> <span class='ocrx_word' id='word_1_168' title='bbox 895 1871 1012 1944; x_wconf 89' lang='lat' dir='ltr'><strong>partem</strong></span> <span class='ocrx_word' id='word_1_169' title='bbox 1036 1884 1101 1928; x_wconf 88' lang='lat' dir='ltr'><strong>cum</strong></span> <span class='ocrx_word' id='word_1_170' title='bbox 1120 1867 1269 1946; x_wconf 84' lang='lat' dir='ltr'><strong>Hispania</strong></span> <span class='ocrx_word' id='word_1_171' title='bbox 1291 1867 1447 1939; x_wconf 86' lang='lat' dir='ltr'><strong>universa,</strong></span> <span class='ocrx_word' id='word_1_172' title='bbox 1477 1864 1648 1932; x_wconf 86' lang='lat' dir='ltr'><strong>attendant,</strong></span> 
     </span>
     <span class='ocr_line' id='line_1_18' title="bbox 291 1949 1649 2035; baseline -0.004 -20"><span class='ocrx_word' id='word_1_173' title='bbox 291 1955 421 2035; x_wconf 89' lang='lat' dir='ltr'><strong>inquam,</strong></span> <span class='ocrx_word' id='word_1_174' title='bbox 445 1955 476 2014; x_wconf 90' lang='lat' dir='ltr'><strong>in</strong></span> <span class='ocrx_word' id='word_1_175' title='bbox 500 1953 578 2014; x_wconf 91' lang='lat' dir='ltr'><strong>hano</strong></span> <span class='ocrx_word' id='word_1_176' title='bbox 601 1971 663 2014; x_wconf 92' lang='lat' dir='ltr'><strong>rem</strong></span> <span class='ocrx_word' id='word_1_177' title='bbox 689 1960 721 2012; x_wconf 89' lang='lat' dir='ltr'><strong>et</strong></span> <span class='ocrx_word' id='word_1_178' title='bbox 743 1951 847 2013; x_wconf 91' lang='lat' dir='ltr'><strong>Lunae</strong></span> <span class='ocrx_word' id='word_1_179' title='bbox 872 1955 979 2016; x_wconf 86' lang='lat' dir='ltr'><strong>faciem</strong></span> <span class='ocrx_word' id='word_1_180' title='bbox 1003 1973 1056 2016; x_wconf 88' lang='lat' dir='ltr'><strong>seu</strong></span> <span class='ocrx_word' id='word_1_181' title='bbox 1070 1955 1201 2016; x_wconf 91' lang='lat' dir='ltr'><strong>colorem</strong></span> <span class='ocrx_word' id='word_1_182' title='bbox 1225 1973 1302 2016; x_wconf 90' lang='lat' dir='ltr'><strong>anno</strong></span> <span class='ocrx_word' id='word_1_183' title='bbox 1328 1955 1426 2016; x_wconf 85' lang='lat' dir='ltr'><strong>futuro</strong></span> <span class='ocrx_word' id='word_1_184' title='bbox 1445 1949 1538 2017; x_wconf 83' lang='lat'>1605.</span> <span class='ocrx_word' id='word_1_185' title='bbox 1564 1952 1649 2031; x_wconf 91' lang='lat' dir='ltr'><strong>cujus</strong></span> 
     </span>
     <span class='ocr_line' id='line_1_19' title="bbox 293 2037 1650 2124; baseline -0.004 -19"><span class='ocrx_word' id='word_1_186' title='bbox 293 2043 362 2105; x_wconf 90' lang='lat' dir='ltr'><strong>anni</strong></span> <span class='ocrx_word' id='word_1_187' title='bbox 387 2043 434 2104; x_wconf 90' lang='lat' dir='ltr'><strong>die</strong></span> <span class='ocrx_word' id='word_1_188' title='bbox 459 2037 544 2123; x_wconf 63' lang='lat'>2112.</span> <span class='ocrx_word' id='word_1_189' title='bbox 570 2039 713 2103; x_wconf 84' lang='lat' dir='ltr'><strong>Octobris</strong></span> <span class='ocrx_word' id='word_1_190' title='bbox 736 2040 834 2102; x_wconf 87' lang='lat' dir='ltr'><strong>indice</strong></span> <span class='ocrx_word' id='word_1_191' title='bbox 859 2042 1009 2124; x_wconf 89' lang='lat' dir='ltr'><strong>Tychonis</strong></span> <span class='ocrx_word' id='word_1_192' title='bbox 1032 2043 1144 2104; x_wconf 91' lang='lat' dir='ltr'><strong>Brahei</strong></span> <span class='ocrx_word' id='word_1_193' title='bbox 1168 2044 1283 2105; x_wconf 86' lang='lat' dir='ltr'><strong>calculo</strong></span> <span class='ocrx_word' id='word_1_194' title='bbox 1307 2043 1394 2104; x_wconf 93' lang='lat' dir='ltr'><strong>Luna</strong></span> <span class='ocrx_word' id='word_1_195' title='bbox 1422 2043 1485 2104; x_wconf 85' lang='lat' dir='ltr'><strong>iere</strong></span> <span class='ocrx_word' id='word_1_196' title='bbox 1509 2061 1650 2120; x_wconf 78' lang='lat' dir='ltr'><strong>uaprysroc</strong></span> 
     </span>
     <span class='ocr_line' id='line_1_20' title="bbox 293 2128 1652 2212; baseline -0.002 -20"><span class='ocrx_word' id='word_1_197' title='bbox 293 2131 359 2193; x_wconf 88' lang='lat' dir='ltr'><strong>Soli</strong></span> <span class='ocrx_word' id='word_1_198' title='bbox 383 2130 561 2191; x_wconf 89' lang='lat' dir='ltr'><strong>centraliter</strong></span> <span class='ocrx_word' id='word_1_199' title='bbox 583 2130 613 2190; x_wconf 90' lang='lat' dir='ltr'><strong>iu</strong></span> <span class='ocrx_word' id='word_1_200' title='bbox 639 2128 728 2190; x_wconf 90' lang='lat' dir='ltr'><strong>dictis</strong></span> <span class='ocrx_word' id='word_1_201' title='bbox 752 2129 924 2208; x_wconf 83' lang='lat' dir='ltr'><strong>regionibus</strong></span> <span class='ocrx_word' id='word_1_202' title='bbox 949 2131 1114 2210; x_wconf 67' lang='lat' dir='ltr'><strong>objicietur.</strong></span> <span class='ocrx_word' id='word_1_203' title='bbox 1149 2133 1229 2194; x_wconf 90' lang='lat' dir='ltr'><strong>Nam</strong></span> <span class='ocrx_word' id='word_1_204' title='bbox 1253 2132 1331 2211; x_wconf 93' lang='lat' dir='ltr'><strong>quod</strong></span> <span class='ocrx_word' id='word_1_205' title='bbox 1347 2132 1448 2212; x_wconf 84' lang='lat' dir='ltr'><strong>Tycho</strong></span> <span class='ocrx_word' id='word_1_206' title='bbox 1472 2131 1652 2192; x_wconf 87' lang='lat' dir='ltr'><strong>diametrum</strong></span> 
     </span>
     <span class='ocr_line' id='line_1_21' title="bbox 292 2216 1650 2300; baseline -0.002 -19"><span class='ocrx_word' id='word_1_207' title='bbox 292 2220 396 2282; x_wconf 87' lang='lat' dir='ltr'><strong>Lunae</strong></span> <span class='ocrx_word' id='word_1_208' title='bbox 430 2219 459 2279; x_wconf 92' lang='lat' dir='ltr'><strong>in</strong></span> <span class='ocrx_word' id='word_1_209' title='bbox 471 2216 571 2278; x_wconf 53' lang='lat' dir='ltr'><strong>xSolis</strong></span> <span class='ocrx_word' id='word_1_210' title='bbox 601 2216 763 2298; x_wconf 86' lang='lat' dir='ltr'><strong>eclipsibus</strong></span> <span class='ocrx_word' id='word_1_211' title='bbox 791 2218 933 2280; x_wconf 89' lang='lat' dir='ltr'><strong>minorem</strong></span> <span class='ocrx_word' id='word_1_212' title='bbox 962 2237 1030 2280; x_wconf 89' lang='lat' dir='ltr'><strong>esse</strong></span> <span class='ocrx_word' id='word_1_213' title='bbox 1061 2221 1201 2299; x_wconf 88' lang='lat' dir='ltr'><strong>opinatus</strong></span> <span class='ocrx_word' id='word_1_214' title='bbox 1231 2227 1292 2296; x_wconf 91' lang='lat' dir='ltr'><strong>est,</strong></span> <span class='ocrx_word' id='word_1_215' title='bbox 1323 2239 1411 2298; x_wconf 90' lang='lat' dir='ltr'><strong>quarn</strong></span> <span class='ocrx_word' id='word_1_216' title='bbox 1440 2237 1515 2300; x_wconf 91' lang='lat' dir='ltr'><strong>quae</strong></span> <span class='ocrx_word' id='word_1_217' title='bbox 1544 2217 1650 2280; x_wconf 86' lang='lat' dir='ltr'><strong>Solem</strong></span> 
     </span>
     <span class='ocr_line' id='line_1_22' title="bbox 291 2306 1649 2388; baseline -0.003 -19"><span class='ocrx_word' id='word_1_218' title='bbox 291 2315 388 2370; x_wconf 90' lang='lat' dir='ltr'><strong>totum</strong></span> <span class='ocrx_word' id='word_1_219' title='bbox 416 2325 562 2386; x_wconf 87' lang='lat' dir='ltr'><strong>occupare</strong></span> <span class='ocrx_word' id='word_1_220' title='bbox 590 2317 710 2385; x_wconf 89' lang='lat' dir='ltr'><strong>posset,</strong></span> <span class='ocrx_word' id='word_1_221' title='bbox 745 2306 781 2365; x_wconf 87' lang='lat' dir='ltr'><strong>dc</strong></span> <span class='ocrx_word' id='word_1_222' title='bbox 810 2325 845 2366; x_wconf 92' lang='lat' dir='ltr'><strong>eo</strong></span> <span class='ocrx_word' id='word_1_223' title='bbox 874 2307 986 2368; x_wconf 89' lang='lat' dir='ltr'><strong>dictum</strong></span> <span class='ocrx_word' id='word_1_224' title='bbox 1014 2308 1148 2370; x_wconf 91' lang='lat' dir='ltr'><strong>nonnihil</strong></span> <span class='ocrx_word' id='word_1_225' title='bbox 1180 2317 1228 2369; x_wconf 90' lang='lat' dir='ltr'><strong>est</strong></span> <span class='ocrx_word' id='word_1_226' title='bbox 1256 2310 1284 2369; x_wconf 91' lang='lat' dir='ltr'><strong>io</strong></span> <span class='ocrx_word' id='word_1_227' title='bbox 1314 2308 1478 2388; x_wconf 88' lang='lat' dir='ltr'><strong>appendice</strong></span> <span class='ocrx_word' id='word_1_228' title='bbox 1512 2307 1550 2368; x_wconf 90' lang='lat' dir='ltr'><strong>ad</strong></span> <span class='ocrx_word' id='word_1_229' title='bbox 1582 2307 1649 2386; x_wconf 88' lang='lat' dir='ltr'><strong>ejus</strong></span> 
     </span>
     <span class='ocr_line' id='line_1_23' title="bbox 291 2392 1650 2477; baseline -0.001 -19"><span class='ocrx_word' id='word_1_230' title='bbox 291 2398 596 2477; x_wconf 86' lang='lat' dir='ltr'><strong>Progymnasmatum</strong></span> <span class='ocrx_word' id='word_1_231' title='bbox 628 2396 755 2474; x_wconf 85' lang='lat' dir='ltr'><strong>primum</strong></span> <span class='ocrx_word' id='word_1_232' title='bbox 789 2392 955 2470; x_wconf 79' lang='lat' dir='ltr'><strong>tomum⁵⁶)</strong></span> <span class='ocrx_word' id='word_1_233' title='bbox 989 2407 1020 2458; x_wconf 88' lang='lat' dir='ltr'><strong>et</strong></span> <span class='ocrx_word' id='word_1_234' title='bbox 1043 2398 1158 2458; x_wconf 89' lang='lat' dir='ltr'><strong>dicetur</strong></span> <span class='ocrx_word' id='word_1_235' title='bbox 1180 2395 1260 2458; x_wconf 84' lang='lat' dir='ltr'><strong>inira</strong></span> <span class='ocrx_word' id='word_1_236' title='bbox 1286 2396 1429 2476; x_wconf 86' lang='lat' dir='ltr'><strong>peculiari</strong></span> <span class='ocrx_word' id='word_1_237' title='bbox 1457 2394 1566 2475; x_wconf 83' lang='lat' dir='ltr'><strong>capite.</strong></span> <span class='ocrx_word' id='word_1_238' title='bbox 1614 2393 1650 2456; x_wconf 91' lang='lat' dir='ltr'><strong>Id</strong></span> 
     </span>
     <span class='ocr_line' id='line_1_24' title="bbox 294 2482 1649 2569; baseline -0.004 -22"><span class='ocrx_word' id='word_1_239' title='bbox 294 2488 393 2564; x_wconf 91' lang='lat' dir='ltr'><strong>ipsum</strong></span> <span class='ocrx_word' id='word_1_240' title='bbox 417 2484 535 2564; x_wconf 90' lang='lat' dir='ltr'><strong>quidem</strong></span> <span class='ocrx_word' id='word_1_241' title='bbox 560 2484 597 2544; x_wconf 92' lang='lat' dir='ltr'><strong>de</strong></span> <span class='ocrx_word' id='word_1_242' title='bbox 621 2484 725 2544; x_wconf 90' lang='lat' dir='ltr'><strong>Lunae</strong></span> <span class='ocrx_word' id='word_1_243' title='bbox 751 2482 815 2542; x_wconf 89' lang='lat' dir='ltr'><strong>luce</strong></span> <span class='ocrx_word' id='word_1_244' title='bbox 840 2483 868 2542; x_wconf 92' lang='lat' dir='ltr'><strong>in</strong></span> <span class='ocrx_word' id='word_1_245' title='bbox 894 2482 975 2544; x_wconf 86' lang='lat' dir='ltr'><strong>Solis</strong></span> <span class='ocrx_word' id='word_1_246' title='bbox 999 2486 1103 2569; x_wconf 89' lang='lat' dir='ltr'><strong>eclipsi</strong></span> <span class='ocrx_word' id='word_1_247' title='bbox 1127 2483 1305 2546; x_wconf 81' lang='lat' dir='ltr'><strong>cleomedes</strong></span> <span class='ocrx_word' id='word_1_248' title='bbox 1331 2504 1368 2546; x_wconf 84' lang='lat' dir='ltr'><strong>ex</strong></span> <span class='ocrx_word' id='word_1_249' title='bbox 1390 2484 1543 2546; x_wconf 89' lang='lat' dir='ltr'><strong>Posidonii</strong></span> <span class='ocrx_word' id='word_1_250' title='bbox 1577 2501 1649 2543; x_wconf 88' lang='lat' dir='ltr'><strong>sen-</strong></span> 
     </span>
     <span class='ocr_line' id='line_1_25' title="bbox 294 2568 1650 2653; baseline -0.002 -18"><span class='ocrx_word' id='word_1_251' title='bbox 294 2574 391 2635; x_wconf 86' lang='lat' dir='ltr'><strong>tentia</strong></span> <span class='ocrx_word' id='word_1_252' title='bbox 415 2591 526 2653; x_wconf 86' lang='lat' dir='ltr'><strong>negare</strong></span> <span class='ocrx_word' id='word_1_253' title='bbox 549 2571 678 2633; x_wconf 86' lang='lat' dir='ltr'><strong>videtur.</strong></span> <span class='ocrx_word' id='word_1_254' title='bbox 726 2568 854 2640; x_wconf 88' lang='lat' dir='ltr'><strong>Quaerit</strong></span> <span class='ocrx_word' id='word_1_255' title='bbox 879 2573 971 2646; x_wconf 90' lang='lat' dir='ltr'><strong>enim,</strong></span> <span class='ocrx_word' id='word_1_256' title='bbox 998 2592 1063 2635; x_wconf 89' lang='lat' dir='ltr'><strong>cnm</strong></span> <span class='ocrx_word' id='word_1_257' title='bbox 1088 2581 1207 2636; x_wconf 87' lang='lat' dir='ltr'><strong>constet</strong></span> <span class='ocrx_word' id='word_1_258' title='bbox 1228 2575 1333 2635; x_wconf 88' lang='lat' dir='ltr'><strong>Lunae</strong></span> <span class='ocrx_word' id='word_1_259' title='bbox 1359 2591 1465 2652; x_wconf 88' lang='lat' dir='ltr'><strong>corpus</strong></span> <span class='ocrx_word' id='word_1_260' title='bbox 1490 2591 1558 2634; x_wconf 88' lang='lat' dir='ltr'><strong>esso</strong></span> <span class='ocrx_word' id='word_1_261' title='bbox 1583 2573 1650 2633; x_wconf 93' lang='lat' dir='ltr'><strong>dia-</strong></span> 
     </span>
     <span class='ocr_line' id='line_1_26' title="bbox 293 2659 1652 2743; baseline -0.003 -20"><span class='ocrx_word' id='word_1_262' title='bbox 293 2663 422 2743; x_wconf 90' lang='lat' dir='ltr'><strong>phanum</strong></span> <span class='ocrx_word' id='word_1_263' title='bbox 447 2663 500 2734; x_wconf 83' lang='lat' dir='ltr'><strong>(ex</strong></span> <span class='ocrx_word' id='word_1_264' title='bbox 524 2679 579 2722; x_wconf 89' lang='lat' dir='ltr'><strong>sua</strong></span> <span class='ocrx_word' id='word_1_265' title='bbox 603 2661 783 2730; x_wconf 88' lang='lat' dir='ltr'><strong>sententia),</strong></span> <span class='ocrx_word' id='word_1_266' title='bbox 807 2680 859 2721; x_wconf 87' lang='lat' dir='ltr'><strong>cur</strong></span> <span class='ocrx_word' id='word_1_267' title='bbox 883 2661 974 2738; x_wconf 89' lang='lat' dir='ltr'><strong>igitur</strong></span> <span class='ocrx_word' id='word_1_268' title='bbox 996 2663 1073 2723; x_wconf 89' lang='lat' dir='ltr'><strong>radii</strong></span> <span class='ocrx_word' id='word_1_269' title='bbox 1092 2661 1173 2725; x_wconf 88' lang='lat' dir='ltr'><strong>Solis</strong></span> <span class='ocrx_word' id='word_1_270' title='bbox 1197 2682 1251 2743; x_wconf 91' lang='lat' dir='ltr'><strong>per</strong></span> <span class='ocrx_word' id='word_1_271' title='bbox 1273 2663 1356 2724; x_wconf 91' lang='lat' dir='ltr'><strong>illum</strong></span> <span class='ocrx_word' id='word_1_272' title='bbox 1372 2663 1492 2740; x_wconf 86' lang='lat' dir='ltr'><strong>globum</strong></span> <span class='ocrx_word' id='word_1_273' title='bbox 1515 2663 1544 2723; x_wconf 93' lang='lat' dir='ltr'><strong>in</strong></span> <span class='ocrx_word' id='word_1_274' title='bbox 1561 2659 1652 2722; x_wconf 89' lang='lat' dir='ltr'><strong>totali</strong></span> 
     </span>
     <span class='ocr_line' id='line_1_27' title="bbox 294 2749 1652 2831; baseline -0.004 -18"><span class='ocrx_word' id='word_1_275' title='bbox 294 2751 375 2813; x_wconf 86' lang='lat' dir='ltr'><strong>Solis</strong></span> <span class='ocrx_word' id='word_1_276' title='bbox 400 2750 505 2830; x_wconf 85' lang='lat' dir='ltr'><strong>eclipsi</strong></span> <span class='ocrx_word' id='word_1_277' title='bbox 528 2769 587 2811; x_wconf 88' lang='lat' dir='ltr'><strong>nou</strong></span> <span class='ocrx_word' id='word_1_278' title='bbox 612 2755 778 2822; x_wconf 88' lang='lat' dir='ltr'><strong>transeant,</strong></span> <span class='ocrx_word' id='word_1_279' title='bbox 803 2750 847 2810; x_wconf 89' lang='lat' dir='ltr'><strong>uti</strong></span> <span class='ocrx_word' id='word_1_280' title='bbox 871 2750 970 2810; x_wconf 89' lang='lat' dir='ltr'><strong>solent</strong></span> <span class='ocrx_word' id='word_1_281' title='bbox 992 2769 1046 2829; x_wconf 88' lang='lat' dir='ltr'><strong>per</strong></span> <span class='ocrx_word' id='word_1_282' title='bbox 1073 2751 1181 2812; x_wconf 90' lang='lat' dir='ltr'><strong>nubem</strong></span> <span class='ocrx_word' id='word_1_283' title='bbox 1215 2751 1346 2813; x_wconf 88' lang='lat' dir='ltr'><strong>transire</strong></span> <span class='ocrx_word' id='word_1_284' title='bbox 1370 2769 1494 2831; x_wconf 88' lang='lat' dir='ltr'><strong>eamque</strong></span> <span class='ocrx_word' id='word_1_285' title='bbox 1524 2749 1652 2810; x_wconf 89' lang='lat' dir='ltr'><strong>reddere</strong></span> 
     </span>
     <span class='ocr_line' id='line_1_28' title="bbox 294 2837 1651 2919; baseline -0.002 -18"><span class='ocrx_word' id='word_1_286' title='bbox 294 2840 487 2918; x_wconf 85' lang='lat' dir='ltr'><strong>conspicuam</strong></span> <span class='ocrx_word' id='word_1_287' title='bbox 518 2846 548 2899; x_wconf 89' lang='lat' dir='ltr'><strong>et</strong></span> <span class='ocrx_word' id='word_1_288' title='bbox 581 2857 619 2898; x_wconf 79' lang='lat' dir='ltr'><strong>er</strong></span> <span class='ocrx_word' id='word_1_289' title='bbox 651 2857 688 2898; x_wconf 90' lang='lat' dir='ltr'><strong>ea</strong></span> <span class='ocrx_word' id='word_1_290' title='bbox 716 2837 887 2899; x_wconf 86' lang='lat' dir='ltr'><strong>claritatem</strong></span> <span class='ocrx_word' id='word_1_291' title='bbox 917 2839 1083 2912; x_wconf 83' lang='lat' dir='ltr'><strong>effundere3</strong></span> <span class='ocrx_word' id='word_1_292' title='bbox 1117 2859 1169 2902; x_wconf 89' lang='lat' dir='ltr'><strong>cur</strong></span> <span class='ocrx_word' id='word_1_293' title='bbox 1203 2840 1296 2919; x_wconf 88' lang='lat' dir='ltr'><strong>igitur</strong></span> <span class='ocrx_word' id='word_1_294' title='bbox 1324 2841 1412 2901; x_wconf 89' lang='lat' dir='ltr'><strong>Luna</strong></span> <span class='ocrx_word' id='word_1_295' title='bbox 1443 2837 1571 2900; x_wconf 89' lang='lat' dir='ltr'><strong>obscura</strong></span> <span class='ocrx_word' id='word_1_296' title='bbox 1600 2837 1651 2910; x_wconf 86' lang='lat' dir='ltr'><strong>sit,</strong></span> 
     </span>
     <span class='ocr_line' id='line_1_29' title="bbox 293 2925 1652 3008; baseline -0.003 -20"><span class='ocrx_word' id='word_1_297' title='bbox 293 2929 391 2990; x_wconf 85' lang='lat' dir='ltr'><strong>visum</strong></span> <span class='ocrx_word' id='word_1_298' title='bbox 424 2925 548 3008; x_wconf 86' lang='lat' dir='ltr'><strong>effugiat</strong></span> <span class='ocrx_word' id='word_1_299' title='bbox 579 2935 611 2988; x_wconf 89' lang='lat' dir='ltr'><strong>et</strong></span> <span class='ocrx_word' id='word_1_300' title='bbox 642 2926 707 2988; x_wconf 87' lang='lat' dir='ltr'><strong>dies</strong></span> <span class='ocrx_word' id='word_1_301' title='bbox 735 2927 763 2987; x_wconf 92' lang='lat' dir='ltr'><strong>in</strong></span> <span class='ocrx_word' id='word_1_302' title='bbox 798 2935 916 2987; x_wconf 88' lang='lat' dir='ltr'><strong>noctem</strong></span> <span class='ocrx_word' id='word_1_303' title='bbox 946 2929 1158 2989; x_wconf 86' lang='lat' dir='ltr'><strong>convertatur?</strong></span> <span class='ocrx_word' id='word_1_304' title='bbox 1202 2928 1245 2990; x_wconf 88' lang='lat' dir='ltr'><strong>Et</strong></span> <span class='ocrx_word' id='word_1_305' title='bbox 1281 2930 1439 3008; x_wconf 89' lang='lat' dir='ltr'><strong>proposita</strong></span> <span class='ocrx_word' id='word_1_306' title='bbox 1475 2926 1652 3007; x_wconf 88' lang='lat' dir='ltr'><strong>quaestione</strong></span> 
     </span>
     <span class='ocr_line' id='line_1_30' title="bbox 295 3013 1653 3095; baseline -0.003 -17"><span class='ocrx_word' id='word_1_307' title='bbox 295 3017 480 3079; x_wconf 84' lang='lat' dir='ltr'><strong>ratiunculas</strong></span> <span class='ocrx_word' id='word_1_308' title='bbox 503 3015 616 3094; x_wconf 87' lang='lat' dir='ltr'><strong>passim</strong></span> <span class='ocrx_word' id='word_1_309' title='bbox 642 3013 771 3094; x_wconf 88' lang='lat' dir='ltr'><strong>colligit,</strong></span> <span class='ocrx_word' id='word_1_310' title='bbox 806 3013 912 3095; x_wconf 93' lang='lat' dir='ltr'><strong>quibus</strong></span> <span class='ocrx_word' id='word_1_311' title='bbox 937 3015 1054 3077; x_wconf 85' lang='lat' dir='ltr'><strong>efficere</strong></span> <span class='ocrx_word' id='word_1_312' title='bbox 1080 3016 1196 3091; x_wconf 90' lang='lat' dir='ltr'><strong>nititur,</strong></span> <span class='ocrx_word' id='word_1_313' title='bbox 1229 3035 1287 3078; x_wconf 91' lang='lat' dir='ltr'><strong>non</strong></span> <span class='ocrx_word' id='word_1_314' title='bbox 1312 3017 1421 3079; x_wconf 85' lang='lat' dir='ltr'><strong>debere</strong></span> <span class='ocrx_word' id='word_1_315' title='bbox 1444 3016 1546 3078; x_wconf 88' lang='lat' dir='ltr'><strong>radios</strong></span> <span class='ocrx_word' id='word_1_316' title='bbox 1570 3013 1653 3076; x_wconf 89' lang='lat' dir='ltr'><strong>Solis</strong></span> 
     </span>
     <span class='ocr_line' id='line_1_31' title="bbox 295 3102 1653 3184; baseline -0.001 -20"><span class='ocrx_word' id='word_1_317' title='bbox 295 3103 414 3184; x_wconf 90' lang='lat' dir='ltr'><strong>penitus</strong></span> <span class='ocrx_word' id='word_1_318' title='bbox 437 3104 567 3165; x_wconf 88' lang='lat' dir='ltr'><strong>transire</strong></span> <span class='ocrx_word' id='word_1_319' title='bbox 590 3102 707 3164; x_wconf 91' lang='lat' dir='ltr'><strong>Lunam</strong></span> <span class='ocrx_word' id='word_1_320' title='bbox 732 3109 785 3166; x_wconf 88' lang='lat' dir='ltr'><strong>aut</strong></span> <span class='ocrx_word' id='word_1_321' title='bbox 808 3103 979 3164; x_wconf 90' lang='lat' dir='ltr'><strong>claritatem</strong></span> <span class='ocrx_word' id='word_1_322' title='bbox 1003 3104 1047 3166; x_wconf 91' lang='lat' dir='ltr'><strong>illi</strong></span> <span class='ocrx_word' id='word_1_323' title='bbox 1071 3104 1241 3166; x_wconf 87' lang='lat' dir='ltr'><strong>conciliare.</strong></span> <span class='ocrx_word' id='word_1_324' title='bbox 1284 3105 1334 3166; x_wconf 88' lang='lat' dir='ltr'><strong>Ita</strong></span> <span class='ocrx_word' id='word_1_325' title='bbox 1356 3104 1446 3184; x_wconf 88' lang='lat' dir='ltr'><strong>plane</strong></span> <span class='ocrx_word' id='word_1_326' title='bbox 1469 3102 1653 3166; x_wconf 88' lang='lat' dir='ltr'><strong>contrarium</strong></span> 
     </span>
     <span class='ocr_line' id='line_1_32' title="bbox 296 3191 1654 3273; baseline -0.001 -21"><span class='ocrx_word' id='word_1_327' title='bbox 296 3191 370 3252; x_wconf 90' lang='lat' dir='ltr'><strong>dicit</strong></span> <span class='ocrx_word' id='word_1_328' title='bbox 394 3191 468 3269; x_wconf 89' lang='lat' dir='ltr'><strong>ejus,</strong></span> <span class='ocrx_word' id='word_1_329' title='bbox 495 3192 572 3270; x_wconf 93' lang='lat' dir='ltr'><strong>quod</strong></span> <span class='ocrx_word' id='word_1_330' title='bbox 595 3191 737 3254; x_wconf 88' lang='lat' dir='ltr'><strong>Vitellio:</strong></span> <span class='ocrx_word' id='word_1_331' title='bbox 763 3194 865 3253; x_wconf 88' lang='lat' dir='ltr'><strong>forsan</strong></span> <span class='ocrx_word' id='word_1_332' title='bbox 885 3211 922 3252; x_wconf 85' lang='lat' dir='ltr'><strong>ex</strong></span> <span class='ocrx_word' id='word_1_333' title='bbox 946 3193 1052 3254; x_wconf 86' lang='lat' dir='ltr'><strong>effectu</strong></span> <span class='ocrx_word' id='word_1_334' title='bbox 1076 3193 1143 3273; x_wconf 88' lang='lat' dir='ltr'><strong>ipso</strong></span> <span class='ocrx_word' id='word_1_335' title='bbox 1166 3193 1371 3267; x_wconf 89' lang='lat' dir='ltr'><strong>ratiocinatur,</strong></span> <span class='ocrx_word' id='word_1_336' title='bbox 1398 3193 1456 3256; x_wconf 90' lang='lat' dir='ltr'><strong>diei</strong></span> <span class='ocrx_word' id='word_1_337' title='bbox 1480 3193 1509 3253; x_wconf 93' lang='lat' dir='ltr'><strong>in</strong></span> <span class='ocrx_word' id='word_1_338' title='bbox 1534 3199 1654 3253; x_wconf 90' lang='lat' dir='ltr'><strong>noctem</strong></span> 
     </span>
     <span class='ocr_line' id='line_1_33' title="bbox 296 3279 1651 3362; baseline -0.001 -21"><span class='ocrx_word' id='word_1_339' title='bbox 296 3280 505 3353; x_wconf 88' lang='lat' dir='ltr'><strong>conversione,</strong></span> <span class='ocrx_word' id='word_1_340' title='bbox 538 3297 597 3340; x_wconf 91' lang='lat' dir='ltr'><strong>non</strong></span> <span class='ocrx_word' id='word_1_341' title='bbox 626 3298 697 3340; x_wconf 90' lang='lat' dir='ltr'><strong>vero</strong></span> <span class='ocrx_word' id='word_1_342' title='bbox 726 3299 764 3341; x_wconf 80' lang='lat' dir='ltr'><strong>ex</strong></span> <span class='ocrx_word' id='word_1_343' title='bbox 791 3279 856 3359; x_wconf 90' lang='lat' dir='ltr'><strong>ipso</strong></span> <span class='ocrx_word' id='word_1_344' title='bbox 880 3280 985 3341; x_wconf 83' lang='lat' dir='ltr'><strong>Lunae</strong></span> <span class='ocrx_word' id='word_1_345' title='bbox 1009 3280 1112 3344; x_wconf 88' lang='lat' dir='ltr'><strong>Solem</strong></span> <span class='ocrx_word' id='word_1_346' title='bbox 1136 3281 1267 3361; x_wconf 88' lang='lat' dir='ltr'><strong>tegentis</strong></span> <span class='ocrx_word' id='word_1_347' title='bbox 1291 3290 1430 3362; x_wconf 88' lang='lat' dir='ltr'><strong>aspectu,</strong></span> <span class='ocrx_word' id='word_1_348' title='bbox 1456 3289 1491 3342; x_wconf 89' lang='lat' dir='ltr'><strong>ut</strong></span> <span class='ocrx_word' id='word_1_349' title='bbox 1513 3279 1651 3342; x_wconf 87' lang='lat' dir='ltr'><strong>Vitellio.</strong></span> 
     </span>
     <span class='ocr_line' id='line_1_34' title="bbox 295 3365 1654 3449; baseline -0.002 -19"><span class='ocrx_word' id='word_1_350' title='bbox 295 3369 376 3431; x_wconf 89' lang='lat' dir='ltr'><strong>Nam</strong></span> <span class='ocrx_word' id='word_1_351' title='bbox 400 3368 458 3429; x_wconf 88' lang='lat' dir='ltr'><strong>etsi</strong></span> <span class='ocrx_word' id='word_1_352' title='bbox 481 3367 553 3429; x_wconf 83' lang='lat' dir='ltr'><strong>milri</strong></span> <span class='ocrx_word' id='word_1_353' title='bbox 576 3366 690 3429; x_wconf 85' lang='lat' dir='ltr'><strong>veritas</strong></span> <span class='ocrx_word' id='word_1_354' title='bbox 714 3368 800 3447; x_wconf 84' lang='lat' dir='ltr'><strong>hujus</strong></span> <span class='ocrx_word' id='word_1_355' title='bbox 824 3369 866 3430; x_wconf 87' lang='lat' dir='ltr'><strong>rei</strong></span> <span class='ocrx_word' id='word_1_356' title='bbox 891 3368 972 3429; x_wconf 94' lang='lat' dir='ltr'><strong>nullo</strong></span> <span class='ocrx_word' id='word_1_357' title='bbox 997 3377 1118 3432; x_wconf 84' lang='lat' dir='ltr'><strong>constat</strong></span> <span class='ocrx_word' id='word_1_358' title='bbox 1144 3371 1364 3449; x_wconf 81' lang='lat' dir='ltr'><strong>experimento:</strong></span> <span class='ocrx_word' id='word_1_359' title='bbox 1396 3371 1470 3432; x_wconf 85' lang='lat' dir='ltr'><strong>iacit</strong></span> <span class='ocrx_word' id='word_1_360' title='bbox 1497 3377 1597 3430; x_wconf 89' lang='lat' dir='ltr'><strong>tamen</strong></span> <span class='ocrx_word' id='word_1_361' title='bbox 1622 3365 1654 3428; x_wconf 92' lang='lat' dir='ltr'><strong>id</strong></span> 
     </span>
     <span class='ocr_line' id='line_1_35' title="bbox 296 3455 1653 3537; baseline -0.001 -18"><span class='ocrx_word' id='word_1_362' title='bbox 296 3458 413 3527; x_wconf 86' lang='lat' dir='ltr'><strong>lumen,</strong></span> <span class='ocrx_word' id='word_1_363' title='bbox 442 3457 520 3536; x_wconf 94' lang='lat' dir='ltr'><strong>quod</strong></span> <span class='ocrx_word' id='word_1_364' title='bbox 543 3455 631 3517; x_wconf 90' lang='lat' dir='ltr'><strong>Luna</strong></span> <span class='ocrx_word' id='word_1_365' title='bbox 660 3475 788 3518; x_wconf 89' lang='lat' dir='ltr'><strong>nascens</strong></span> <span class='ocrx_word' id='word_1_366' title='bbox 815 3455 983 3536; x_wconf 89' lang='lat' dir='ltr'><strong>potiorique</strong></span> <span class='ocrx_word' id='word_1_367' title='bbox 1006 3466 1093 3537; x_wconf 89' lang='lat' dir='ltr'><strong>parte</strong></span> <span class='ocrx_word' id='word_1_368' title='bbox 1118 3479 1136 3520; x_wconf 91' lang='lat' dir='ltr'><strong>a</strong></span> <span class='ocrx_word' id='word_1_369' title='bbox 1160 3457 1231 3520; x_wconf 92' lang='lat' dir='ltr'><strong>Sole</strong></span> <span class='ocrx_word' id='word_1_370' title='bbox 1255 3477 1363 3520; x_wconf 90' lang='lat' dir='ltr'><strong>aversa</strong></span> <span class='ocrx_word' id='word_1_371' title='bbox 1386 3459 1520 3520; x_wconf 88' lang='lat' dir='ltr'><strong>ostendit</strong></span> <span class='ocrx_word' id='word_1_372' title='bbox 1542 3455 1653 3519; x_wconf 93' lang='lat' dir='ltr'><strong>nihilo-</strong></span> 
     </span>
     <span class='ocr_line' id='line_1_36' title="bbox 297 3544 1652 3627; baseline -0.002 -20"><span class='ocrx_word' id='word_1_373' title='bbox 297 3547 394 3608; x_wconf 90' lang='lat' dir='ltr'><strong>minus</strong></span> <span class='ocrx_word' id='word_1_374' title='bbox 419 3545 448 3606; x_wconf 92' lang='lat' dir='ltr'><strong>iu</strong></span> <span class='ocrx_word' id='word_1_375' title='bbox 472 3553 539 3606; x_wconf 90' lang='lat' dir='ltr'><strong>toto</strong></span> <span class='ocrx_word' id='word_1_376' title='bbox 563 3561 703 3623; x_wconf 88' lang='lat' dir='ltr'><strong>corpore;</strong></span> <span class='ocrx_word' id='word_1_377' title='bbox 737 3551 770 3606; x_wconf 90' lang='lat' dir='ltr'><strong>ut</strong></span> <span class='ocrx_word' id='word_1_378' title='bbox 799 3545 872 3607; x_wconf 92' lang='lat' dir='ltr'><strong>nihil</strong></span> <span class='ocrx_word' id='word_1_379' title='bbox 902 3545 992 3624; x_wconf 91' lang='lat' dir='ltr'><strong>plane</strong></span> <span class='ocrx_word' id='word_1_380' title='bbox 1021 3547 1167 3625; x_wconf 87' lang='lat' dir='ltr'><strong>dubitem,</strong></span> <span class='ocrx_word' id='word_1_381' title='bbox 1202 3547 1269 3627; x_wconf 88' lang='lat' dir='ltr'><strong>quin</strong></span> <span class='ocrx_word' id='word_1_382' title='bbox 1295 3549 1400 3609; x_wconf 89' lang='lat' dir='ltr'><strong>eodem</strong></span> <span class='ocrx_word' id='word_1_383' title='bbox 1425 3547 1534 3609; x_wconf 89' lang='lat' dir='ltr'><strong>lumine</strong></span> <span class='ocrx_word' id='word_1_384' title='bbox 1557 3544 1652 3608; x_wconf 87' lang='lat' dir='ltr'><strong>multo</strong></span> 
     </span>
     <span class='ocr_line' id='line_1_37' title="bbox 298 3632 1656 3716; baseline -0.001 -20"><span class='ocrx_word' id='word_1_385' title='bbox 298 3633 466 3696; x_wconf 85' lang='lat' dir='ltr'><strong>evidentius</strong></span> <span class='ocrx_word' id='word_1_386' title='bbox 496 3633 599 3696; x_wconf 91' lang='lat' dir='ltr'><strong>oculos</strong></span> <span class='ocrx_word' id='word_1_387' title='bbox 623 3634 713 3695; x_wconf 83' lang='lat' dir='ltr'><strong>feriat</strong></span> <span class='ocrx_word' id='word_1_388' title='bbox 736 3639 820 3707; x_wconf 90' lang='lat' dir='ltr'><strong>tunc,</strong></span> <span class='ocrx_word' id='word_1_389' title='bbox 850 3652 917 3696; x_wconf 89' lang='lat' dir='ltr'><strong>oum</strong></span> <span class='ocrx_word' id='word_1_390' title='bbox 944 3632 1061 3711; x_wconf 90' lang='lat' dir='ltr'><strong>Solem,</strong></span> <span class='ocrx_word' id='word_1_391' title='bbox 1095 3636 1145 3716; x_wconf 90' lang='lat' dir='ltr'><strong>qui</strong></span> <span class='ocrx_word' id='word_1_392' title='bbox 1176 3637 1278 3698; x_wconf 88' lang='lat' dir='ltr'><strong>oculos</strong></span> <span class='ocrx_word' id='word_1_393' title='bbox 1310 3637 1389 3699; x_wconf 88' lang='lat' dir='ltr'><strong>solet</strong></span> <span class='ocrx_word' id='word_1_394' title='bbox 1425 3653 1588 3698; x_wconf 87' lang='lat' dir='ltr'><strong>excaecare</strong></span> <span class='ocrx_word' id='word_1_395' title='bbox 1623 3640 1656 3694; x_wconf 91' lang='lat' dir='ltr'><strong>et</strong></span> 
     </span>
     <span class='ocr_line' id='line_1_38' title="bbox 297 3721 1027 3803; baseline 0.007 -23"><span class='ocrx_word' id='word_1_396' title='bbox 297 3721 431 3784; x_wconf 88' lang='lat' dir='ltr'><strong>visibilia</strong></span> <span class='ocrx_word' id='word_1_397' title='bbox 453 3721 629 3801; x_wconf 89' lang='lat' dir='ltr'><strong>opprimere,</strong></span> <span class='ocrx_word' id='word_1_398' title='bbox 655 3721 766 3782; x_wconf 89' lang='lat' dir='ltr'><strong>nostris</strong></span> <span class='ocrx_word' id='word_1_399' title='bbox 790 3723 884 3784; x_wconf 89' lang='lat' dir='ltr'><strong>oculis</strong></span> <span class='ocrx_word' id='word_1_400' title='bbox 909 3721 1027 3803; x_wconf 90' lang='lat' dir='ltr'><strong>eripuit.</strong></span> 
     </span>
    </p>

    <p class='ocr_par' dir='ltr' id='par_1_4' title="bbox 298 3809 1656 4339">
     <span class='ocr_line' id='line_1_39' title="bbox 386 3809 1654 3890; baseline 0.001 -20"><span class='ocrx_word' id='word_1_401' title='bbox 386 3809 513 3871; x_wconf 90' lang='lat' dir='ltr'><strong>Vitellio</strong></span> <span class='ocrx_word' id='word_1_402' title='bbox 537 3809 644 3889; x_wconf 85' lang='lat' dir='ltr'><strong>igitur,</strong></span> <span class='ocrx_word' id='word_1_403' title='bbox 670 3817 817 3890; x_wconf 85' lang='lat' dir='ltr'><strong>utsupra</strong></span> <span class='ocrx_word' id='word_1_404' title='bbox 841 3811 972 3883; x_wconf 87' lang='lat' dir='ltr'><strong>dictum,</strong></span> <span class='ocrx_word' id='word_1_405' title='bbox 998 3820 1029 3873; x_wconf 87' lang='lat' dir='ltr'><strong>et</strong></span> <span class='ocrx_word' id='word_1_406' title='bbox 1051 3811 1239 3874; x_wconf 87' lang='lat' dir='ltr'><strong>Reioholdus</strong></span> <span class='ocrx_word' id='word_1_407' title='bbox 1263 3812 1300 3874; x_wconf 89' lang='lat' dir='ltr'><strong>de</strong></span> <span class='ocrx_word' id='word_1_408' title='bbox 1325 3813 1381 3874; x_wconf 90' lang='lat' dir='ltr'><strong>boc</strong></span> <span class='ocrx_word' id='word_1_409' title='bbox 1404 3813 1524 3875; x_wconf 90' lang='lat' dir='ltr'><strong>residuo</strong></span> <span class='ocrx_word' id='word_1_410' title='bbox 1547 3812 1654 3873; x_wconf 86' lang='lat' dir='ltr'><strong>Lunae</strong></span> 
     </span>
     <span class='ocr_line' id='line_1_40' title="bbox 298 3898 1655 3983; baseline 0.001 -23"><span class='ocrx_word' id='word_1_411' title='bbox 298 3898 408 3960; x_wconf 87' lang='lat' dir='ltr'><strong>lumine</strong></span> <span class='ocrx_word' id='word_1_412' title='bbox 432 3899 572 3979; x_wconf 88' lang='lat' dir='ltr'><strong>ambigue</strong></span> <span class='ocrx_word' id='word_1_413' title='bbox 601 3899 767 3977; x_wconf 88' lang='lat' dir='ltr'><strong>disputant.</strong></span> <span class='ocrx_word' id='word_1_414' title='bbox 814 3899 941 3960; x_wconf 89' lang='lat' dir='ltr'><strong>Vitellio</strong></span> <span class='ocrx_word' id='word_1_415' title='bbox 966 3903 1089 3963; x_wconf 86' lang='lat' dir='ltr'><strong>transiri</strong></span> <span class='ocrx_word' id='word_1_416' title='bbox 1120 3919 1227 3983; x_wconf 88' lang='lat' dir='ltr'><strong>corpus</strong></span> <span class='ocrx_word' id='word_1_417' title='bbox 1255 3902 1359 3964; x_wconf 89' lang='lat' dir='ltr'><strong>Lunae</strong></span> <span class='ocrx_word' id='word_1_418' title='bbox 1387 3901 1482 3962; x_wconf 89' lang='lat' dir='ltr'><strong>radiis</strong></span> <span class='ocrx_word' id='word_1_419' title='bbox 1512 3899 1594 3963; x_wconf 91' lang='lat' dir='ltr'><strong>Solis</strong></span> <span class='ocrx_word' id='word_1_420' title='bbox 1623 3907 1655 3961; x_wconf 87' lang='lat' dir='ltr'><strong>et</strong></span> 
     </span>
     <span class='ocr_line' id='line_1_41' title="bbox 299 3987 1656 4072; baseline 0.001 -24"><span class='ocrx_word' id='word_1_421' title='bbox 299 3987 429 4050; x_wconf 88' lang='lat' dir='ltr'><strong>transitu</strong></span> <span class='ocrx_word' id='word_1_422' title='bbox 453 3989 534 4049; x_wconf 87' lang='lat' dir='ltr'><strong>iacto</strong></span> <span class='ocrx_word' id='word_1_423' title='bbox 559 3987 646 4050; x_wconf 85' lang='lat' dir='ltr'><strong>valde</strong></span> <span class='ocrx_word' id='word_1_424' title='bbox 671 3989 789 4067; x_wconf 91' lang='lat' dir='ltr'><strong>quidem</strong></span> <span class='ocrx_word' id='word_1_425' title='bbox 813 3989 929 4050; x_wconf 90' lang='lat' dir='ltr'><strong>debiles</strong></span> <span class='ocrx_word' id='word_1_426' title='bbox 953 3990 1007 4050; x_wconf 89' lang='lat' dir='ltr'><strong>sed</strong></span> <span class='ocrx_word' id='word_1_427' title='bbox 1031 3999 1132 4052; x_wconf 85' lang='lat' dir='ltr'><strong>tamen</strong></span> <span class='ocrx_word' id='word_1_428' title='bbox 1156 3991 1333 4072; x_wconf 87' lang='lat' dir='ltr'><strong>conspicuos</strong></span> <span class='ocrx_word' id='word_1_429' title='bbox 1357 4009 1425 4052; x_wconf 87' lang='lat' dir='ltr'><strong>esse</strong></span> <span class='ocrx_word' id='word_1_430' title='bbox 1449 3997 1481 4051; x_wconf 90' lang='lat' dir='ltr'><strong>et</strong></span> <span class='ocrx_word' id='word_1_431' title='bbox 1502 3991 1533 4052; x_wconf 91' lang='lat' dir='ltr'><strong>iu</strong></span> <span class='ocrx_word' id='word_1_432' title='bbox 1553 3989 1656 4050; x_wconf 88' lang='lat' dir='ltr'><strong>oculos</strong></span> 
     </span>
     <span class='ocr_line' id='line_1_42' title="bbox 298 4076 1654 4160; baseline 0.001 -23"><span class='ocrx_word' id='word_1_433' title='bbox 298 4077 448 4140; x_wconf 88' lang='lat' dir='ltr'><strong>incurrere</strong></span> <span class='ocrx_word' id='word_1_434' title='bbox 485 4076 579 4149; x_wconf 87' lang='lat' dir='ltr'><strong>dixit,</strong></span> <span class='ocrx_word' id='word_1_435' title='bbox 618 4085 651 4138; x_wconf 90' lang='lat' dir='ltr'><strong>at</strong></span> <span class='ocrx_word' id='word_1_436' title='bbox 688 4095 744 4138; x_wconf 90' lang='lat' dir='ltr'><strong>non</strong></span> <span class='ocrx_word' id='word_1_437' title='bbox 782 4077 843 4139; x_wconf 91' lang='lat' dir='ltr'><strong>alia</strong></span> <span class='ocrx_word' id='word_1_438' title='bbox 878 4077 944 4138; x_wconf 86' lang='lat' dir='ltr'><strong>vice</strong></span> <span class='ocrx_word' id='word_1_439' title='bbox 981 4098 1067 4158; x_wconf 91' lang='lat' dir='ltr'><strong>quam</strong></span> <span class='ocrx_word' id='word_1_440' title='bbox 1106 4097 1172 4140; x_wconf 90' lang='lat' dir='ltr'><strong>cum</strong></span> <span class='ocrx_word' id='word_1_441' title='bbox 1208 4080 1296 4141; x_wconf 90' lang='lat' dir='ltr'><strong>Luna</strong></span> <span class='ocrx_word' id='word_1_442' title='bbox 1331 4079 1468 4160; x_wconf 83' lang='lat' dir='ltr'><strong>proxima</strong></span> <span class='ocrx_word' id='word_1_443' title='bbox 1499 4077 1563 4141; x_wconf 91' lang='lat' dir='ltr'><strong>Soli</strong></span> <span class='ocrx_word' id='word_1_444' title='bbox 1596 4084 1654 4139; x_wconf 88' lang='lat' dir='ltr'><strong>est.</strong></span> 
     </span>
     <span class='ocr_line' id='line_1_43' title="bbox 298 4165 1653 4243; baseline 0 -15"><span class='ocrx_word' id='word_1_445' title='bbox 298 4165 377 4228; x_wconf 86' lang='lat' dir='ltr'><strong>Nam</strong></span> <span class='ocrx_word' id='word_1_446' title='bbox 411 4165 581 4243; x_wconf 86' lang='lat' dir='ltr'><strong>digrediens</strong></span> <span class='ocrx_word' id='word_1_447' title='bbox 615 4165 659 4228; x_wconf 88' lang='lat' dir='ltr'><strong>uti</strong></span> <span class='ocrx_word' id='word_1_448' title='bbox 689 4167 823 4228; x_wconf 88' lang='lat' dir='ltr'><strong>umbram</strong></span> <span class='ocrx_word' id='word_1_449' title='bbox 854 4167 898 4227; x_wconf 88' lang='lat' dir='ltr'><strong>sic</strong></span> <span class='ocrx_word' id='word_1_450' title='bbox 933 4167 989 4228; x_wconf 89' lang='lat' dir='ltr'><strong>hos</strong></span> <span class='ocrx_word' id='word_1_451' title='bbox 1018 4175 1211 4229; x_wconf 81' lang='lat' dir='ltr'><strong>transeuntes</strong></span> <span class='ocrx_word' id='word_1_452' title='bbox 1239 4165 1339 4230; x_wconf 90' lang='lat' dir='ltr'><strong>radios</strong></span> <span class='ocrx_word' id='word_1_453' title='bbox 1370 4187 1389 4229; x_wconf 92' lang='lat' dir='ltr'><strong>a</strong></span> <span class='ocrx_word' id='word_1_454' title='bbox 1416 4167 1503 4230; x_wconf 88' lang='lat' dir='ltr'><strong>nobis</strong></span> <span class='ocrx_word' id='word_1_455' title='bbox 1532 4166 1653 4228; x_wconf 88' lang='lat' dir='ltr'><strong>avertit.</strong></span> 
     </span>
     <span class='ocr_line' id='line_1_44' title="bbox 298 4253 1655 4339; baseline 0.001 -25"><span class='ocrx_word' id='word_1_456' title='bbox 298 4253 485 4314; x_wconf 90' lang='lat' dir='ltr'><strong>Reioholdus</strong></span> <span class='ocrx_word' id='word_1_457' title='bbox 509 4273 573 4314; x_wconf 87' lang='lat' dir='ltr'><strong>cum</strong></span> <span class='ocrx_word' id='word_1_458' title='bbox 597 4255 724 4330; x_wconf 87' lang='lat' dir='ltr'><strong>videret,</strong></span> <span class='ocrx_word' id='word_1_459' title='bbox 748 4255 804 4316; x_wconf 92' lang='lat' dir='ltr'><strong>hoo</strong></span> <span class='ocrx_word' id='word_1_460' title='bbox 827 4265 918 4339; x_wconf 87' lang='lat' dir='ltr'><strong>pacto</strong></span> <span class='ocrx_word' id='word_1_461' title='bbox 943 4256 1040 4318; x_wconf 90' lang='lat' dir='ltr'><strong>deseri</strong></span> <span class='ocrx_word' id='word_1_462' title='bbox 1066 4258 1102 4316; x_wconf 87' lang='lat' dir='ltr'><strong>ab</strong></span> <span class='ocrx_word' id='word_1_463' title='bbox 1126 4257 1183 4318; x_wconf 91' lang='lat' dir='ltr'><strong>hac</strong></span> <span class='ocrx_word' id='word_1_464' title='bbox 1206 4275 1299 4318; x_wconf 87' lang='lat' dir='ltr'><strong>causa</strong></span> <span class='ocrx_word' id='word_1_465' title='bbox 1322 4256 1387 4320; x_wconf 92' lang='lat' dir='ltr'><strong>dies</strong></span> <span class='ocrx_word' id='word_1_466' title='bbox 1406 4257 1557 4318; x_wconf 90' lang='lat' dir='ltr'><strong>novilunio</strong></span> <span class='ocrx_word' id='word_1_467' title='bbox 1580 4273 1655 4336; x_wconf 92' lang='lat' dir='ltr'><strong>pro-</strong></span> 
     </span>
    </p>
   </div>
   <div class='ocr_carea' id='block_1_4' title="bbox 271 4341 1656 4870">
    <p class='ocr_par' dir='ltr' id='par_1_5' title="bbox 271 4341 1656 4691">
     <span class='ocr_line' id='line_1_45' title="bbox 298 4341 1654 4425; baseline 0.001 -23"><span class='ocrx_word' id='word_1_468' title='bbox 298 4341 406 4416; x_wconf 85' lang='lat' dir='ltr'><strong>ximos,</strong></span> <span class='ocrx_word' id='word_1_469' title='bbox 433 4343 463 4404; x_wconf 91' lang='lat' dir='ltr'><strong>in</strong></span> <span class='ocrx_word' id='word_1_470' title='bbox 487 4342 592 4421; x_wconf 91' lang='lat' dir='ltr'><strong>quibus</strong></span> <span class='ocrx_word' id='word_1_471' title='bbox 617 4343 784 4404; x_wconf 83' lang='lat' dir='ltr'><strong>clarissime</strong></span> <span class='ocrx_word' id='word_1_472' title='bbox 807 4345 895 4406; x_wconf 92' lang='lat' dir='ltr'><strong>Luna</strong></span> <span class='ocrx_word' id='word_1_473' title='bbox 919 4345 1049 4406; x_wconf 89' lang='lat' dir='ltr'><strong>cernitur</strong></span> <span class='ocrx_word' id='word_1_474' title='bbox 1073 4353 1137 4406; x_wconf 90' lang='lat' dir='ltr'><strong>toto</strong></span> <span class='ocrx_word' id='word_1_475' title='bbox 1162 4364 1296 4424; x_wconf 89' lang='lat' dir='ltr'><strong>corpore,</strong></span> <span class='ocrx_word' id='word_1_476' title='bbox 1321 4347 1468 4408; x_wconf 89' lang='lat' dir='ltr'><strong>diametro</strong></span> <span class='ocrx_word' id='word_1_477' title='bbox 1486 4364 1541 4425; x_wconf 90' lang='lat' dir='ltr'><strong>per</strong></span> <span class='ocrx_word' id='word_1_478' title='bbox 1564 4343 1654 4406; x_wconf 91' lang='lat' dir='ltr'><strong>lumi-</strong></span> 
     </span>
     <span class='ocr_line' id='line_1_46' title="bbox 271 4431 1656 4514; baseline 0.001 -23"><span class='ocrx_word' id='word_1_479' title='bbox 271 4431 386 4510; x_wconf 53' lang='lat' dir='ltr'><strong>⁶naria</strong></span> <span class='ocrx_word' id='word_1_480' title='bbox 419 4431 483 4510; x_wconf 89' lang='lat' dir='ltr'><strong>jam</strong></span> <span class='ocrx_word' id='word_1_481' title='bbox 518 4451 536 4490; x_wconf 89' lang='lat' dir='ltr'><strong>a</strong></span> <span class='ocrx_word' id='word_1_482' title='bbox 564 4431 676 4492; x_wconf 86' lang='lat' dir='ltr'><strong>nostris</strong></span> <span class='ocrx_word' id='word_1_483' title='bbox 710 4433 804 4494; x_wconf 86' lang='lat' dir='ltr'><strong>oculis</strong></span> <span class='ocrx_word' id='word_1_484' title='bbox 839 4433 1016 4508; x_wconf 86' lang='lat' dir='ltr'><strong>aberrante,</strong></span> <span class='ocrx_word' id='word_1_485' title='bbox 1049 4433 1142 4510; x_wconf 87' lang='lat' dir='ltr'><strong>dixit,</strong></span> <span class='ocrx_word' id='word_1_486' title='bbox 1175 4434 1280 4496; x_wconf 87' lang='lat' dir='ltr'><strong>Lunae</strong></span> <span class='ocrx_word' id='word_1_487' title='bbox 1313 4453 1470 4514; x_wconf 88' lang='lat' dir='ltr'><strong>superesse</strong></span> <span class='ocrx_word' id='word_1_488' title='bbox 1502 4432 1656 4514; x_wconf 90' lang='lat' dir='ltr'><strong>propriam</strong></span> 
     </span>
     <span class='ocr_line' id='line_1_47' title="bbox 299 4518 1656 4603; baseline 0.002 -24"><span class='ocrx_word' id='word_1_489' title='bbox 299 4518 442 4595; x_wconf 91' lang='lat' dir='ltr'><strong>luculam,</strong></span> <span class='ocrx_word' id='word_1_490' title='bbox 478 4539 536 4600; x_wconf 89' lang='lat' dir='ltr'><strong>qua</strong></span> <span class='ocrx_word' id='word_1_491' title='bbox 560 4521 625 4582; x_wconf 91' lang='lat' dir='ltr'><strong>sola</strong></span> <span class='ocrx_word' id='word_1_492' title='bbox 655 4518 760 4582; x_wconf 88' lang='lat' dir='ltr'><strong>diebus</strong></span> <span class='ocrx_word' id='word_1_493' title='bbox 787 4520 938 4582; x_wconf 87' lang='lat' dir='ltr'><strong>novilunio</strong></span> <span class='ocrx_word' id='word_1_494' title='bbox 971 4520 1114 4602; x_wconf 86' lang='lat' dir='ltr'><strong>proximis</strong></span> <span class='ocrx_word' id='word_1_495' title='bbox 1148 4530 1302 4600; x_wconf 85' lang='lat' dir='ltr'><strong>cernatur,</strong></span> <span class='ocrx_word' id='word_1_496' title='bbox 1335 4531 1368 4585; x_wconf 89' lang='lat' dir='ltr'><strong>at</strong></span> <span class='ocrx_word' id='word_1_497' title='bbox 1390 4523 1419 4585; x_wconf 92' lang='lat' dir='ltr'><strong>in</strong></span> <span class='ocrx_word' id='word_1_498' title='bbox 1444 4523 1550 4603; x_wconf 87' lang='lat' dir='ltr'><strong>eclipsi</strong></span> <span class='ocrx_word' id='word_1_499' title='bbox 1574 4519 1656 4583; x_wconf 84' lang='lat' dir='ltr'><strong>Solis</strong></span> 
     </span>
     <span class='ocr_line' id='line_1_48' title="bbox 300 4605 1654 4691; baseline 0.003 -25"><span class='ocrx_word' id='word_1_500' title='bbox 300 4609 485 4670; x_wconf 87' lang='lat' dir='ltr'><strong>commisceri</strong></span> <span class='ocrx_word' id='word_1_501' title='bbox 508 4607 585 4671; x_wconf 87' lang='lat' dir='ltr'><strong>banc</strong></span> <span class='ocrx_word' id='word_1_502' title='bbox 609 4608 738 4670; x_wconf 90' lang='lat' dir='ltr'><strong>luculam</strong></span> <span class='ocrx_word' id='word_1_503' title='bbox 761 4628 827 4670; x_wconf 93' lang='lat' dir='ltr'><strong>cum</strong></span> <span class='ocrx_word' id='word_1_504' title='bbox 851 4609 944 4670; x_wconf 90' lang='lat' dir='ltr'><strong>radiis</strong></span> <span class='ocrx_word' id='word_1_505' title='bbox 968 4607 1048 4672; x_wconf 91' lang='lat' dir='ltr'><strong>Solis</strong></span> <span class='ocrx_word' id='word_1_506' title='bbox 1073 4611 1176 4672; x_wconf 86' lang='lat' dir='ltr'><strong>Lunae</strong></span> <span class='ocrx_word' id='word_1_507' title='bbox 1200 4611 1321 4691; x_wconf 91' lang='lat' dir='ltr'><strong>globum</strong></span> <span class='ocrx_word' id='word_1_508' title='bbox 1351 4605 1654 4682; x_wconf 78' lang='lat' dir='ltr'><strong>transeuntibus.⁶⁸).</strong></span> 
     </span>
    </p>

    <p class='ocr_par' dir='ltr' id='par_1_6' title="bbox 301 4694 1656 4870">
     <span class='ocr_line' id='line_1_49' title="bbox 388 4694 1656 4778; baseline 0.002 -20"><span class='ocrx_word' id='word_1_509' title='bbox 388 4696 504 4758; x_wconf 89' lang='lat' dir='ltr'><strong>Verum</strong></span> <span class='ocrx_word' id='word_1_510' title='bbox 528 4715 583 4759; x_wconf 89' lang='lat' dir='ltr'><strong>nos</strong></span> <span class='ocrx_word' id='word_1_511' title='bbox 597 4698 661 4778; x_wconf 91' lang='lat' dir='ltr'><strong>jam</strong></span> <span class='ocrx_word' id='word_1_512' title='bbox 685 4697 773 4759; x_wconf 91' lang='lat' dir='ltr'><strong>modo</strong></span> <span class='ocrx_word' id='word_1_513' title='bbox 796 4698 869 4760; x_wconf 87' lang='lat' dir='ltr'><strong>Nro.</strong></span> <span class='ocrx_word' id='word_1_514' title='bbox 894 4694 924 4762; x_wconf 88' lang='grc'><strong>9.</strong></span> <span class='ocrx_word' id='word_1_515' title='bbox 949 4698 1025 4760; x_wconf 87' lang='lat' dir='ltr'><strong>satis</strong></span> <span class='ocrx_word' id='word_1_516' title='bbox 1050 4700 1204 4762; x_wconf 85' lang='lat' dir='ltr'><strong>evidenter</strong></span> <span class='ocrx_word' id='word_1_517' title='bbox 1227 4699 1431 4775; x_wconf 87' lang='lat' dir='ltr'><strong>ostendimus,</strong></span> <span class='ocrx_word' id='word_1_518' title='bbox 1455 4701 1560 4764; x_wconf 82' lang='lat' dir='ltr'><strong>Lunae</strong></span> <span class='ocrx_word' id='word_1_519' title='bbox 1584 4717 1656 4761; x_wconf 87' lang='lat' dir='ltr'><strong>cor-</strong></span> 
     </span>
     <span class='ocr_line' id='line_1_50' title="bbox 301 4783 1656 4870; baseline 0.002 -25"><span class='ocrx_word' id='word_1_520' title='bbox 301 4801 357 4864; x_wconf 88' lang='lat' dir='ltr'><strong>pus</strong></span> <span class='ocrx_word' id='word_1_521' title='bbox 379 4783 559 4863; x_wconf 86' lang='lat' dir='ltr'><strong>pellucidum</strong></span> <span class='ocrx_word' id='word_1_522' title='bbox 582 4803 649 4848; x_wconf 83' lang='lat' dir='ltr'><strong>esse</strong></span> <span class='ocrx_word' id='word_1_523' title='bbox 678 4805 736 4848; x_wconf 90' lang='lat' dir='ltr'><strong>non</strong></span> <span class='ocrx_word' id='word_1_524' title='bbox 763 4805 864 4868; x_wconf 85' lang='lat' dir='ltr'><strong>posse.</strong></span> <span class='ocrx_word' id='word_1_525' title='bbox 912 4787 957 4850; x_wconf 86' lang='lat' dir='ltr'><strong>At</strong></span> <span class='ocrx_word' id='word_1_526' title='bbox 989 4788 1066 4866; x_wconf 86' lang='lat' dir='ltr'><strong>quod</strong></span> <span class='ocrx_word' id='word_1_527' title='bbox 1099 4805 1154 4850; x_wconf 86' lang='lat' dir='ltr'><strong>nec</strong></span> <span class='ocrx_word' id='word_1_528' title='bbox 1188 4787 1287 4852; x_wconf 80' lang='lat' dir='ltr'><strong>lucela</strong></span> <span class='ocrx_word' id='word_1_529' title='bbox 1313 4789 1375 4851; x_wconf 81' lang='lat' dir='ltr'><strong>ista</strong></span> <span class='ocrx_word' id='word_1_530' title='bbox 1400 4787 1522 4870; x_wconf 80' lang='lat' dir='ltr'><strong>propria</strong></span> <span class='ocrx_word' id='word_1_531' title='bbox 1548 4787 1656 4850; x_wconf 80' lang='lat' dir='ltr'><strong>Lunae</strong></span> 
     </span>
    </p>
   </div>
   <div class='ocr_carea' id='block_1_5' title="bbox 0 0 1881 5528">
    <p class='ocr_par' dir='ltr' id='par_1_7' title="bbox 0 0 1881 5528">
     <span class='ocr_line' id='line_1_51' title="bbox 0 0 1881 5528; baseline 0 0"><span class='ocrx_word' id='word_1_532' title='bbox 0 0 1881 5528; x_wconf 95' lang='lat' dir='ltr'><strong> </strong></span> 
     </span>
    </p>
   </div>
  </div>
 </body>
</html>
