3700 5530
748 326 780 378 de
798 325 878 379 steila
895 325 974 378 liora
1476 333 1541 403 593

183 508 368 572 reddendum
397 504 471 568 nihil
504 505 661 568 conferunt
690 511 753 568 tres
786 511 911 586 quartae
942 507 1080 570 residuae
1108 506 1138 570 in
1168 508 1298 583 circir103
1335 529 1408 574 sane
1441 531 1478 574 ue
1508 515 1538 576 in

183 599 299 662 musica
322 596 441 679 quidem
463 595 530 657 ideo
558 592 570 658 l
599 615 665 658 cum
687 590 708 657 4
732 603 890 670 consonat,
923 597 993 677 quia
1021 596 1190 660 differentia
1213 605 1262 658 est
1284 595 1320 672 3,
1345 602 1400 662 sed
1423 601 1490 664 ideo
1516 599 1537 667 3

184 707 251 752 cum
274 683 295 750 4
319 691 473 758 consonat,
499 681 604 763 quial
626 681 727 746 cum3
752 691 843 746 antea
866 685 1052 747 consonavit.
1090 686 1142 748 Ita
1163 685 1248 748 vides
1268 695 1299 748 et
1321 691 1536 754 consonantias

184 777 213 838 in
245 775 361 838 musica
388 781 420 834 et
452 780 595 853 aspectus
628 773 656 835 in
690 772 856 852 astrologia
889 792 926 834 ex
959 774 1064 835 eodem
1094 774 1211 854 quidem
1243 776 1325 836 fonte
1358 780 1540 856 geometrico

187 863 346 952 divisionis
369 862 472 924 circuli
496 861 587 936 oriri,
612 862 665 924 sed
688 860 833 923 musicam
856 869 965 942 postea
995 863 1137 942 progredi
1161 863 1295 942 longius,
1327 883 1361 926 eo
1386 867 1463 946 quod
1486 887 1540 948 pro

186 953 297 1018 circulo
321 958 405 1014 recta
429 951 542 1012 chorda
564 951 666 1025 utitur,
692 957 724 1012 et
738 950 837 1012 lacere
856 951 953 1029 trigas
976 951 1239 1014 consonantiarum
1256 952 1284 1013 in
1299 973 1359 1015 una
1382 954 1539 1033 divisione,

185 1045 264 1125 quod
287 1042 317 1102 in
342 1039 528 1102 astronomia
559 1039 670 1102 imitari
703 1057 760 1101 nou
793 1057 963 1119 possumus.
1010 1040 1090 1102 Nam
1112 1040 1143 1102 in
1173 1041 1288 1103 musica
1316 1042 1434 1122 quidem
1464 1063 1539 1107 con-

184 1130 356 1194 sonantiam
387 1129 491 1191 turbat
520 1128 723 1199 dissonantia,
758 1137 789 1190 ui
814 1128 895 1200 sii,
924 1127 956 1190 11
985 1139 1018 1190 ει
1044 1137 1140 1191 totum
1167 1126 1221 1203 12,
1253 1129 1312 1191 tria
1344 1131 1419 1193 haec
1451 1133 1539 1196 simul

184 1221 350 1302 pulsentur,
370 1217 430 1280 etsi
450 1211 500 1298 ¹1„
524 1225 572 1279 εει
590 1217 796 1292 consonantia,
820 1224 922 1278 tamen
942 1209 992 1300 Ἃ,
1012 1225 1045 1279 ει
1063 1210 1129 1302 ¹¹l„
1155 1217 1360 1280 dissonantiae
1380 1221 1539 1284 destruunt

183 1309 277 1372 illam.
324 1309 370 1370 At
391 1307 421 1369 in
445 1307 611 1386 astrologia
627 1305 799 1368 'efficaciam
821 1305 907 1367 unius
931 1325 990 1367 non
1014 1306 1143 1368 destruit
1166 1307 1275 1368 inertia
1298 1308 1437 1380 alterius,
1462 1330 1538 1391 quae

184 1419 217 1461 se
235 1398 328 1460 habet
345 1396 552 1458 tantummodo
575 1393 721 1475 privative
736 1413 790 1473 pro
805 1414 837 1456 εε
853 1396 939 1473 ipsa:
964 1403 998 1456 ut
1011 1395 1082 1476 quia
1100 1395 1277 1458 duodecima
1292 1395 1365 1460 iacit
1384 1408 1539 1479 aspectum

185 1487 348 1560 efficacem,
374 1484 531 1546 undecima
549 1502 620 1545 vero
644 1483 756 1546 nullum
775 1483 868 1558 lacit3
892 1484 950 1546 etsi
965 1502 1054 1546 uuum
1078 1483 1196 1563 siguum
1220 1493 1356 1566 estpars
1381 1487 1538 1550 undecima

184 1578 222 1638 de
247 1574 341 1654 siguis
366 1573 503 1636 undecim
528 1572 676 1646 residuis,
710 1580 894 1634 nontamen
925 1572 1044 1634 sistitur
1073 1573 1208 1654 operatio
1242 1573 1444 1655 proportionis
1473 1571 1537 1658 Ἰὼ

184 1671 308 1745 propter
334 1662 621 1741 non-operationem
645 1661 845 1741 proportionis
874 1653 937 1743 ¹l„.

272 1769 349 1831 Puto
371 1788 419 1829 me
443 1769 555 1830 clarum
588 1765 715 1842 iecisse,
750 1768 897 1847 quomodo
930 1765 1046 1828 musica
1073 1771 1198 1844 propter
1229 1765 1438 1830 rectitudinem
1466 1789 1538 1831 suae

182 1859 313 1921 chordae
337 1865 443 1919 assuat
466 1855 577 1936 aliquid
601 1857 639 1917 ad
663 1856 810 1936 principia
832 1853 1016 1935 geometrica
1046 1853 1219 1934 aspectibus
1243 1857 1418 1920 communia
1467 1857 1538 1920 Jam

184 1948 342 2011 ostendam
366 1947 465 2020 etiam,
491 1965 643 2026 quousque
664 1965 696 2008 se
712 1945 859 2007 extendat
876 1942 1055 2024 propagatio
1075 1951 1249 2022 aspectuum
1264 1963 1356 2006 cansa
1370 1945 1537 2008 divisionis.

186 2037 265 2099 Nam
294 2028 342 2118 Ἃ,
371 2027 405 2112 Ἰ.
432 2043 502 2096 sunt
525 2033 664 2096 efficaces
687 2053 740 2114 per
764 2053 806 2102 se,
831 2042 953 2114 propter
982 2031 1181 2094 resectionem
1211 2034 1425 2112 geometricam
1433 2054 1444 2110 ;
1471 2035 1538 2114 jam

190 2119 237 2206 ¹1„
273 2117 306 2208 Ἰ,
343 2132 413 2185 sunt
445 2125 538 2183 etiam
571 2123 771 2202 geometricae
802 2123 1002 2195 resectiones,
1037 2139 1106 2181 nam
1138 2121 1291 2182 bisecatur
1323 2123 1419 2185 omnis
1450 2143 1537 2186 arcus

182 2221 272 2276 notus
302 2213 492 2293 geometrice.
538 2211 585 2273 At
615 2231 673 2273 non
706 2211 773 2272 ideo
803 2203 835 2296 Ἰ,
869 2219 901 2272 ει
933 2203 966 2294 Ἰ,
1001 2227 1095 2288 aeque
1124 2217 1194 2270 sunt
1226 2211 1382 2286 efficaces,
1416 2219 1539 2293 propter

181 2302 259 2364 hanc
283 2302 401 2382 quidem
424 2299 620 2362 bisectionem
635 2319 732 2362 arcus.
771 2297 859 2370 Quod
874 2299 952 2361 enirn
977 2293 1009 2382 ¹),
1039 2297 1263 2360 efficacissimus
1282 2307 1337 2374 est,
1363 2300 1396 2361 iit
1414 2309 1538 2381 propter

182 2389 398 2472 adventitium¹
415 2389 542 2469 aliquid,
576 2388 645 2469 quia
677 2407 782 2469 nempe
815 2389 925 2451 accidit
952 2387 1020 2448 huic
1049 2386 1187 2449 divisioni
1216 2378 1247 2470 Ἰ,
1277 2387 1306 2449 in
1335 2381 1382 2470 ¹iss
1407 2397 1441 2450 ut
1464 2388 1536 2449 sub-

180 2490 270 2541 teosa
290 2471 321 2562 Ἰ,
342 2479 384 2539 sit
407 2477 542 2556 aequalis
565 2478 659 2540 radio.
698 2475 785 2547 Quod
807 2486 908 2539 autem
932 2471 966 2559 ¹s,
990 2479 1109 2551 attinet,
1134 2476 1295 2537 subtensae
1316 2475 1380 2556 ejus
1396 2478 1536 2557 aequatio

182 2567 274 2650 (quae
303 2574 449 2648 quantum
478 2566 571 2628 habet
597 2565 840 2647 pulchritudinis,
865 2572 983 2627 tantum
1012 2573 1153 2642 aspectus
1177 2565 1227 2626 ille
1251 2565 1345 2626 habet
1367 2566 1535 2642 efficaciae)

182 2666 233 2718 εει
255 2654 374 2736 ἄλογος.
421 2655 485 2717 Νεε
509 2655 587 2715 euim
611 2654 700 2715 aliter
730 2655 851 2718 definire
884 2672 1007 2734 possum
1041 2652 1219 2732 quadratum
1242 2653 1330 2734 hujus
1361 2652 1533 2728 subtensae,

182 2765 271 2825 quam
293 2763 348 2825 per
371 2743 553 2806 ablationem
578 2743 717 2822 quadrati
741 2738 833 2825 ρητου
856 2761 922 2804 oum
951 2741 1179 2822 complementis
1203 2739 1319 2820 ἀλογοις
1343 2742 1433 2822 (quae
1456 2765 1536 2819 μεσα

181 2833 385 2914 appellantur)
423 2851 442 2893 a
474 2831 620 2913 quadrato
653 2827 738 2910 ρητῳ.
784 2831 864 2896 Nam
897 2831 1000 2892 ablato
1035 2828 1143 2910 dlqur,
1180 2829 1258 2910 quod
1289 2851 1383 2907 pauor
1416 2821 1533 2906 diditur,

183 2943 202 2982 a
225 2917 316 3000 ῥητῳ,
350 2919 527 3001 relinquitur
557 2917 664 3000 ἄλογον
692 2921 795 2983 itidem
823 2941 927 2998 pecco.
973 2921 1023 2981 lta
1047 2919 1224 2999 quadratum
1247 2918 1409 2981 subtensae
1433 2919 1470 2980 de
1498 2913 1531 3001 Ἰ,

182 3019 231 3072 εει
262 3009 381 3089 dloyoe,
414 3029 479 3072 cum
512 3009 632 3090 quidem
656 3009 694 3070 de
723 3003 757 3092 Ἰ.
784 3010 825 3072 sit
854 3005 955 3090 ῥητοε,
992 3006 1100 3089 qnippe
1133 3006 1287 3068 dimidium
1318 3007 1354 3068 de
1387 3007 1534 3090 quadrato

182 3098 330 3162 diametri.
428 3093 432 3104 '
910 3091 914 3098 ’

269 3203 334 3255 Huic
352 3201 455 3267 Kepleri
473 3202 676 3254 demonstrationi
700 3214 783 3266 pauca
810 3201 926 3251 addenda
952 3214 1094 3261 censemus,
1124 3205 1258 3266 antequam
1285 3165 1415 3266 sequentia
1431 3199 1535 3265 Kepleri

180 3276 256 3326 rerba
273 3288 447 3339 proponamus,
467 3274 554 3339 quibua
573 3273 620 3322 illis
632 3274 760 3332 lectorum,
779 3273 858 3337 quiin
875 3279 986 3322 veterum
1004 3270 1242 3321 denominationibus
1260 3273 1340 3321 minua
1358 3272 1449 3321 versati
1467 3277 1534 3329 sunt,

180 3361 220 3397 rer
238 3348 318 3411 magis
340 3346 472 3410 perspicua
496 3343 622 3394 reddatur.
659 3344 748 3394 Verbis
767 3339 846 3414 depos
864 3350 890 3394 et
908 3333 1012 3408 ἄλογος
1035 3343 1123 3394 eadem
1140 3344 1284 3408 signantur,
1304 3357 1368 3407 qnae
1384 3345 1437 3405 ianr
1455 3343 1535 3393 verbis

179 3418 313 3468 mdonatit
331 3423 357 3468 et
373 3416 529 3468 irrationalia
546 3415 704 3466 definiuntur.
744 3416 783 3468 Sit
801 3430 818 3466 a
834 3416 901 3466 latus
919 3414 1034 3480 quadrati
1052 3416 1078 3464 iu
1096 3413 1213 3466 circulum
1237 3414 1361 3479 inscripti,
1384 3414 1467 3464 radius
1485 3415 1532 3464 cir·

181 3489 230 3540 culi
248 3503 322 3548 =r,
349 3487 395 3537 erit
419 3483 497 3538 a⁸=
510 3482 554 3537 21¹
572 3485 725 3550 (rationale).
764 3485 826 3537 Gurn
854 3494 939 3537 autem
965 3486 999 3536 sit
1024 3485 1173 3552 quadratum
1198 3484 1283 3536 lateris
1310 3486 1426 3552 octogeni
1448 3483 1563 3536 eidaml

181 3602 272 3654 monio
290 3603 402 3667 inscripti
418 3617 445 3642 =
465 3553 500 3693 ff}
519 3595 554 3669 -Ι-
571 3552 788 3695 (ἓῖ-ῗγπ
805 3598 831 3652 r⁸
849 3599 878 3666 (2
891 3595 1010 3662 -Viil,
1037 3601 1186 3666 quadratum
1209 3600 1286 3667 igitur
1309 3600 1425 3666 octogoni
1447 3598 1533 3649 lateris
1587 3631 1590 3636 -

180 3717 304 3768 invenitur
321 3717 487 3768 mbtrahendo
506 3717 572 3769 lacto
591 3733 621 3768 ex
637 3714 664 3768 τ’
683 3713 779 3787 (ρητῳ)
798 3731 854 3769 cum
871 3712 916 3772 Vt
935 3706 1048 3782 (eilqu.
1061 3712 1152 3784 μεσῳ)
1172 3730 1188 3767 a
1204 3711 1248 3765 ιε’
1260 3709 1365 3783 (ρητῳ).
1393 3713 1440 3764 Ηῑε
1457 3713 1534 3763 inter·

179 3789 266 3854 ponitis
284 3788 318 3839 ad
334 3787 438 3853 Kepleri
454 3789 531 3840 rerba
545 3789 660 3841 redimus

269 3877 376 3958 Igitur,
400 3887 489 3951 pergit,
509 3878 567 3946 etsi
589 3879 777 3959 relinquatur
799 3877 858 3958 ipsi
887 3868 921 3959 Ἰ,
948 3876 1050 3956 aliqua
1069 3875 1213 3943 efficacia,
1237 3881 1337 3934 tameo
1361 3871 1415 3933 illa
1438 3872 1533 3951 gradu

181 3966 284 4028 differt
307 3968 346 4029 ab
370 3965 506 4029 efficacia
528 3966 622 4046 ipsius
647 3960 704 4051 ’ἧς
729 3974 819 4047 atque
839 3967 892 4040 ita,
917 3983 983 4026 cum
1006 3964 1148 4045 planetae
1173 3945 1289 4024 distant
1302 3956 1373 4034 45⁰,
1397 3960 1532 4041 operatio

181 4056 302 4137 quidem
325 4062 374 4118 est
397 4055 499 4135 aliqua
530 4055 717 4132 stimulatio,
748 4054 883 4116 invalida
914 4053 1068 4115 tamenin
1093 4049 1318 4129 comparatione
1354 4055 1533 4122 ceterarum,

178 4144 306 4225 ideoque
329 4145 378 4206 vel
401 4163 421 4205 a
443 4141 530 4205 nobis
553 4145 602 4206 vel
626 4145 664 4206 ab
687 4145 756 4226 ipsa
778 4143 870 4205 etiarn
894 4141 1041 4204 facultate
1064 4140 1192 4202 Telluris
1215 4135 1398 4201 insensibilis
1420 4153 1532 4216 prope-

177 4233 309 4297 modum.
355 4231 470 4296 Positis
492 4231 541 4294 hie
565 4251 619 4294 ceu
643 4232 845 4296 fundamentis
869 4231 959 4292 facile
987 4229 1159 4302 ostendam,
1184 4247 1238 4289 cur
1268 4219 1316 4310 Ἃ,
1349 4225 1391 4287 εἰι
1413 4225 1532 4301 efficax,

179 4323 234 4385 sed
256 4321 302 4384 ita
324 4329 359 4384 ut
382 4321 489 4382 cadem
510 4331 610 4400 porta,
634 4341 695 4400 qua
713 4317 764 4401 ²1„
792 4319 914 4400 recipio,
939 4318 1058 4399 eJiciam
1086 4309 1119 4400 Ἰ,
1143 4316 1346 4397 jampridem
1367 4320 1531 4391 receptum.

179 4409 260 4482 Quia
283 4409 362 4472 enim
387 4404 437 4492 Ἃ,
461 4418 510 4470 εει
532 4409 688 4472 dimidium
714 4412 751 4471 de
779 4401 827 4492 Ἃ,
850 4409 977 4488 ideoque
997 4407 1061 4486 ejus
1084 4407 1231 4467 subtensa
1253 4403 1373 4484 quidem
1396 4401 1535 4466 similiter

177 4508 227 4561 εει
260 4497 419 4577 attereret
442 4517 553 4573 pauor,
585 4505 621 4558 ut
641 4498 725 4577 prius
755 4491 810 4576 ¹103
842 4496 895 4558 sed
918 4503 952 4557 ut
974 4495 1006 4557 iu
1035 4493 1201 4556 bisoctione
1232 4491 1328 4572 ipsius
1356 4483 1387 4574 Ἰ,
1417 4491 1530 4572 aliquid

178 4587 363 4650 extrinsecus
394 4584 532 4659 advenit,
562 4585 639 4665 quod
663 4587 815 4649 meliorem
842 4584 944 4646 reddit
969 4582 1148 4664 sectionem,
1172 4582 1203 4643 id
1225 4599 1331 4660 nempe
1354 4577 1434 4660 quod
1457 4581 1530 4642 sub-

178 4683 269 4736 tensa
297 4669 330 4757 ¹l,
358 4675 457 4738 evasit
487 4693 560 4755 pars
585 4673 744 4748 diametri,
773 4673 818 4736 sic
841 4673 933 4735 etiam
956 4672 1021 4744 hic,
1044 4689 1111 4734 cum
1134 4671 1281 4733 subtensa
1303 4669 1339 4730 da
1369 4663 1419 4754 Ἃ,
1448 4675 1531 4730 εεεει

178 4761 295 4841 ἄλογος,
319 4762 433 4842 aliquid
455 4763 644 4825 extrinsecus
667 4762 798 4837 accedit,
824 4762 902 4843 quod
930 4757 981 4847 Ἃ,
1009 4761 1213 4834 commendat,
1241 4773 1348 4837 nempe
1371 4759 1428 4822 hoc
1451 4755 1531 4838 quod

177 4852 275 4929 ligura
296 4850 442 4928 regularis
468 4848 509 4913 12
532 4851 660 4914 laterum
688 4849 820 4931 epatium
847 4851 1041 4931 amplectitur
1064 4845 1168 4932 imos,
1191 4847 1299 4930 qnippe
1330 4843 1365 4933 Ἰ,
1391 4847 1429 4911 de
1451 4863 1530 4928 qua-

256 4953 344 5004 nqum
358 4955 433 5006 ομιι
448 4955 474 4996 n
1285 4949 1320 5004 30
