3694 5528
755 285 888 338 renisus.
1433 287 1497 356 525

238 455 313 521 Cum
336 468 399 524 tam
421 459 517 520 multa
538 461 635 538 prosit
650 461 751 542 optica
766 462 894 526 scientia
907 451 1117 544 philosophiae
1137 465 1278 538 naturali,
1298 466 1366 544 jure
1382 467 1496 546 optimo

149 547 233 608 Pena
255 547 342 628 plura
366 547 457 611 etiam
481 546 519 610 ab
544 548 644 627 optica
673 560 847 635 exspectat,
880 553 910 614 iu
932 553 1034 632 magia
1058 559 1090 614 et
1114 553 1266 632 theologia
1289 555 1499 637 Porphyriaua

147 635 236 716 inque
261 636 423 700 mensariis
446 635 621 718 praestigiis
645 638 856 704 discutiendis:
891 646 946 705 nec
968 660 1067 722 pauca
1088 642 1239 721 promittit
1261 641 1310 705 Jo.
1336 643 1495 722 Baptistae

147 723 260 812 ¹Portae
283 727 390 806 Magia
421 725 586 800 naturalis,
621 746 709 808 quam
739 730 834 793 lector
865 731 972 806 adest:
1010 729 1127 794 videbit
1155 731 1284 811 opticam
1309 731 1496 812 disciplinam
1566 747 1573 756 ·

149 821 216 876 tota
240 811 303 876 vita
325 817 456 878 humana
479 813 672 881 admirabiles
696 819 847 898 explicare
871 820 1031 882 utilitates.

238 901 394 967 Hactenus
418 901 510 982 igitur
533 903 616 966 Pena
639 905 724 967 nobis
748 908 868 969 auditus
892 915 958 969 esto
988 909 1024 969 de
1047 906 1240 988 praestantia
1263 906 1379 986 optines
1404 907 1498 987 deque

150 992 306 1071 stupendis
330 994 396 1073 ejus
420 989 575 1054 effectibus
598 993 629 1056 in
652 1013 750 1056 rerum
772 1004 881 1057 natura
904 997 1073 1076 detegenda
1097 994 1274 1057 doctissime
1298 1013 1452 1074 perorans.

238 1079 324 1142 Nunc
358 1091 489 1162 tempus,
523 1087 557 1141 ut
587 1082 742 1161 promissis
766 1085 853 1146 fidem
886 1091 1039 1162 praestem
1072 1083 1254 1163 doceamque
1288 1083 1345 1144 hac
1383 1084 1498 1164 opticen

150 1175 254 1250 parte,
279 1189 368 1250 quarn
392 1167 609 1248 Dioptriceu
634 1172 835 1250 appellamus,
860 1172 983 1254 ejusque
1007 1173 1144 1252 subjecto
1176 1171 1357 1252 perspicillis
1381 1191 1438 1234 uos
1462 1173 1499 1234 de

150 1275 249 1320 rerum
272 1265 381 1321 natura
404 1259 493 1336 longe
517 1258 780 1322 admirabilissima
803 1261 886 1322 brevi
918 1262 1062 1342 temporis
1093 1261 1193 1341 spatio
1224 1261 1366 1322 didicisse
1374 1279 1384 1334 ;
1423 1260 1499 1322 adeo

152 1346 285 1426 quidem,
319 1355 353 1408 ut
382 1343 510 1427 puerilia
536 1346 632 1408 videri
663 1349 779 1428 possint
804 1367 995 1431 quaecunque
1029 1351 1174 1412 hactenus
1208 1348 1323 1428 optines
1354 1349 1498 1411 beneficio

62 1509 65 1518 Ι
152 1436 274 1497 detecta
297 1454 334 1498 ex
356 1436 441 1498 Pena
462 1435 665 1515 produximus.

240 1523 390 1586 Versatur
413 1524 442 1585 iu
466 1523 603 1586 manibus
629 1526 757 1588 omnium
781 1525 965 1589 Siderous
991 1523 1167 1587 Galilaei
1191 1525 1346 1588 nuncius
1380 1531 1411 1586 et
1434 1543 1502 1588 mea

153 1611 364 1693 qualiscunque
389 1631 454 1676 cum
478 1612 534 1674 hoc
558 1614 663 1675 nuncio
687 1614 940 1688 Dissertatio,
971 1621 1035 1675 tum
1063 1613 1156 1675 etiam
1179 1612 1498 1688 Narratinnoula,

152 1699 262 1764 Nuncii
286 1699 394 1762 siderei
418 1701 647 1764 confirmatoria.
686 1701 798 1765 Lector
820 1703 923 1784 itaque
946 1703 1077 1766 breviter
1100 1702 1270 1782 perpendat
1292 1701 1395 1781 capita
1418 1701 1500 1764 illius

152 1788 272 1863 Nuncii,
297 1809 372 1870 quae
396 1797 427 1851 et
450 1797 564 1870 quauta
585 1791 750 1871 perspicilli
774 1792 853 1855 illius
876 1791 1028 1866 beneficio,
1053 1791 1135 1870 cujus
1159 1790 1294 1852 rationes
1317 1790 1374 1852 hoc
1397 1789 1500 1852 libello

155 1878 339 1952 demonstro,
362 1878 473 1940 suerint
497 1878 626 1940 detecta.
675 1881 858 1944 Testabatur
876 1880 969 1956 visus,
994 1899 1062 1942 esse
1086 1879 1207 1958 aliquod
1230 1879 1260 1944 iu
1285 1879 1368 1940 coelo
1392 1897 1500 1958 corpus

153 1965 292 2042 lucidum,
318 1967 395 2048 quod
419 1967 536 2028 Lunam
560 1965 695 2042 dicimus,
719 1969 955 2032 demonstratum
979 1969 1036 2030 luit
1059 1986 1097 2030 ex
1121 1967 1287 2029 rationibus
1310 1967 1436 2046 opticis,
1468 1967 1500 2029 id

154 2071 261 2134 corpus
285 2075 352 2116 esse
380 2056 556 2130 rotundum,
590 2059 775 2120 astronomia
804 2059 895 2120 etiam
923 2055 1202 2119 ratiocinationibus
1229 2048 1379 2118 nonnullis
1409 2073 1500 2134 super

154 2143 257 2224 optica
280 2143 476 2204 fundamenta
499 2145 656 2207 collocatis
680 2154 872 2208 exstruxerat
895 2146 960 2226 ejus
983 2145 1172 2207 altitudinem
1191 2144 1318 2206 aTerra
1340 2143 1501 2224 sexaginta

60 2248 68 2256 ·
101 2279 105 2290 ,
155 2231 275 2294 circiter
288 2232 577 2295 semidiametrorum
593 2234 713 2298 Terrae.
747 2235 945 2316 Apparebaut
967 2234 996 2296 iu
1022 2234 1072 2296 illo
1093 2251 1215 2313 corpore
1231 2233 1333 2294 variae
1349 2231 1500 2306 maculae;
1613 2245 1619 2256 ’

155 2328 187 2382 et
210 2329 315 2382 secuta
338 2328 386 2384 est
409 2321 536 2382 obscura
559 2321 658 2402 opinio
680 2342 841 2404 paucorum
869 2322 1129 2403 philosophorum,
1163 2321 1251 2383 illata
1280 2321 1318 2384 ab
1341 2319 1499 2381 Hecataeo

152 2409 182 2472 in
208 2408 326 2480 fabulas
350 2409 386 2470 de
410 2409 669 2491 Hyperboreorum
692 2413 800 2484 insula,
825 2413 969 2474 montium
993 2419 1025 2473 et
1046 2410 1183 2484 vallium,
1213 2409 1345 2472 humoris
1369 2415 1402 2469 et
1425 2427 1499 2470 con-

153 2497 311 2560 tinentium
335 2497 486 2561 alternata
519 2499 650 2579 conspici
681 2501 851 2563 simulacra.
897 2501 944 2563 At
970 2519 1047 2562 nunc
1074 2498 1278 2579 perspicillum
1301 2496 1403 2560 omnia
1426 2497 1501 2558 haec

153 2586 229 2648 adeo
253 2586 291 2646 ob
315 2585 417 2648 oculos
441 2586 587 2660 collocat,
620 2597 653 2650 ut
676 2590 764 2669 plane
788 2590 924 2652 timidum
947 2607 1014 2650 esse
1043 2594 1198 2666 oporteat,
1234 2585 1283 2666 qui
1317 2585 1371 2647 tali
1400 2586 1501 2646 fruens

154 2682 280 2755 aspectu
303 2675 465 2737 etiamnum
495 2676 880 2741 dubitandum'oxistimet.
926 2677 1010 2741 Nihil
1038 2684 1087 2737 est
1114 2675 1241 2749 certius,
1277 2693 1367 2754 quam
1396 2679 1502 2750 partes

153 2765 258 2824 Lunae
282 2763 491 2830 meridionales
514 2764 651 2842 plurimis
675 2767 769 2847 iisque
794 2767 945 2829 immensis
970 2773 1087 2827 scatere
1112 2761 1277 2838 montibus,
1302 2769 1407 2843 partes
1430 2779 1502 2822 vero

155 2851 425 2930 septentrionales,
462 2853 667 2932 depressiores
705 2855 831 2936 quippe,
874 2855 998 2916 lacubus
1034 2851 1230 2932 amplissimis
1269 2851 1449 2912 defluentem
1486 2869 1504 2910 a

154 2938 278 3002 meridie
301 2941 452 3002 humorem
476 2941 621 3022 excipere.
670 2941 755 3014 Quae
779 2945 861 3024 prius
884 2943 968 3005 Pena
997 2941 1182 3022 produxerat
1215 2939 1332 3018 optices
1360 2937 1503 3000 beneficio

154 3028 312 3110 patefacta
335 3029 486 3108 dogmata,
508 3031 565 3092 illa
588 3050 607 3092 a
630 3033 769 3094 tenuibus
793 3034 875 3094 visus
895 3029 1082 3092 adminiculis
1107 3028 1251 3108 originem
1275 3025 1428 3090 trahentia
1450 3045 1504 3105 per

155 3119 261 3198 longas
291 3118 536 3181 ratiocinationes
559 3121 638 3182 inter
662 3139 694 3180 se
719 3140 812 3182 nexas
828 3119 1120 3192 demonstrabantur,
1147 3117 1190 3180 sic
1214 3124 1247 3176 ut
1270 3114 1380 3178 rationi
1402 3115 1504 3194 potius

155 3205 315 3282 humanae,
340 3227 427 3288 quarn
452 3207 546 3270 oculis
570 3210 858 3272 transcriberentur:
890 3217 923 3270 at
953 3209 1000 3269 hic
1027 3207 1092 3285 jam
1120 3205 1197 3268 oculi
1228 3203 1286 3283 ipsi
1309 3221 1388 3266 nova
1410 3202 1505 3264 veluti

149 3295 246 3376 janua
265 3295 340 3356 coeli
355 3297 512 3374 patefacta
535 3295 563 3359 in
588 3306 781 3377 conspectum
805 3317 902 3360 rerum
926 3297 1132 3358 abstrusorum
1156 3293 1353 3356 adducuntur.
1388 3287 1505 3361 Quodsi

154 3383 200 3444 cui
218 3383 294 3472 'jam
326 3403 416 3464 super
449 3384 535 3447 novis
565 3385 648 3447 hisco
677 3385 939 3450 observationibus
971 3384 1075 3448 lubeat
1098 3383 1189 3445 etiam
1213 3381 1340 3444 rationis
1365 3380 1424 3442 vim
1448 3397 1504 3440 ex-

157 3479 276 3533 cutere:
315 3473 381 3552 quis
404 3492 463 3534 uon
492 3471 593 3548 videt,
628 3493 715 3554 quam
748 3476 836 3556 louge
865 3473 1081 3554 contemplatio
1112 3479 1239 3532 naturae
1270 3489 1325 3531 sua
1352 3468 1506 3547 pomoeria

156 3560 312 3639 prolatura
334 3561 392 3635 sit;
423 3562 491 3623 dum
516 3562 700 3641 quaerimus,
727 3564 774 3625 oui
797 3565 874 3627 bono
898 3563 927 3625 in
951 3559 1038 3624 Luna
1061 3561 1123 3622 siut
1153 3557 1296 3621 montium
1324 3556 1504 3635 valliumque

158 3655 291 3722 tractus,
326 3648 451 3710 marium
474 3651 664 3730 amplissima
684 3652 798 3732 spatia:
836 3659 868 3714 et
900 3671 937 3714 an
969 3670 1026 3712 nou
1050 3648 1208 3729 ignobilior
1240 3647 1343 3728 aliqua
1365 3654 1506 3706 ereatura

158 3755 246 3816 quam
270 3737 358 3798 homo
383 3739 477 3800 statui
499 3740 606 3818 possit,
632 3760 707 3821 quae
733 3749 847 3804 tractus
872 3740 940 3802 illos
964 3738 1133 3800 inhabitet?

245 3825 311 3886 Nec
334 3825 431 3888 miuus
456 3827 602 3891 deciditur
625 3829 694 3891 hinc
720 3838 751 3892 et
773 3830 826 3892 illa
845 3831 1005 3910 quaestio,
1041 3845 1116 3907 quae
1146 3844 1222 3907 pene
1255 3842 1321 3884 curn
1344 3820 1411 3899 ipsa
1434 3819 1504 3898 phi-

157 3913 400 3994 losophiauata,
425 3924 580 3980 exercetur
602 3919 690 3981 hodie
714 3941 734 3982 a
756 3918 951 3982 nobilissimis
975 3914 1121 3996 ingeniis,
1155 3911 1290 3994 possitue
1314 3911 1409 3970 Terra
1440 3926 1506 3969 mo-

156 4004 221 4066 veri
244 4004 338 4085 (quod
363 4004 498 4068 theorica
521 4008 658 4070 doctrina
672 4008 859 4087 planetarum
875 4008 963 4069 valde
984 4004 1150 4076 desiderat)
1175 4002 1239 4062 siue
1263 3997 1399 4081 gravium
1422 3996 1507 4062 ruina

158 4099 212 4154 aut
234 4093 299 4154 siue
328 4094 498 4156 turbatione
531 4104 629 4159 motus
663 4098 888 4159 elementorum.
935 4097 1014 4159 Nam
1048 4094 1073 4154 si
1098 4091 1190 4152 Terra
1219 4111 1237 4152 a
1268 4094 1371 4149 centro
1405 4085 1506 4148 muudi

159 4183 277 4254 exulat,
300 4190 438 4246 metuunt
460 4185 592 4247 uouuulli
615 4205 652 4247 ne
677 4205 773 4266 aquae
797 4187 886 4265 globo
911 4185 1023 4247 Terrae
1047 4183 1168 4243 deserto
1193 4175 1348 4240 inmundi
1372 4182 1505 4236 centrum

156 4273 295 4333 refluant.
342 4272 438 4352 Atqui
461 4273 597 4335 videmus
621 4282 653 4336 et
682 4274 711 4334 in
735 4276 822 4336 Luna
845 4275 944 4335 inesse
977 4272 1038 4333 vim
1071 4267 1212 4341 humoris,
1247 4266 1408 4345 depressas
1441 4263 1507 4343 ejus

156 4360 238 4438 globi
253 4361 378 4424 lacunas
393 4361 601 4424 obsidentem:
627 4362 676 4442 qui
691 4363 798 4443 globus
813 4363 950 4442 quamvis
974 4362 1004 4423 iu
1027 4361 1092 4441 ipso
1117 4357 1239 4419 aethere
1259 4353 1508 4424 circumducatur,

157 4457 245 4511 extra
268 4458 373 4511 centra
395 4469 452 4512 non
476 4451 576 4512 mnndi
600 4457 721 4512 tantum
743 4453 795 4513 scd
821 4461 852 4514 et
866 4452 979 4512 Terrae
994 4457 1127 4520 nostrae,
1152 4465 1208 4507 nou
1230 4451 1331 4506 tamen
1351 4441 1507 4522 quicquam

158 4537 317 4617 impeditur
349 4539 436 4619 copia
469 4558 613 4618 aquarum
636 4539 814 4615 Lanarium,
841 4559 897 4620 quo
932 4539 1029 4600 miuus
1062 4537 1100 4598 ad
1132 4541 1266 4596 centrum
1297 4531 1343 4593 sui
1372 4529 1507 4612 corporis
1535 4577 1538 4584 ,

158 4626 284 4687 tondens
307 4627 412 4688 Lunae
441 4627 532 4709 globo
556 4635 698 4690 constans
722 4629 895 4691 adhaereat.
943 4628 1049 4707 Itaque
1080 4623 1181 4704 optics
1211 4622 1356 4684 reformat
1378 4620 1428 4682 vel
1451 4619 1506 4681 hoc

158 4713 287 4775 Lunaris
319 4715 400 4795 globi
439 4717 576 4796 exemplo
609 4716 777 4778 doctrinam
813 4717 947 4797 gravium
981 4723 1012 4778 et
1043 4715 1172 4787 levium,
1211 4711 1425 4790 confirmatque
1457 4706 1506 4770 hic

158 4799 407 4866 introductionem
431 4825 529 4867 meam
551 4805 581 4866 iu
606 4802 830 4868 commentaria
852 4805 962 4868 Martis
986 4811 1129 4866 motuum.
