3700 5530
363 297 429 368 608
786 301 886 352 Litsras
904 301 1007 365 Keplert
1025 299 1175 368 aliorumque
1194 310 1296 355 mutuas

365 500 381 541 e
406 479 518 544 foetido
542 478 641 542 timeto
665 477 839 556 collegerit:
869 477 963 540 libelli
988 477 1140 558 exemplar
1164 479 1203 542 ad
1226 478 1257 542 S.
1282 481 1325 545 M.
1351 483 1424 542 Vm
1461 481 1707 546 transmitterem:

364 569 499 649 polliceri
523 569 630 648 qnippe
655 588 687 628 se
711 567 929 648 quodammodo
953 567 1073 639 audere,
1097 587 1160 630 rem
1182 569 1244 632 iore
1264 568 1297 631 S.
1314 571 1357 634 M.
1374 571 1438 632 Vse
1468 591 1525 632 non
1551 572 1709 650 ingratam:

364 658 499 738 Eamque
531 657 716 719 admonitam
745 656 802 719 hac
833 657 970 733 diligenti
1003 656 1195 720 distinctione
1227 659 1307 720 inter
1336 678 1431 740 nugas
1462 661 1663 740 astrologicae
1685 673 1711 724 et

365 758 503 808 naturam
527 765 633 820 rernm,
659 765 747 826 quam
771 745 800 807 in
820 745 921 807 libello
946 764 1012 808 mco
1036 747 1187 826 proposui,
1212 749 1317 827 procul
1335 749 1425 811 dubio
1439 757 1470 811 et
1482 751 1599 830 Ipsam,
1624 751 1712 812 divisa

365 854 508 898 censurae
531 855 605 897 suae
628 835 790 910 sententia,
815 853 915 897 secum
938 833 1028 914 paulo
1053 833 1206 898 liberalius
1231 835 1267 898 de
1291 838 1466 918 sympathia
1492 847 1624 900 naturae
1646 839 1710 902 sub-

365 924 477 986 lunaris
509 943 576 986 cum
605 923 768 986 harmoniis
800 924 983 985 coelestibus
1016 930 1206 1000 statuturpm.
1254 925 1449 996 (Ptoierebat
1480 927 1651 1006 exemplum
1682 947 1712 990 ex

366 1013 462 1092 ipsius
487 1011 519 1074 S.
543 1013 586 1074 M.
611 1012 651 1076 V.
677 1013 753 1074 libro
777 1013 814 1074 de
838 1010 988 1091 Sagarum
1013 1012 1168 1075 examine:
1194 1031 1260 1075 cum
1284 1015 1362 1076 enim
1386 1015 1626 1096 experimentum
1648 1017 1713 1078 illud

364 1120 418 1182 per
442 1109 579 1163 natatum
603 1102 632 1163 in
656 1102 742 1182 aquis
766 1101 901 1183 plerique
926 1120 1028 1162 omnes
1052 1110 1224 1182 suspectum
1254 1103 1410 1167 habeant:
1442 1103 1597 1166 inventam
1620 1113 1712 1166 tamen

365 1210 433 1252 esse
462 1211 481 1250 a
507 1188 540 1252 S.
565 1191 608 1253 M.
633 1191 675 1252 V.
709 1190 855 1252 rationem
889 1189 998 1252 ceteris
1031 1189 1235 1268 inopinatam,
1270 1211 1329 1272 qna
1362 1195 1560 1272 experimenti
1594 1194 1715 1256 firmetur

365 1279 540 1341 auctoritas.
596 1278 717 1350 Quanto
754 1280 852 1360 magis
890 1278 967 1340 idem
1000 1279 1181 1358 sperandum
1218 1281 1300 1343 circa
1335 1282 1478 1344 nonnulla
1514 1283 1715 1361 experimenta

365 1367 566 1447 astrologica:
599 1370 649 1429 nbi
672 1387 730 1430 non
755 1377 795 1438 ut,
815 1368 844 1430 iu
870 1367 936 1448 jam
970 1367 1103 1447 allegato
1136 1369 1273 1448 exemplo
1303 1369 1340 1430 ad
1371 1389 1460 1432 sacra
1492 1372 1596 1450 adque
1628 1372 1714 1448 ipsum

364 1458 461 1518 Deum
486 1457 667 1532 immediate,
692 1457 747 1518 sed
771 1457 809 1518 ad
833 1457 979 1536 quaedam
1005 1464 1131 1518 naturae
1156 1477 1268 1518 arcana
1297 1458 1443 1522 hactenns
1467 1460 1515 1520 uel
1542 1460 1714 1522 insolidum

366 1547 506 1626 neglecta
531 1546 577 1606 vel
600 1555 795 1626 praepostere
818 1565 968 1626 perpensa
990 1548 1197 1624 provocatur.)
1207 1545 1241 1620 *)

455 1631 545 1705 Quod
568 1635 753 1714 amplissimo
777 1633 841 1696 viro
864 1633 987 1714 placuit,
1012 1652 1078 1694 cum
1092 1635 1122 1696 id
1139 1655 1156 1696 a
1175 1636 1268 1696 multo
1287 1635 1351 1715 jam
1375 1642 1509 1715 tempore
1540 1636 1714 1706 lactantem,

367 1724 397 1785 id
420 1724 478 1786 hac
502 1725 576 1794 vice,
600 1723 799 1786 serenissime
818 1723 895 1796 Rex,
921 1723 1058 1785 effectum
1083 1723 1170 1785 dedi:
1195 1723 1328 1786 libellum
1352 1723 1430 1786 hunc
1453 1717 1507 1804 pei
1530 1733 1714 1804 praesentem

368 1811 513 1876 Caesaris
552 1813 783 1874 Procuratorem
824 1813 861 1874 ad
900 1809 932 1872 S.
965 1811 1009 1872 M.
1041 1812 1115 1871 vam
1157 1812 1368 1875 venerabundo
1408 1813 1507 1876 animo
1552 1813 1714 1876 transmitto

367 1901 463 1980 Eique
497 1921 534 1962 ex
567 1921 603 1963 eo
635 1901 826 1981 potissimum
860 1899 962 1979 Caput
991 1900 1020 1964 7.
1045 1897 1074 1963 8.
1101 1897 1132 1965 9.
1160 1899 1210 1966 10.
1239 1900 1292 1966 28.
1324 1898 1377 1964 29.
1412 1901 1602 1980 astrologiae
1635 1921 1715 1962 causa

368 1990 562 2065 commendo;
588 2009 654 2052 nam
680 2009 716 2050 ex
740 1987 771 2052 2.
793 1987 822 2052 3.
839 1986 870 2052 4.
888 1986 917 2052 5.
935 1985 963 2050 6.
982 1988 1069 2058 ,tituli
1093 1989 1162 2052 lecti
1186 1990 1345 2052 sufficient
1383 1990 1431 2051 Ad
1451 1991 1714 2052 considerationem

367 2098 438 2141 vero
473 2080 580 2141 stellae
613 2077 708 2159 ipsius
744 2085 775 2139 et
807 2077 1021 2158 stupendamm
1052 2077 1343 2140 circumstantiarum
1376 2075 1477 2158 Caput
1508 2077 1537 2140 1.
1574 2088 1606 2142 et
1637 2087 1715 2161 typus

367 2167 485 2248 Capitis
503 2163 554 2230 14.
580 2167 651 2230 lolio
666 2163 720 2240 76,
744 2165 874 2246 itemque
899 2164 1012 2246 Capita
1026 2163 1079 2230 25.
1096 2163 1148 2230 26.
1165 2165 1218 2232 27.
1243 2167 1451 2248 quaestionum
1475 2167 1715 2248 gravissimarum

367 2265 398 2316 et
422 2274 497 2336 quae
521 2275 619 2318 meum
642 2263 762 2335 captum
787 2263 932 2335 superant
954 2255 1139 2335 plenissima,
1164 2257 1292 2338 denique
1312 2254 1414 2336 Caput
1432 2253 1483 2321 30.
1508 2258 1632 2338 proprie
1654 2275 1714 2336 per·

366 2345 472 2406 tinent.
537 2405 542 2418 ,

455 2433 518 2495 Nec
542 2431 629 2512 plura
652 2431 710 2493 nisi
734 2438 768 2492 ut
790 2428 846 2492 saa
877 2430 920 2491 Mi
953 2429 1017 2492 Vae
1047 2450 1094 2493 me
1117 2451 1244 2513 meaque
1268 2431 1382 2508 studia,
1408 2451 1484 2514 quae
1509 2453 1605 2515 super
1627 2430 1715 2512 magui

365 2522 445 2586 illius
458 2521 571 2583 Brabei
594 2519 823 2582 observationes
840 2526 974 2594 exstruo,
999 2539 1086 2602 quam
1110 2529 1214 2601 potest
1235 2522 1299 2583 fieri
1322 2521 1555 2601 diligentissime
1581 2531 1612 2584 et
1634 2521 1713 2583 obse-

365 2610 552 2692 quiosissime
576 2609 792 2672 commendem.

452 2700 544 2762 Ferit
566 2699 649 2760 Deus
670 2697 742 2778 Opt.
763 2697 847 2759 Max.
872 2705 905 2760 ut
929 2695 961 2760 S.
975 2698 1018 2758 M.
1036 2697 1085 2758 Vs
1117 2717 1154 2759 ea
1177 2697 1324 2760 felicitate
1347 2697 1541 2762 Britanniam
1565 2697 1711 2781 gubernet,

366 2809 404 2850 ne
435 2807 565 2868 unquam
597 2789 785 2867 negotiorum
824 2786 903 2848 mole
941 2805 1087 2866 oppressa
1128 2785 1335 2867 philosophiae
1371 2787 1544 2850 valedicere
1592 2794 1714 2866 cogatur.

364 2878 449 2940 Idem
472 2876 506 2940 S.
531 2878 574 2940 M.
596 2876 666 2936 Vte-
694 2875 797 2938 stadia
820 2875 950 2956 incepta,
974 2875 1099 2955 imperia
1122 2876 1381 2958 cogitationesque
1406 2878 1443 2938 ad
1467 2877 1630 2940 Ecclesiae
1652 2891 1714 2936 susc

365 2965 539 3028 difficillime
554 2965 739 3026 renascentis
761 2964 1012 3045 tranquillitatem
1037 2965 1344 3046 emendationemque,
1369 2966 1409 3027 ad
1426 2965 1516 3048 Reip.
1534 2965 1714 3030 Christianae

363 3055 609 3129 incolumitatem,
635 3056 667 3116 et
689 3053 877 3118 subditomm
902 3071 1059 3136 regnomm
1083 3055 1213 3116 salutem
1236 3053 1357 3134 dirigat.

803 3140 919 3204 Sacrae
942 3141 1119 3221 Maiestatis
1143 3141 1276 3205 Vestrae

1072 3230 1357 3313 obsequiosissimus
1382 3238 1414 3293 et
1436 3232 1680 3312 subjectissimus

1273 3319 1307 3384 J.
1331 3319 1462 3402 Kepler,
1512 3315 1515 3322 ’

1110 3403 1143 3468 S.
1169 3402 1260 3475 Caes.
1285 3410 1351 3472 Mers
1385 3409 1635 3474 Mathematicus.

435 3563 586 3642 'Exemplar
603 3563 667 3623 libri,
685 3563 751 3631 Regi
771 3565 942 3615 manniscam
963 3563 999 3614 sic
1017 3563 1141 3628 inscripsit
1157 3563 1299 3629 Keplems:

705 3659 865 3749 Regi
898 3658 1379 3748 philosophanti

860 3774 1063 3855 Philosophus
1091 3775 1226 3838 serviens

891 3881 1018 3945 Platoni
1040 3881 1193 3960 ltlogsuss

771 3986 1027 4050 Britannias
1064 3987 1313 4067 possidenti

684 4085 803 4174 Pragae
826 4092 937 4173 stipem
967 4093 1142 4156 mendicans
1166 4092 1204 4156 ab
1228 4093 1404 4155 Alexandro

871 4199 897 4260 E
920 4199 1009 4261 Dolio
1033 4200 1217 4263 conductitio

625 4307 682 4368 boc
706 4325 791 4369 suum
815 4305 1043 4386 philosophema
1066 4306 1148 4368 misit
1172 4314 1204 4368 et
1228 4303 1456 4368 commendavit.

454 4431 542 4480 Finem
559 4431 639 4482 lactat
656 4430 744 4480 harum
772 4429 899 4480 literarum
926 4429 1135 4494 praelationlsque
1161 4435 1262 4480 nostrae
1289 4428 1365 4492 ipsius
1385 4426 1570 4487 „iudicium
1588 4420 1713 4489 Ksplsri

365 4502 627 4567 Astrologicum‘*
647 4501 712 4566 qnod
732 4500 779 4561 „ds
808 4499 937 4551 affectibus
955 4499 1041 4552 Novas
1060 4499 1169 4552 Stellas⁴⁴
1190 4501 1222 4550 sd
1240 4499 1417 4564 imperatorem
1441 4497 1645 4564 {ludolphum
1666 4505 1712 4558 pct-

364 4583 468 4646 reapse
504 4582 643 4645 sempsit
659 4581 783 4645 Koprates
800 4571 858 4631 tuh
878 4579 1019 4643 quaiso&
1053 4571 1218 4651 Exemplar
1250 4571 1355 4650 scripti
1388 4571 1467 4649 quod
1496 4569 1593 4634 obtuli
1619 4568 1652 4632 S.
1682 4561 1711 4624 C·

364 4661 418 4722 Mat
461 4679 539 4722 anno
565 4656 659 4724 1606.
683 4679 786 4724 mense
811 4661 905 4740 Majo.

454 4849 484 4914 ⁴¹)
503 4851 639 4915 (cramus
656 4851 753 4904 inclusa
770 4852 823 4917 ipss
841 4851 965 4918 Ksplerus
984 4847 1094 4915 delerit)
