3700 5530
322 303 388 370 340
815 303 988 354 astronomiae
1006 301 1068 354 Para
1087 302 1186 370 Optlcs.

321 485 418 547 induit,
434 483 476 536 ita
489 483 585 536 eadem
599 496 686 550 opera
700 487 833 536 cometam
848 483 928 554 quasi
943 483 1129 553 quiescentem
1148 481 1308 536 circumiens
1330 474 1407 550 (nam
1421 481 1481 552 ipse
1495 482 1555 536 fere
1571 487 1684 536 tanturn

321 564 350 618 in
371 565 459 618 latum
480 562 570 618 tendit
589 563 643 616 bac
663 560 864 632 suppositione)
886 564 1003 618 eandem
1023 561 1064 616 illi
1087 561 1206 632 speciem
1232 561 1373 616 circularis
1395 567 1484 616 motus
1511 562 1681 616 conciliabit

320 646 366 700 Ita
386 644 434 698 illc
455 641 670 714 Regiomcntani
691 649 811 698 cometes
831 641 861 696 in
880 642 956 698 linea
975 650 1054 698 recta
1074 660 1089 696 e
1111 642 1321 711 profundissimo
1342 643 1457 698 aethere
1477 649 1594 712 propter
1614 643 1681 698 'l'er-

321 741 381 780 ram
408 724 496 788 latus,
528 722 659 794 illamque
690 724 833 778 admodum
864 722 1018 794 propinque
1046 720 1233 792 praeteriens,
1264 722 1477 792 pulcherrimam
1507 722 1681 778 occasionem

320 803 443 860 inveniet
462 820 516 858 uuo
543 802 586 858 die
607 802 635 856 in
665 803 753 857 medio
779 803 961 873 apparitionis
984 805 1021 858 40
1042 805 1146 874 gradm
1173 802 1267 857 circuli
1288 802 1383 873 magui
1411 802 1586 866 mandendi,
1613 811 1680 859 aute

321 892 351 938 et
370 889 435 955 post
453 882 655 954 perexiguum:
685 883 732 937 ubi
753 889 782 936 et
803 899 888 938 causa
908 882 1033 953 patebit,
1062 899 1111 937 cur
1131 884 1221 936 cauda
1241 883 1289 937 illc
1315 882 1447 953 temporis
1469 884 1602 948 articulo,
1626 901 1680 957 quo

320 972 379 1020 tam
399 964 484 1018 velox
504 969 614 1018 cometa
635 961 702 1028 fuit,
726 963 779 1017 50⁰
800 964 827 1016 in
848 963 1021 1036 longitudine
1042 963 1213 1034 aequaverit.
1251 963 1306 1016 Per
1327 961 1374 1017 22.
1397 963 1490 1034 quarti
1511 963 1680 1024 Vitellianis.

399 1045 460 1098 Hoc
480 1045 524 1098 usi
544 1041 709 1098 adminiculo
738 1043 847 1113 quidam
868 1046 901 1097 de
923 1044 1009 1097 stella
1029 1043 1093 1098 anni
1119 1043 1203 1098 1572.
1229 1043 1415 1106 affirmarunt,
1438 1049 1514 1098 motu
1534 1045 1678 1100 rectilineo

320 1127 348 1179 in
368 1125 532 1196 profqndum
553 1123 675 1178 aetheris
695 1129 846 1194 receptam,
869 1129 1034 1194 argumento
1053 1123 1099 1177 usi
1126 1124 1309 1177 decrescentis
1337 1123 1549 1194 magnitudinis,
1577 1127 1677 1195 quibus

320 1205 428 1276 quidem
450 1207 476 1260 4.
499 1211 529 1258 et
553 1203 616 1257 132.
639 1203 731 1274 quarti
752 1203 912 1258 Vitellionis
934 1205 1082 1259 seruiebat.
1119 1205 1220 1258 Verum
1242 1202 1334 1274 optice
1355 1204 1463 1274 quidem
1483 1212 1559 1260 recte
1580 1205 1630 1270 illi,
1653 1206 1678 1260 si

319 1293 445 1340 assumta
458 1285 512 1339 illis
528 1300 580 1338 sua
593 1284 779 1339 concesseris:
801 1290 923 1338 ceterum
937 1301 1008 1355 quae
1023 1290 1121 1338 contra
1134 1284 1230 1354 Tycha
1245 1285 1338 1338 Brabe
1352 1284 1424 1337 libro
1439 1285 1460 1338 l.
1489 1286 1678 1356 Progymnas-

319 1372 422 1421 matum
438 1365 624 1435 disputaverit
637 1383 674 1420 ex
688 1365 750 1420 aliis
771 1364 893 1419 scientiis
908 1365 996 1420 solido
1011 1370 1041 1418 et
1053 1381 1157 1436 magno
1173 1363 1287 1434 judicio,
1311 1380 1346 1418 ea
1360 1363 1421 1418 ride
1436 1367 1511 1434 apud
1527 1373 1678 1420 auctorem.

877 1633 1118 1648 -ss———u

886 1903 1007 2002 Caput
1031 1901 1101 1976 XI.

438 2083 495 2148 Dc
525 2081 701 2165 confictore
717 2039 940 2144 ‘commone
971 2081 1201 2144 diametrorum
1223 2078 1312 2144 Solio
1334 2089 1364 2145 et
1385 2082 1500 2146 Luam
1527 2091 1557 2144 et

789 2169 1002 2251 deliquio-nm
1029 2169 1201 2253 utmlcoque.

406 2331 600 2394 Problema
620 2330 646 2392 I.
689 2330 975 2392 lustramentum
998 2329 1209 2409 eclipticum
1232 2337 1459 2393 construere.
1497 2327 1601 2392 Scene
1618 2329 1677 2394 aab

318 2421 367 2484 dio
386 2419 521 2500 erigatur
538 2419 647 2500 pannis
667 2417 761 2499 nigris
782 2418 987 2498 totuplicibus‚
1009 2438 1046 2482 ue
1066 2419 1137 2500 quid
1158 2419 1232 2482 lucis
1251 2419 1404 2500 irrumpat.
1439 2417 1474 2482 si
1494 2417 1568 2482 haec
1588 2418 1678 2482 deest

315 2509 522 2582 commoditas,
536 2508 680 2572 conclave
696 2507 826 2589 eligatur
840 2508 1000 2572 obversum
1014 2507 1043 2570 in
1057 2508 1188 2589 plagam,
1204 2509 1283 2572 unde
1298 2506 1379 2571 Solis
1395 2509 1532 2572 defectus
1547 2514 1675 2588 specta-

316 2599 415 2664 bitur:
440 2599 482 2662 sit
504 2597 572 2662 huic
596 2597 732 2661 conclavi
754 2597 855 2677 paries
879 2616 938 2660 non
961 2615 1094 2667 crassus,
1119 2598 1168 2678 qui
1183 2593 1345 2661 fenestram
1364 2597 1531 2679 praebeat:
1555 2596 1674 2677 possit·

318 2708 375 2771 que
399 2708 466 2752 cum
490 2688 565 2750 baec
589 2688 810 2750 fenestratum
834 2686 1054 2750 omnesrimae
1084 2687 1217 2750 obturari
1251 2694 1356 2750 contra
1385 2687 1461 2750 lucis
1493 2687 1672 2765 ingressum.

315 2779 433 2841 Deinde
457 2778 561 2858 regula
585 2777 726 2841 fabrefict
749 2783 880 2857 quantae
904 2776 967 2838 lieri
989 2783 1093 2857 potest
1116 2776 1318 2855 longitudinis,
1344 2776 1430 2856 cnjus
1453 2776 1551 2839 lineae
1571 2795 1674 2838 omnes

314 2876 417 2932 rectae
442 2868 513 2942 sint,
538 2865 694 2930 crassities
719 2873 862 2948 quantam
886 2883 971 2927 asser
994 2865 1154 2928 dedolatus
1178 2867 1319 2945 praebet,
1344 2866 1474 2929 latitudo
1499 2865 1672 2945 semipedis.

312 2955 361 3020 Ea
383 2957 428 3020 sic
452 2964 588 3038 aptetur,
621 2964 656 3018 ut
686 2955 756 3036 qula
785 2955 886 3017 flexile
914 2961 963 3016 est
986 2954 1115 3034 lignum,
1149 2955 1177 3016 in
1201 2956 1323 3017 dorsum
1347 2954 1515 3029 incumbat,
1540 2962 1572 3018 et
1595 2954 1674 3018 inter

315 3048 418 3128 capita
441 3048 506 3110 loco
530 3045 719 3117 intermedio,
742 3063 799 3124 quo
823 3043 919 3106 minus
943 3045 1093 3107 flectatur.
1140 3044 1185 3106 At
1207 3063 1303 3126 neque
1326 3044 1356 3106 in
1381 3045 1479 3108 medio
1503 3043 1670 3107 latitudiuis

313 3137 499 3218 perforetur,
533 3153 570 3196 ne
594 3134 772 3198 imbecillius
797 3134 909 3196 facturn
942 3133 1099 3213 frangatur
1128 3152 1182 3195 suo
1214 3135 1356 3214 pondere.
1404 3133 1484 3205 Quin
1508 3134 1605 3215 potius
1628 3131 1668 3196 ad
1754 3181 1758 3188 .

315 3226 425 3290 lineam
450 3224 545 3299 dorsi,
579 3223 626 3285 cui
658 3223 856 3286 incubituram
880 3229 941 3296 est,
971 3230 1128 3286 coassetur
1160 3224 1331 3297 trabecula,
1360 3231 1394 3286 ut
1417 3225 1447 3288 iu
1470 3222 1669 3287 coassaticuls

314 3315 397 3377 linea
424 3321 559 3376 centrum
593 3311 747 3374 foraminis
776 3331 829 3374 seu
862 3311 1037 3374 matriculae
1069 3313 1211 3374 constitui
1238 3314 1346 3393 possit
1393 3314 1573 3377 Matriculae
1597 3329 1670 3376 suus

317 3403 453 3466 aniculus
475 3401 527 3464 sit
574 3401 691 3464 Deinde
715 3401 768 3464 fiat
791 3401 949 3463 colomella
972 3401 1125 3464 versatilis
1148 3421 1237 3482 super
1260 3423 1332 3478 axe,
1366 3403 1395 3466 iu
1424 3423 1540 3468 summo
1570 3401 1670 3481 bifida,

315 3501 349 3557 ut
371 3493 481 3556 fissura
504 3489 673 3556 crassitiem
696 3490 819 3569 regulae
842 3490 990 3569 excipere,
1015 3490 1179 3568 perforata,
1205 3499 1238 3554 ut
1262 3493 1366 3556 eodem
1389 3511 1455 3556 cum
1478 3493 1584 3574 regula
1602 3493 1672 3558 axi-

315 3583 382 3646 culo
405 3581 506 3662 trajici
529 3579 637 3660 possit.
681 3578 859 3651 Trabecula,
879 3579 909 3640 in
925 3597 985 3659 qua
998 3579 1157 3644 matricula
1179 3582 1370 3644 columellam
1393 3581 1556 3662 excipiens,
1580 3582 1672 3662 tignis

317 3671 496 3754 aequalibus
519 3669 589 3732 binc
612 3669 680 3732 iude
704 3667 901 3731 transversim
919 3668 1112 3748 surgentibus
1130 3671 1320 3733 colomellam
1343 3671 1373 3734 in
1397 3673 1442 3735 sui
1466 3673 1672 3749 (trabeculae)

313 3760 527 3844 perpendiculo
551 3766 704 3830 statuant,
733 3777 808 3820 cavo
832 3757 987 3838 complexu
1011 3758 1199 3820 columellam
1223 3767 1352 3823 teretem
1375 3762 1404 3822 in
1428 3762 1550 3827 sublimi
1572 3762 1672 3826 inclu-

315 3853 422 3916 dentes
445 3855 514 3923 tae).
554 3848 631 3912 Huic
647 3847 820 3912 trabeculae
835 3855 898 3908 trec
913 3846 991 3910 aliae
1007 3846 1167 3924 socientur,
1187 3857 1221 3911 ut
1235 3869 1274 3912 ex
1287 3850 1424 3914 omnibus
1438 3851 1492 3914 tiat
1504 3853 1670 3932 parallelo-

314 3959 478 4020 grammum
511 3939 738 4018 rectangulum‚
770 3937 836 4000 loca
861 3936 963 4000 circuli
986 3936 1187 4001 azimuthalis.
1235 3937 1337 4020 Capiti
1360 3961 1431 4004 vero
1454 3945 1673 4020 columnae,a

314 4051 372 4112 quo
397 4029 463 4092 axis
487 4028 517 4089 in
540 4028 728 4092 trabeculam
756 4025 832 4100 exit,
866 4025 1071 4088 committatur
1094 4033 1125 4088 et
1148 4036 1305 4092 coassetor
1328 4037 1493 4097 transtrum
1514 4034 1545 4097 in
1566 4053 1672 4098 aarum

313 4119 506 4201 planitierum
529 4116 705 4181 columellae
725 4115 832 4190 altera,
856 4115 933 4195 quae
949 4115 1084 4178 fissuram
1104 4115 1197 4180 habet
1220 4137 1320 4198 supra,
1346 4130 1378 4182 et
1394 4122 1593 4186 confibuletur
1614 4124 1672 4186 boc

316 4227 432 4290 quoque
456 4214 622 4270 transtrum
651 4205 827 4268 columellae
855 4203 1068 4280 transversali,
1103 4213 1137 4267 ut
1160 4214 1244 4268 recto
1268 4211 1377 4289 angulo
1400 4211 1559 4275 columella
1582 4221 1672 4276 trau·

312 4307 378 4359 stro
400 4296 578 4359 cohaereat:
602 4301 636 4356 et
659 4301 825 4358 transtrum
848 4293 1130 4374 parallelogrammo
1154 4295 1328 4360 incumbens
1347 4299 1373 4362 si
1393 4309 1560 4378 moveator,
1584 4304 1670 4366 colu-

312 4385 436 4448 mellam
458 4391 629 4448 convertat.
675 4383 853 4446 Transtrom
882 4381 1066 4461 longitudine
1091 4383 1132 4445 sit
1154 4385 1279 4461 idonea,
1304 4388 1334 4450 in
1358 4389 1455 4452 medio
1481 4400 1615 4466 exemtn,
1638 4399 1672 4454 ut

313 4473 484 4538 crassitiem
509 4475 631 4553 regulae
655 4473 714 4534 bac
743 4473 851 4533 fissura
879 4471 981 4550 capiat
1012 4473 1176 4554 regulaque
1208 4493 1274 4538 cum
1297 4484 1433 4543 transtro
1458 4485 1490 4542 et
1513 4481 1672 4544 columella

314 4562 556 4625 circumferatur:
588 4561 734 4643 simulque
757 4561 862 4640 regula
885 4577 989 4621 versus
1013 4561 1158 4623 verticem
1183 4563 1257 4644 erigi
1281 4574 1334 4629 aut
1357 4587 1463 4633 versos
1487 4569 1671 4634 horizontem

314 4651 432 4713 demitti
459 4650 574 4732 possit,
609 4656 751 4732 quantum
774 4648 856 4711 Solis
890 4647 1019 4711 altitudo
1051 4649 1107 4712 sub
1134 4651 1313 4734 principium
1345 4663 1377 4719 et
1403 4658 1493 4722 mem
1521 4660 1671 4742 eclipseos

312 4739 458 4820 postulat.
505 4739 672 4820 Propterea
695 4747 727 4800 et
749 4737 939 4800 columellam
961 4745 1026 4800 tam
1048 4739 1143 4802 altam
1166 4760 1233 4804 csse
1258 4746 1416 4820 convenit,
1449 4755 1483 4810 ut
1505 4749 1673 4830 parallelo-

311 4843 479 4908 qrammum
507 4828 643 4910 regulam
669 4827 809 4909 nuspiam
836 4825 997 4908 impediat,
1028 4833 1063 4892 et
1089 4837 1256 4896 manebam
1280 4841 1346 4898 am
1369 4835 1492 4916 longum
1513 4838 1671 4920 ipsamque
