3674 5538
665 265 696 318 a·
713 266 785 316 aaa·
803 265 906 330 opaca
1425 265 1467 334 73

159 441 246 506 daban
264 441 336 502 circa
358 441 473 524 aliqua.
523 441 675 506 Primum:
700 441 801 504 nescio
826 459 884 521 qua
903 460 970 502 cum
994 441 1073 504 linea
1096 443 1222 523 angulos
1247 445 1302 506 tibi
1326 445 1471 508 formetur

160 529 305 603 incidentiae,
330 549 398 592 num
423 532 467 592 sit
492 531 518 592 is
543 533 670 610 angulus
692 531 772 592 inter
796 530 977 592 incidentem
1002 540 1033 592 et
1056 532 1177 611 planum
1201 533 1231 594 in
1256 534 1334 614 quod
1356 534 1470 608 incidit,

160 641 185 682 au
208 618 270 680 inter
298 619 482 682 incidentem
515 628 548 683 et
578 619 854 700 perpendicularem
878 619 970 698 ¹illius
1001 620 1096 699 plani,
1132 628 1165 682 ut
1188 621 1315 684 Vitellio
1348 623 1472 702 posuit?

158 706 241 771 llcinde
267 707 436 770 maluissem
467 727 505 770 ex
534 716 604 772 ae're
636 709 815 771 incidissent
846 727 949 769 omnes
978 708 1053 769 radii
1077 708 1107 769 in
1141 710 1235 772 densa
1267 712 1377 790 angulo
1401 707 1471 774 30⁰.

157 795 245 856 lertio:
264 814 331 874 rogo
346 797 494 876 majorem
509 797 539 858 in
554 797 681 872 modom,
706 805 739 859 ut
753 796 879 877 primurn
903 796 1140 872 incidentiarnm,
1160 799 1339 877 praesertim
1355 799 1405 860 ubi
1421 819 1473 860 re-

156 881 282 946 tractiones
303 885 454 947 maximae
478 885 626 966 incipiunt
649 906 726 956 esse,
750 885 937 966 quantitates
959 885 1172 948 refractionum
1196 888 1377 966 perscribas.
1424 887 1474 950 Ex

154 971 252 1032 uomens
272 972 365 1054 longis
380 973 429 1036 vis
449 994 496 1036 me
513 974 549 1036 de
564 975 689 1037 raritate
706 981 736 1036 et
752 975 901 1036 densitate
921 972 1067 1052 judicare.
1104 973 1170 1054 Ego
1196 995 1265 1038 voro
1281 976 1318 1037 de
1341 976 1474 1055 pondere

154 1059 203 1122 inde
218 1059 324 1138 judico,
356 1062 394 1124 de
420 1063 574 1126 densitate
597 1065 784 1137 titubanter3
809 1083 866 1124 non
896 1069 967 1122 sunt
990 1063 1067 1125 enim
1092 1064 1206 1139 omnia,
1231 1065 1310 1144 quod
1338 1065 1477 1127 videntur

153 1169 232 1209 crasso
251 1157 347 1211 nostro
371 1151 461 1226 visui,
487 1153 682 1230 homogenea.
730 1149 810 1223 Quid
834 1151 860 1213 si
884 1151 961 1212 enim
986 1151 1016 1212 iu
1046 1153 1188 1232 crystallo
1218 1153 1311 1214 insint
1339 1161 1476 1213 ramenta

153 1237 275 1298 metallica
300 1239 480 1313 invisibilia,
521 1240 625 1320 quibus
652 1242 769 1321 pondus
800 1246 940 1320 augetur,
974 1239 1078 1301 umbra
1101 1241 1193 1304 radiis
1231 1241 1417 1315 obtenditur,
1444 1249 1477 1302 ut

153 1325 307 1388 obscuriores
330 1335 495 1391 transeant
517 1349 606 1409 quam
619 1349 673 1410 per
697 1329 863 1392 electrum?
886 1328 955 1388 Etsi
973 1328 1001 1388 in
1019 1329 1130 1390 electro
1148 1330 1210 1392 alia
1224 1348 1316 1392 causa
1340 1329 1476 1391 obscuri-

154 1413 209 1474 tatis
228 1416 354 1490 accedat,
381 1419 463 1497 quod
488 1418 668 1480 colorantur.
714 1420 781 1480 Hac
804 1417 928 1479 inducta
956 1417 1125 1496 suspicione
1149 1419 1213 1498 jann
1235 1438 1312 1501 pene
1341 1417 1475 1480 dissolvo

154 1515 214 1564 cnam
234 1504 429 1583 objectionem
451 1506 489 1567 de
514 1507 672 1570 contrariis
692 1506 925 1571 retractionibus
950 1505 1008 1585 legi
1033 1506 1178 1572 hactenus
1202 1508 1345 1571 creditae.
1383 1508 1478 1568 ¹Inest

152 1591 235 1670 qnippe
256 1594 361 1656 occulti
387 1595 460 1674 quid
484 1595 514 1657 in
538 1596 721 1675 corporibus,
747 1596 826 1677 quod
850 1594 1000 1657 diversum
1024 1597 1094 1678 quid
1118 1607 1168 1660 est
1189 1619 1208 1660 a
1230 1600 1371 1679 pondere,
1397 1595 1476 1675 quod

151 1679 189 1742 illa
206 1683 354 1761 perspicua
386 1682 479 1759 facit,
515 1691 545 1746 et
567 1684 652 1763 cujus
685 1705 778 1747 causa
813 1683 1038 1765 perspicuitatis
1071 1705 1197 1768 corpora
1219 1689 1315 1752 densa
1337 1685 1385 1746 vel
1407 1702 1477 1746 rara
1591 1703 1592 1708 ¹

151 1778 209 1831 cut
250 1769 387 1834 Clarius:
418 1771 560 1851 ponderis
588 1793 681 1835 causa
709 1781 757 1835 est
783 1793 840 1836 non
870 1774 938 1835 sola
967 1773 1127 1838 multitudo
1154 1778 1354 1858 materiacin
1382 1789 1477 1851 parvo

152 1857 199 1918 loco
218 1865 246 1920 ct
265 1879 390 1939 corpore
415 1861 609 1940 homogeneo,
636 1861 796 1924 sedetiam
815 1859 958 1924 admixtio
982 1862 1247 1944 heterogeneorum
1271 1861 1474 1931 invisibilium·

150 1947 256 2028 Utraque
278 1950 401 2031 quidem
424 1968 519 2013 causa
547 1951 712 2030 participat
735 1951 772 2011 de
796 1949 944 2012 communi
976 1950 1145 2016 densitate:
1176 1956 1230 2018 sed
1253 1959 1334 2021 illius
1357 1950 1475 2012 nomine

150 2037 308 2116 perspicuum
336 2058 450 2120 corpus
478 2057 567 2101 unum
597 2039 713 2103 censeri
739 2047 857 2128 potest,
886 2041 973 2119 hujus
1003 2043 1121 2106 nornine
1149 2047 1338 2127 perspicuum
1368 2057 1477 2119 corpus

150 2130 222 2192 nuta
240 2137 294 2192 est

216 2219 308 2280 Aliam
332 2216 429 2280 struis
454 2213 662 2294 objectionem,
688 2233 740 2278 cur
762 2217 863 2279 radius
892 2236 950 2279 non
974 2226 1040 2282 toto
1068 2220 1200 2284 transitu
1229 2223 1421 2303 refringatur,
1446 2225 1479 2280 et

149 2307 216 2386 ingis
238 2325 281 2369 me
308 2305 498 2386 respondere
526 2303 562 2364 de
591 2305 736 2390 quaesito.
757 2305 923 2369 commodo.
968 2309 1035 2388 Ego
1062 2327 1133 2371 vero
1162 2318 1194 2372 ct
1221 2312 1374 2392 repudiavi
1404 2326 1477 2368 con-

150 2395 333 2458 siderationem
361 2393 433 2456 finis
461 2410 516 2454 seu
542 2391 610 2454 boni
635 2392 665 2454 in
694 2393 810 2472 legibus
839 2395 947 2473 opticis
974 2405 1006 2458 et
1034 2391 1155 2461 causam
1179 2401 1263 2475 dedi,
1293 2420 1345 2464 cur
1368 2413 1477 2474 super-

149 2483 211 2546 icies
235 2485 398 2563 refringat,
430 2499 538 2560 corpus
562 2499 621 2542 non
641 2481 790 2562 refringat
813 2481 902 2562 (Opt.
926 2485 950 2559 I,
979 2483 1130 2560 10-1t).
1177 2493 1289 2552 Lucem
1313 2483 1478 2550 enim‘dixi

148 2591 289 2652 exgenere
313 2591 386 2634 esse
409 2569 566 2650 superficie
589 2569 848 2650 participantium,
873 2571 975 2652 itaque
1000 2595 1019 2636 a
1046 2577 1258 2656 superficiebus
1281 2577 1357 2657 pati,
1381 2595 1480 2638 nona

148 2661 316 2742 corpulentia,
346 2680 414 2724 cum
436 2677 475 2720 ea
498 2677 556 2719 nco
579 2658 743 2738 participet
765 2660 841 2739 ipsa.
874 2661 957 2741 Lege
980 2665 1106 2741 primum
1131 2674 1222 2746 caput
1240 2683 1324 2727 meac
1340 2663 1478 2744 Optices.

149 2749 182 2810 Tu
203 2770 266 2813 aero
295 2769 363 2812 rem
388 2749 427 2810 ad
455 2746 701 2810 contradictionis
728 2749 840 2811 bivium
863 2751 1014 2828 pertrahis
1042 2759 1075 2813 et
1101 2757 1212 2832 partim
1240 2753 1478 2833 argumentando

147 2837 237 2917 partim
265 2836 433 2919 allegoriis,
467 2835 667 2917 chymicorum
690 2836 720 2899 in
742 2856 871 2912 morem,
896 2838 1023 2902 ludendo
1047 2859 1094 2903 me
1119 2843 1158 2904 ad
1187 2850 1304 2904 atomos
1327 2847 1359 2903 et
1381 2859 1479 2902 vacua

68 2921 69 2926 ’
147 2935 250 2990 naturae
272 2927 418 3006 ablegare
442 2923 562 2986 videris.
608 2922 662 3000 At,
688 2927 766 3006 quod
794 2925 851 2988 tibi
877 2925 997 2990 videtur
1026 2928 1201 3004 absurdum,
1231 2930 1309 2991 idern
1337 2937 1478 3008 punctum

148 3015 232 3078 eodem
258 3014 386 3078 instanti
415 3020 448 3076 et
480 3012 684 3075 transmittere
718 3015 833 3077 radium
864 3022 896 3077 ec
924 3023 1128 3096 repercutere,
1160 3020 1192 3081 id
1215 3017 1288 3081 mihi
1317 3017 1478 3079 absurdum

68 3117 69 3122 ’
148 3123 192 3164 non
217 3112 270 3167 est.
316 3103 451 3166 Defendi
486 3102 542 3163 hoc
574 3109 681 3181 aperta
711 3104 916 3184 propositione
948 3103 1033 3181 (27.)
1066 3126 1132 3186 cap.
1162 3109 1186 3170 l.
1221 3105 1357 3187 Optices.
1404 3105 1479 3168 Luci

148 3192 221 3270 enim,
249 3194 306 3258 etsi
339 3191 542 3272 superficiem,
575 3189 635 3252 unci
658 3200 759 3254 tamen
783 3203 815 3254 et
845 3192 1026 3257 densitatem
1057 3197 1168 3272 tribui3
1202 3197 1287 3276 cujus
1320 3195 1421 3274 gratia
1448 3195 1477 3256 in

147 3281 277 3344 tenuiores
309 3283 386 3344 duas
419 3281 503 3342 luces
536 3279 663 3341 distrahi
695 3281 803 3361 possit.
850 3282 893 3342 Et
925 3285 993 3363 quid
1027 3284 1149 3347 absurdi
1178 3286 1219 3358 si,
1244 3303 1309 3346 cum
1334 3285 1376 3346 ait
1398 3303 1478 3344 mere

68 3401 70 3420 2
148 3369 217 3447 opaci
237 3380 344 3433 natura
367 3388 449 3432 mere
473 3375 676 3447 repercutere,
701 3388 781 3432 mere
805 3371 955 3450 perspicui
986 3373 1029 3441 (id
1060 3381 1121 3448 est,
1147 3373 1303 3454 superficie
1332 3371 1479 3446 carentis)

68 3475 69 3480 ¹
147 3474 209 3518 mere
230 3459 446 3532 transmittere,
471 3457 507 3532 si,
531 3457 661 3536 inquam,
686 3459 765 3538 quod
788 3466 836 3520 est
858 3458 1065 3524 intermedium
1089 3463 1169 3524 inter
1191 3481 1317 3542 opacum
1344 3468 1375 3525 et
1398 3480 1479 3523 mere

68 3575 69 3580 ι
147 3546 330 3624 perspicuam,
366 3553 401 3609 nt
429 3553 501 3607 sunt
529 3563 655 3625 corpora
685 3547 783 3609 omnia
814 3549 966 3627 pellucida
997 3551 1210 3632 superficiebus
1242 3551 1416 3618 terminata,
1450 3548 1478 3607 id

147 3635 237 3712 partim
260 3636 451 3698 transmittat
473 3633 578 3707 lucem,
604 3641 751 3714 quatenus
770 3637 970 3715 perspicuum,
994 3640 1106 3719 partim
1122 3637 1314 3719 repercutiat,
1334 3645 1480 3719 quatenus

148 3721 176 3782 dc
195 3743 285 3804 opaco
307 3722 476 3804 participat
497 3729 530 3784 et
553 3710 708 3802 superficie
731 3726 919 3788 terminatur.
1324 3729 1333 3740 ”
1531 3794 1534 3800 ,

216 3813 260 3875 De
293 3812 484 3874 coloribus
512 3818 545 3872 et
576 3811 667 3873 iride
700 3812 814 3874 differs·
833 3833 880 3876 me
908 3815 1074 3893 cupiditate
1104 3814 1225 3876 videndi
1256 3813 1376 3875 libellos
1400 3817 1479 3886 tuos,

148 3917 215 3977 qnos,
238 3902 369 3976 obsecro,
396 3900 471 3962 edas
494 3899 589 3979 primo
612 3918 728 3981 quoque
751 3908 896 3983 tempore.
943 3904 1023 3966 Nam
1046 3903 1083 3964 de
1107 3904 1180 3966 iride
1204 3901 1291 3962 video
1315 3920 1377 3962 reru
1402 3917 1480 3969 esse,

147 3995 173 4046 nt
190 3989 275 4067 dicis,
297 3997 329 4051 te
352 3988 492 4050 nimirum
517 3994 549 4050 ct
576 3987 689 4049 dixisse
712 3997 808 4052 totum
834 3991 871 4052 de
900 3999 988 4069 gutta
1011 3999 1042 4053 et
1069 3991 1142 4052 nihil
1173 4000 1275 4053 tamen
1302 3987 1480 4068 propalasse

68 4095 70 4132 ι
147 4077 211 4154 qnod
231 4079 268 4140 ad
289 4079 423 4142 colorum
447 4076 620 4138 essentiam.
666 4077 746 4140 Nam
769 4097 807 4139 ex
831 4098 887 4158 quo
907 4077 1019 4159 Optica
1042 4078 1284 4158 scripsi,aliqua
1307 4082 1338 4136 et
1361 4075 1426 4154 ipse
1450 4073 1479 4136 in

68 4151 70 4220 ἶ
148 4163 236 4228 melios
256 4167 389 4240 restitui,
425 4171 456 4226 et
478 4165 639 4244 perscripsi
669 4166 707 4227 ad
730 4174 761 4228 te
793 4166 994 4248 superioribus
1023 4167 1132 4240 literis,
1167 4186 1215 4230 mc
1238 4183 1360 4227 causam
1393 4182 1481 4224 arcus

68 4245 70 4304 ἶ
148 4256 320 4331 quamarcia
344 4252 443 4333 guttis
466 4253 602 4332 singulis,
625 4255 715 4333 plane
739 4261 773 4317 ut
796 4263 837 4330 tn,
864 4257 917 4316 sed
941 4264 973 4317 et
995 4274 1172 4335 componere
1204 4272 1325 4316 causam
1349 4252 1481 4313 colorum

149 4357 178 4400 ex
195 4361 362 4424 repercussu
385 4342 417 4403 in
449 4361 582 4403 concava
608 4342 763 4422 superficie
788 4352 820 4407 et
848 4345 1028 4408 refractione
1052 4343 1080 4404 in
1110 4361 1253 4405 convexa.
1300 4341 1407 4420 Itaque
1432 4339 1480 4400 liis

149 4427 245 4494 duobus
265 4432 338 4494 locis
361 4435 470 4492 tantus
491 4429 569 4490 inter
591 4448 646 4490 nos
670 4449 834 4495 consensus
858 4439 919 4507 est,
949 4453 984 4495 ac
1006 4432 1034 4494 si
1058 4432 1136 4492 alter
1159 4451 1197 4493 ex
1228 4428 1351 4490 alterius
1384 4427 1481 4489 literis

68 4561 69 4564 ,
150 4535 207 4577 scas
226 4519 450 4600 descripsisset.
497 4515 562 4586 Quo
585 4518 683 4598 magis
707 4527 739 4580 et
762 4529 814 4582 tua
837 4540 929 4602 opera
952 4529 983 4582 et
1006 4519 1168 4599 pleniorem
1191 4515 1417 4595 responsionem
1442 4515 1481 4576 ad

68 4621 70 4712 p
148 4605 252 4680 primam
275 4627 374 4670 meam
400 4605 569 4685 epistolam,
595 4607 621 4667 si
646 4609 723 4686 quod
747 4629 834 4687 spero
858 4627 934 4671 nunc
957 4609 1041 4670 vales
1064 4606 1179 4682 melios,
1205 4603 1353 4666 desidero.

218 4697 305 4759 Vale.
354 4697 479 4772 Pragae
503 4694 530 4754 d.
554 4693 584 4756 2.
610 4694 689 4773 Aug.
718 4693 810 4761 tuot.

216 4802 254 4853 Ad
269 4803 335 4856 haec
353 4797 538 4851 Harriotns
556 4799 639 4866 elapso
657 4803 756 4854 interim
775 4802 826 4856 lece
844 4803 940 4870 iawgrc
959 4813 1025 4850 anno
1042 4797 1109 4849 hanc
1126 4797 1153 4848 in
1170 4797 1269 4864 modam
1286 4795 1427 4860 respondit:
1452 4829 1455 4834 -
