3652 5532
739 312 821 380 cns
837 311 914 366 xxo.
1256 399 1258 406 Ι
1435 313 1498 380 roe

154 490 369 573 magnitudinis
400 489 648 568 circumstabant,
681 493 820 572 vulgares
849 499 948 554 tamen
976 491 1046 556 illae
1079 493 1197 555 inerunt
1220 499 1252 554 et
1274 491 1311 553 de
1331 491 1500 573 promiscuo

153 583 278 646 harum
302 599 436 654 numero,
458 581 541 644 nulla
562 583 675 662 proprii
697 591 797 646 ructus
819 581 979 646 nobilitate
1006 581 1148 662 insignes.
1195 581 1280 642 Haec
1302 589 1408 644 nostra
1428 599 1500 644 vero

153 671 184 734 in
206 669 336 734 medium
358 669 449 732 trium
472 671 657 750 superiorum
678 672 869 753 planetarum
891 689 959 735 sese
982 670 1118 751 ingessit,
1141 669 1218 732 Jove
1233 669 1378 732 etMarte
1402 671 1501 732 satel-

155 760 258 824 litibus
281 759 569 834 anteambalcnibus‚
584 759 717 823 Saturno
741 761 887 843 stipatore
907 760 1088 843 pedissequo
1107 778 1172 824 usa.
1210 759 1269 821 Illa
1287 759 1361 822 coeli
1384 767 1502 840 partem

156 849 372 921 duodecimam,
394 867 470 934 quae
487 849 619 913 aTaurc
637 849 723 930 signo
742 859 840 913 terreo
855 869 961 914 nomen
977 850 1078 921 babet,
1102 848 1270 928 occupavit,
1294 849 1376 910 nulla
1394 849 1501 930 plane-

156 948 253 1002 tarum
277 938 483 1020 conjonctione
505 956 578 1018 prae
601 939 711 1001 ceteris
725 947 796 1003 tuuc
819 940 963 1021 temporis
987 940 1152 1002 illustrem:
1176 938 1252 1000 haec
1266 938 1297 1000 in
1313 936 1398 1018 siguo
1415 937 1503 1017 igneo

157 1027 316 1108 Sagittarii
340 1026 467 1101 exarsit,
490 1025 520 1090 in
540 1047 597 1108 quo
620 1028 860 1092 celebratissima
882 1029 936 1093 illa
954 1027 1101 1091 revolutio
1126 1027 1236 1108 trigoni
1254 1026 1334 1108 ignei
1358 1025 1503 1107 superiori

156 1117 316 1180 Decembri
347 1123 498 1180 sumserat
528 1116 663 1193 initium:
693 1119 772 1202 quod
800 1137 857 1180 non
887 1119 946 1182 nisi
974 1126 1045 1200 poet
1071 1113 1138 1180 800
1170 1135 1313 1178 annorum
1343 1107 1520 1178 intervalla'

155 1207 218 1272 fieri
240 1212 352 1288 potest.
397 1206 456 1269 Illa
478 1205 603 1284 vulgare
626 1215 658 1270 et
684 1207 815 1287 ignobile
845 1215 963 1289 tempus
992 1207 1118 1284 invasit,
1152 1207 1237 1268 nulla
1262 1205 1407 1287 peculiari
1431 1214 1504 1267 uota

155 1295 291 1376 insigne:
315 1295 390 1358 haec
409 1294 516 1356 incidit
534 1295 565 1356 in
575 1271 650 1358 ⁸euru
667 1298 805 1379 praecise
825 1317 943 1374 acaum,
968 1315 1056 1380 qoem
1075 1295 1221 1374 astrologi
1242 1294 1374 1357 universi
1395 1294 1504 1375 trigoni

156 1385 237 1466 ignei
258 1384 403 1465 principio
436 1384 646 1468 creaturisque
673 1387 820 1468 prodigiis
851 1385 1031 1450 coelestibus
1063 1383 1303 1466 diligentissimis
1330 1382 1502 1465 praemoni-

157 1475 290 1540 tionibus
321 1473 531 1552 deeignarant;
563 1473 594 1536 in
622 1495 688 1537 eum
715 1477 863 1557 praeciae·
883 1494 1032 1551 mensem,
1066 1494 1123 1556 qno
1150 1491 1253 1536 meuse
1277 1473 1388 1536 Martis
1411 1473 1503 1534 stella

157 1563 272 1627 duobus
296 1561 496 1643 superioribus
513 1562 582 1643 ipsa
600 1582 714 1646 qnoque
733 1566 871 1641 accessit,
895 1585 1035 1648 magnam
1054 1563 1291 1645 conjunctionem
1306 1564 1342 1624 de
1359 1561 1503 1644 Cypriani

158 1652 295 1716 doctrina
317 1652 462 1732 impleus;
485 1651 514 1713 in
538 1669 605 1715 eom
628 1655 764 1736 praecise
788 1655 875 1730 diem,
899 1674 957 1738 qno
976 1655 1023 1717 die
1042 1655 1127 1716 Mare
1149 1661 1221 1735 post
1235 1651 1398 1715 Saturnum
1419 1651 1503 1731 prins

158 1749 330 1824 superatum
354 1739 444 1804 etiam
467 1740 574 1804 Jovem
599 1751 663 1806 erat
691 1755 865 1807 assecutus:
895 1744 965 1826 quid
988 1743 1103 1818 multis,
1128 1743 1157 1805 in
1181 1759 1246 1804 eum
1270 1742 1405 1822 praecise
1428 1739 1505 1802 coeli

159 1831 275 1906 locum,
310 1831 348 1892 ad
377 1848 463 1912 quem
495 1831 624 1894 omniurn
655 1833 874 1914 astrologorum
897 1833 992 1908 oculi,
1017 1850 1209 1912 congressum
1231 1830 1319 1893 Jovis
1343 1838 1375 1892 et
1397 1828 1505 1892 Martis

160 1929 380 2000 exspectantes,
405 1919 621 1998 dirigebantur.
666 1923 773 2005 Itaque
795 1924 877 2005 prior
899 1923 953 1984 illa
975 1881 1083 1985 tirundc
1105 1940 1163 1983 uon
1186 1920 1373 2001 praemonito
1398 1937 1504 2000 super·

158 2010 241 2074 veuit
263 2017 295 2072 et
316 2009 429 2070 velut
420 2009 600 2089 improvisus
623 2011 729 2099 hostis,
754 2012 908 2092 occupatis
927 2011 1009 2076 urbis
1032 2010 1157 2073 moeniis
1178 2010 1261 2091 prins
1283 2008 1311 2070 in
1332 2009 1396 2072 foro
1421 2027 1505 2070 corn-

160 2098 270 2181 paruit,
293 2117 383 2180 qnam
405 2096 488 2161 cives
512 2059 731 2180 expeditionem
754 2103 819 2183 ejus
844 2103 924 2164 lama
946 2101 1167 2183 percepissent:
1191 2105 1298 2160 nostra
1320 2113 1392 2160 vero
1416 2096 1505 2176 vulgo
1565 2171 1567 2174 .

160 2194 340 2268 exspectata
362 2208 381 2249 a
403 2187 492 2268 longo
522 2195 673 2269 tempore.
706 2209 796 2254 cum
792 2192 896 2254 multa
926 2191 1107 2254 solennitate
1136 2195 1168 2250 et
1193 2186 1367 2268 triumphali
1396 2203 1507 2267 pompa

159 2278 198 2342 ad
222 2277 303 2340 diem
329 2276 524 2340 constitutum
552 2286 601 2340 est
627 2279 776 2359 ingressa,
811 2299 892 2343 more
925 2278 1130 2361 praepotentis
1161 2277 1286 2359 alicujus
1310 2275 1505 2349 Monarchae,

159 2367 209 2450 qui
236 2365 424 2447 metropolim
457 2365 541 2446 regni
578 2367 726 2432 invisurus
765 2369 938 2454 praemissis
969 2369 1056 2448 louge
1089 2375 1182 2430 antee
1212 2366 1409 2428 metatoribus
1440 2365 1507 2426 loca

160 2456 319 2520 comitatui
342 2454 501 2536 designat:
524 2455 647 2538 jamque
669 2460 790 2542 purgari
818 2461 954 2540 plateae,
977 2459 1041 2539 jam
1070 2457 1185 2518 excitus
1208 2454 1375 2518 rumoribus
1399 2454 1507 2534 vulgus

159 2547 336 2620 discurrere,
357 2544 421 2624 jam
442 2545 528 2625 pueri
551 2565 650 2608 moras
673 2547 829 2623 incusare:
853 2567 920 2611 cum
943 2547 1089 2620 sarcinae,
1114 2563 1179 2608 cum
1203 2546 1338 2626 supellex
1362 2551 1508 2624 argentea

157 2636 222 2716 jsm
245 2634 375 2696 adsunt:
409 2652 479 2696 mox
501 2634 661 2697 subsecuto
685 2637 826 2719 principis
848 2637 1008 2710 comitatu,
1041 2636 1108 2696 dom
1136 2634 1224 2715 primi
1252 2642 1355 2714 portas
1379 2633 1509 2696 subeunt

8 2691 10 2732 i
60 2785 66 2797 ,
161 2741 357 2807 equorumque
376 2722 531 2804 ‚strepitus
563 2743 617 2805 per
654 2733 753 2789 strata
783 2727 898 2789 viarum
931 2733 963 2788 et
994 2724 1132 2789 lituorum
1174 2725 1297 2803 claugor
1334 2729 1508 2802 personant,

164 2812 255 2878 exciti
278 2811 408 2874 universi
431 2812 580 2876 fenestrae
611 2824 772 2896 occupant,
805 2817 925 2896 plateas
955 2816 1122 2894 complent,
1154 2813 1257 2896 pavidi
1283 2812 1407 2876 laetitia.
1424 2811 1509 2891 pueri

162 2910 342 2982 teneraeque
371 2903 499 2981 puellae.
549 2904 697 2967 Incedunt
728 2905 871 2968 sublimes
903 2905 933 2967 in
966 2904 1049 2984 equis
1080 2905 1186 2966 heroes
1217 2902 1325 2984 lidique
1359 2900 1507 2962 ministri:

162 2991 273 3054 lustrat
295 2990 390 3053 hianti
413 3009 463 3053 cre
487 2992 684 3075 sollicitisque
707 2995 801 3058 oculis
824 3011 1060 3076 unumquemque
1079 2991 1165 3074 plebs
1184 2990 1405 3070 contemplandi
1428 2988 1509 3068 regis

162 3081 270 3144 avida:
295 3077 420 3162 denique
438 3089 509 3160 post
522 3081 644 3162 longum
659 3102 766 3163 agmen
786 3083 881 3146 oritur
898 3081 1150 3167 tympanistarum
1169 3090 1200 3142 et
1215 3080 1378 3142 tubicinum
1401 3087 1508 3154 tunna,

161 3171 296 3252 sequitur
319 3178 501 3232 armatorum
523 3171 751 3236 venerabundus
774 3174 857 3247 ordo,
881 3191 1035 3235 cursorum
1059 3172 1182 3251 elegans
1205 3187 1243 3230 ex
1265 3178 1391 3250 utroque
1414 3169 1509 3229 latere

161 3259 348 3342 manipulus:
373 3258 403 3320 iu
427 3259 524 3321 medio
547 3258 628 3323 Rex
651 3280 797 3342 generoso
821 3263 988 3342 tripudians
1011 3261 1140 3335 caballo,
1165 3267 1306 3340 ostroque
1329 3257 1456 3336 insignis
1479 3263 1512 3317 et

161 3369 253 3414 auro·
277 3367 333 3411 nec
356 3347 517 3428 digitorum
539 3349 649 3412 indicio
668 3371 724 3414 nec
737 3351 1023 3432 interrogationibus
1038 3367 1133 3430 opus:
1158 3367 1212 3410 suo
1231 3348 1356 3430 quisque
1371 3345 1512 3428 privatim

163 3439 262 3504 animo
285 3437 350 3500 viso
374 3437 520 3500 satellitio
544 3438 637 3501 dicit:
661 3439 708 3503 En
731 3440 787 3503 tibi
809 3440 931 3503 tandem
955 3459 1042 3521 quem
1066 3437 1255 3501 desiderasti.

253 3527 339 3590 Talis
361 3525 454 3606 igitur
478 3527 535 3590 tuit
558 3529 708 3608 apparitio
731 3530 827 3592 nostri
850 3529 968 3592 sideris.

251 3614 368 3687 Quodsi
390 3615 461 3697 quid
484 3617 541 3679 lroc
564 3617 604 3678 ad
626 3635 688 3680 rem
711 3618 794 3694 lacit,
819 3619 911 3681 stella
933 3617 1002 3680 anni
1025 3615 1118 3680 1572.
1143 3615 1329 3679 sublimitate
1352 3611 1511 3674 claritate·

163 3725 220 3788 que
248 3725 304 3766 sua
330 3705 470 3785 (quarum
501 3705 555 3768 illa
584 3724 643 3768 non
676 3726 769 3788 passa
798 3717 847 3771 est
877 3709 960 3772 illam
993 3707 1142 3781 occidere,
1175 3704 1250 3767 haec
1275 3705 1312 3765 de
1343 3701 1391 3764 die
1421 3699 1512 3762 etiam

164 3793 300 3858 exhibuit
322 3793 557 3874 spectandam)'
548 3813 579 3858 ru
593 3795 675 3876 vulgi
698 3797 834 3877 primum,
859 3806 892 3860 ot
914 3797 1071 3878 plurimum
1086 3795 1141 3858 sub
1156 3793 1205 3856 dio
1224 3791 1385 3866 versantis,
1410 3789 1513 3850 oculos

164 3903 232 3946 sese
248 3882 384 3964 ingessit,
409 3890 526 3945 tantum
545 3901 604 3946 non
624 3903 695 3947 aare
713 3887 858 3950 vellicans
881 3887 1015 3968 singulos
1034 3887 1072 3948 ad
1092 3883 1137 3946 sai
1161 3880 1383 3964 spectaculum:
1407 3886 1512 3940 nostra

164 3973 241 4037 hate
264 3971 331 4037 aiiit
354 3991 411 4034 11⁸⁸
433 3971 685 4052 circumstantiis,
716 3996 783 4041 cum
805 3997 900 4058 neque
925 3978 987 4038 alte
1010 3974 1189 4064 pervaderet
1210 3978 1243 4033 et
1269 3968 1421 4051 proxime
1428 3966 1513 4030 inse-

65 4093 70 4102 ·
163 4069 304 4146 queretur
327 4059 461 4126 Solem'
452 4079 482 4123 m
510 4079 663 4139 occasum,
695 4067 861 4145 crepusculi
889 4059 1065 4128 claritudine
1093 4061 1329 4128 circumamicta,
1362 4057 1406 4120 uti
1435 4057 1514 4118 solet

162 4153 327 4234 Hesperus,
351 4157 585 4232 veneraturque·
602 4151 680 4215 inter
697 4155 812 4217 medio's
830 4156 981 4234 planetas,
1006 4151 1089 4234 quasi
1111 4169 1184 4213 nnus
1199 4167 1237 4211 ex
1255 4149 1373 4212 illorum
1391 4163 1513 4209 nurnero

163 4251 255 4317 esset,
280 4239 390 4303 nemini
412 4239 495 4320 prius
518 4258 609 4320 quarn
632 4241 739 4314 doctis,
762 4244 941 4324 praesertim
964 4243 1013 4325 qui
1037 4239 1251 4303 astronomiam
1274 4245 1306 4300 et
1323 4237 1513 4319 planetarum

165 4331 257 4394 eitum
280 4329 460 4402 didicerant,
481 4327 583 4410 potuit
604 4330 792 4396 innotescere
816 4332 1019 4415 novitatisque
1039 4349 1111 4394 suae
1134 4327 1297 4392 manifesta
1320 4326 1392 4390 tisri.
1416 4331 1513 4397 (comp.

163 4429 219 4486 vot.
238 4430 263 4494 1,
283 4445 307 4497 p.
326 4425 378 4479 473
400 4423 446 4488 se.)
501 4419 608 4500 Itaque
632 4421 753 4500 pulchre
776 4422 977 4486 Weidnerus:

430 4521 539 4599 Quippe
560 4525 762 4584 mathematicis
783 4530 841 4580 tam
861 4539 954 4578 rarum
974 4525 1004 4575 et
1023 4517 1116 4573 nobile
1136 4515 1245 4589 signum

320 4611 327 4622 '
428 4607 501 4663 Jora
521 4609 599 4664 dat
591 4605 729 4679 imprimis,
751 4623 806 4661 non
826 4601 1000 4660 observabile
1021 4599 1116 4672 vulgo.

252 4691 348 4796 HnJus
372 4713 488 4798 queque
512 4696 570 4758 loci
593 4695 713 4758 videtur
736 4711 802 4756 esse
827 4688 1013 4773 comparatio
1038 4687 1145 4750 sideris
1168 4685 1264 4750 nostri
1287 4704 1354 4749 cnm
1377 4681 1513 4746 cometis.

166 4775 245 4843 Sunt
267 4782 344 4848 enim
368 4783 419 4864 qui
441 4794 619 4849 cometam
642 4782 804 4865 appellent,
825 4780 1008 4854 Guntlrerne,
1023 4777 1178 4854 Mollerus,
1197 4777 1359 4847 Britnerus‚
1373 4763 1514 4838 Krabbus

165 4867 282 4932 etalii.
318 4869 579 4953 Etinveniuntnr,
602 4872 650 4964 qui
666 4891 701 4936 ec
719 4869 785 4952 ips'o
809 4879 919 4952 negent
942 4868 1062 4932 stellam
1085 4866 1252 4939 dicendam,
1275 4864 1353 4946 qnod
1375 4863 1514 4944 perierit:
