3648 5530
325 263 390 332 466
749 265 850 320 Liberae
868 265 971 332 Keplerl
990 267 1140 334 aliorumque
1158 273 1259 320 mutuae

416 443 478 508 Sed
503 443 578 508 satis
602 443 864 510 ratiocinationum
888 465 1031 512 mearum.
1069 445 1239 511 Audiamus
1262 446 1476 529 uuuoEpilogi
1499 446 1566 508 loco
1590 445 1689 508 etiam

327 533 460 597 Galilaei
491 534 752 598 ratiocinationem
786 555 823 598 ex
853 537 989 598 omnibus
1019 557 1096 618 quae
1134 537 1239 600 attulit
1270 537 1435 618 perspicilli
1467 535 1688 616 experimentis

326 631 522 686 exstructam.
570 622 622 686 Sic
645 625 695 686 ille
719 625 835 686 denuc:

417 713 563 788 „Mirifice
593 732 640 776 me
669 713 859 776 delectarunt
881 713 1005 775 ultimae
1030 723 1098 777 tuae
1130 715 1256 790 literae,
1290 714 1451 794 praecipue
1476 712 1525 776 ubi
1549 713 1587 774 de
1611 712 1686 776 illu-

327 803 401 864 stris
425 802 464 864 D.
480 800 653 864 consiliarii
673 800 817 866 Caesarei
841 804 879 866 D.
894 803 1069 866 Waclrherii
1092 804 1237 866 benevolo
1262 804 1292 866 in
1315 824 1363 866 me
1387 803 1487 866 auimo
1510 809 1687 866 testantur:

326 911 411 972 quern
432 910 488 970 ego
507 891 625 972 quidem
645 893 768 954 maximi
787 893 875 956 facio.
910 889 996 962 Quae
1017 895 1118 973 gratia
1136 913 1203 956 cum
1224 893 1292 954 iude
1317 893 1359 956 sit
1378 900 1455 966 orta,
1477 892 1555 973 quod
1576 891 1688 954 obser-

325 981 498 1042 vationibus
527 999 583 1060 ego
608 981 756 1043 nonnullis
786 982 959 1044 necessaria
982 983 1097 1044 ratione
1126 983 1330 1044 demonstravi
1360 982 1502 1044 conclusa
1525 981 1687 1062 quaedam,

328 1089 401 1150 quae
416 1070 480 1150 ipse
495 1070 609 1149 pridem
629 1089 683 1150 pro
698 1070 777 1132 veris
797 1071 960 1132 habuerat:
983 1072 1121 1151 utigitur
1139 1073 1216 1134 hauc
1232 1071 1303 1134 mibi
1322 1071 1545 1150 possessiouem
1566 1069 1686 1148 gratiae

327 1171 390 1220 tam
414 1159 526 1220 charae
548 1160 706 1221 firmiorem
730 1159 867 1234 efficiam,
893 1179 966 1239 rogo
991 1160 1034 1223 illi
1056 1161 1131 1224 haec
1156 1180 1240 1222 ame
1263 1161 1406 1222 nuncies:
1438 1179 1506 1220 esse
1530 1159 1603 1222 mihi
1628 1159 1686 1220 de-

330 1249 567 1310 monstrationes
591 1249 778 1310 certissimas
801 1249 831 1309 iu
855 1258 993 1329 promtu,
1026 1251 1119 1332 quod,
1143 1250 1233 1332 plane
1257 1257 1291 1312 ut
1313 1249 1377 1330 ipse
1408 1257 1510 1324 tenet,
1541 1249 1687 1328 planetae

329 1338 447 1418 quidem
471 1355 574 1400 omnes
598 1338 696 1398 lumen
721 1358 740 1398 a
765 1337 836 1399 Sole
870 1337 1033 1417 recipiant,
1065 1339 1123 1420 ipsi
1154 1359 1209 1400 sua
1239 1347 1348 1400 natura
1371 1357 1498 1418 corpora
1522 1337 1688 1398 tenebrosa

329 1436 361 1488 et
385 1445 497 1506 opaca:
535 1428 610 1488 fixae
641 1446 712 1488 vero
741 1427 850 1488 stellae
873 1427 994 1506 proprio
1018 1436 1050 1489 et
1072 1429 1202 1492 naturali
1226 1427 1336 1489 lumine
1359 1428 1592 1506 resplendeant,
1626 1445 1686 1486 uon

325 1516 498 1594 indigentes
514 1515 749 1578 illustrationes
772 1513 853 1578 Solis
877 1516 988 1578 radiis:
1013 1516 1122 1598 quippe
1146 1517 1205 1598 qui,
1230 1535 1267 1578 au
1292 1517 1330 1576 ad
1354 1515 1480 1578 lixarum
1504 1515 1687 1576 altissimam

327 1606 483 1684 regionem
506 1605 535 1666 iu
566 1612 652 1667 tauta
675 1605 766 1666 ctiam
791 1604 928 1667 claritate
960 1606 1153 1686 pertingant,
1191 1606 1336 1686 quantula
1368 1604 1509 1666 claritate
1542 1604 1611 1666 iude
1646 1605 1687 1664 ad

329 1713 384 1756 uos
418 1695 606 1756 descendunt
637 1695 763 1757 fixarum
799 1695 891 1767 radii,
932 1694 1015 1756 Deus
1053 1697 1146 1758 novit.
1207 1695 1403 1756 Potissimum
1441 1692 1687 1756 ratiocinationis

331 1802 416 1845 meac
442 1784 667 1844 fundamentum
690 1784 718 1844 in
743 1783 800 1844 hoc
823 1783 981 1858 consistit,
1006 1785 1174 1865 quodcum
1198 1783 1311 1846 oculari
1335 1784 1491 1844 evidenter
1513 1783 1686 1849 observavi,

327 1873 476 1952 planetas,
503 1881 535 1935 ut
559 1872 682 1954 quisque
707 1873 841 1952 quolibet
864 1882 998 1953 tempore
1022 1873 1109 1936 uobis
1133 1883 1164 1935 et
1188 1872 1253 1936 Soli
1276 1872 1400 1934 vicinior·
1424 1871 1523 1946 tuerit,
1548 1871 1593 1934 sic
1616 1891 1685 1932 ma·

323 1963 423 2041 jurem
447 1962 581 2041 recipere
605 1961 796 2041 splendorem
824 1970 855 2024 et
884 1961 1031 2024 illustrius
1065 1963 1191 2026 eundem
1223 1961 1434 2024 reverberare:
1472 1961 1575 2040 itaque
1598 1960 1687 2022 Mars

326 2051 497 2129 perigaeus,
521 2051 622 2112 Terris
646 2051 784 2112 nimirum
808 2049 1029 2125 vicinissime,
1059 2051 1216 2131 splendore
1240 2050 1348 2112 Jovem
1372 2068 1430 2110 non
1454 2049 1562 2128 exiguo
1588 2051 1686 2110 iuter·

325 2140 406 2200 vallo
434 2147 505 2218 post
535 2159 568 2200 se
601 2139 762 2220 relinquit,
787 2141 979 2220 quantumvis
1010 2141 1088 2202 mole
1112 2140 1247 2219 corporis
1270 2139 1338 2220 ipsa
1359 2137 1430 2200 Jovi
1465 2139 1553 2217 longe
1583 2138 1686 2200 cedat.

324 2229 471 2308 Adeoque
496 2227 616 2289 difficile
640 2235 688 2288 est
712 2227 908 2290 radiationem
932 2230 1010 2291 hauc
1033 2229 1143 2292 Martis
1167 2229 1279 2290 oculari
1303 2228 1462 2308 excipere;
1491 2235 1579 2289 tauta
1604 2226 1686 2288 euiru

326 2323 384 2390 est,
408 2325 444 2376 ut
465 2315 612 2396 impediat
631 2317 736 2386 visum,
762 2336 819 2397 quo
836 2319 933 2380 minus
955 2318 982 2380 is
1007 2319 1121 2382 discum
1136 2317 1269 2398 corporis
1284 2317 1393 2379 stellae
1407 2316 1540 2378 Martiae
1555 2316 1683 2378 rotunde

326 2405 517 2468 terminatum
540 2406 744 2468 internoscere
768 2408 873 2486 possit.
923 2409 956 2468 ld
987 2409 1017 2468 iu
1041 2408 1120 2470 Jove
1143 2426 1201 2469 uon
1225 2426 1281 2468 usu
1307 2405 1406 2479 veuit,
1439 2413 1567 2485 apparet
1600 2405 1681 2468 enim

324 2494 473 2574 exquisite
505 2495 669 2558 circularis.
720 2497 797 2558 Post
825 2497 903 2558 huuc
935 2496 1085 2558 Saturnus
1118 2503 1241 2576 propter
1274 2495 1400 2558 eandem
1434 2514 1521 2556 suam
1554 2513 1681 2572 eamque

324 2584 529 2663 longissimam
553 2585 747 2646 remotionem
772 2599 899 2665 apparet
923 2586 1115 2648 exactissime
1139 2584 1338 2656 terminatus:
1363 2591 1425 2646 tarn
1450 2583 1547 2662 major
1571 2583 1680 2661 globus

324 2673 353 2735 in
377 2673 476 2736 medio
500 2691 587 2754 quam
610 2675 687 2736 duas
712 2675 777 2753 ejus
801 2675 912 2754 pilulae
937 2676 1068 2738 minutae
1093 2675 1132 2736 ed
1157 2675 1263 2736 latera
1311 2673 1452 2754 Apparet
1470 2673 1550 2734 euim
1569 2670 1682 2734 lumiue

325 2763 466 2843 languido
491 2772 523 2824 et
546 2765 659 2839 fracto,
693 2764 759 2826 siue
781 2764 976 2826 irradiatione
1000 2765 1073 2840 tali,
1108 2783 1184 2844 quae
1208 2761 1352 2842 impediat
1384 2761 1560 2824 distinctam
1591 2761 1683 2823 trium

327 2851 391 2931 ejus
416 2853 728 2914 terminatissimorum
751 2853 939 2932 globulorum
962 2853 1242 2933 apprehensionem.
1290 2850 1367 2914 Cum
1399 2851 1492 2930 igitur
1523 2850 1681 2912 videamus

325 2941 457 3004 Martem
481 2943 517 3004 de
541 2943 707 3022 propinquo
732 2944 820 3004 valde
853 2942 1012 3022 splendide
1044 2942 1189 3004 illustrari
1221 2939 1355 3014 aSole,
1392 2938 1479 3002 Jovis
1511 2938 1685 3000 remotioris

325 3031 425 3092 lumen
449 3031 541 3092 multo
566 3049 633 3092 csse
660 3031 828 3109 languidius
854 3031 1072 3111 (quantumvis¹
1092 3031 1169 3093 citra
1199 3029 1392 3092 instrumenti
1410 3037 1509 3092 'usum
1543 3027 1619 3090 satis
1653 3027 1685 3090 id

327 3120 439 3179 clarum
464 3128 620 3198 appareat,
645 3121 675 3180 id
701 3121 779 3201 quod
803 3121 915 3182 accidit
934 3120 961 3180 ei
975 3127 1099 3199 propter
1114 3118 1350 3198 magnitudinem
1374 3125 1406 3180 et
1428 3119 1589 3180 candorem
1612 3135 1680 3180 cor·

327 3207 445 3287 poris),
476 3206 601 3270 Saturni
626 3209 819 3270 remotissimi
843 3209 1103 3289 languidissimum
1126 3215 1158 3270 ct
1181 3207 1275 3270 veluti
1307 3227 1449 3288 aqueum:
1481 3207 1569 3286 quale
1592 3213 1685 3285 putas

328 3299 454 3358 lixarum
477 3297 575 3358 lumen
606 3306 689 3358 esset
720 3298 942 3378 appariturum,
977 3318 1052 3378 quae
1086 3296 1228 3359 ineffabili
1261 3296 1420 3358 intervallo
1453 3297 1570 3375 longius
1595 3313 1687 3376 quau:

327 3385 476 3446 Saturnus
501 3405 519 3445 a
543 3385 614 3446 Sole
639 3386 758 3462 absunt,
784 3387 809 3450 si
833 3409 851 3448 a
875 3385 948 3449 Sole
971 3395 1088 3450 tantum
1117 3386 1360 3449 illustrarentur?
1401 3384 1532 3448 Omnino
1556 3383 1686 3446 debilis·

328 3475 446 3546 simum,
468 3474 619 3536 turbidum
644 3483 675 3536 et
699 3484 874 3538 emortuum.
912 3477 1007 3558 Atqui
1027 3477 1117 3555 pluue
1133 3475 1316 3538 contrarium
1336 3474 1515 3554 experimur.
1553 3474 1684 3535 Lustra-

328 3583 394 3625 mns
418 3563 496 3624 euim
520 3563 614 3625 oculis
638 3565 766 3645 exempli
790 3585 884 3627 causa
907 3567 1029 3628 stellam
1053 3563 1162 3639 Canis,
1196 3572 1333 3626 occurret
1363 3562 1450 3624 nobis
1481 3564 1580 3642 fulgor
1603 3562 1687 3622 vivi-

329 3652 486 3727 dissimus,
521 3654 570 3732 qui
603 3653 695 3715 veluti
728 3655 835 3734 pungit
867 3656 986 3716 oculum
1018 3673 1085 3716 cum
1112 3654 1281 3715 vibratione
1312 3653 1460 3714 radiorum
1492 3650 1689 3731 rapidissima

329 3741 408 3804 tanti
432 3742 563 3822 vigoris,
598 3751 631 3804 ut
660 3743 698 3804 ad
728 3744 812 3806 illum
836 3745 1003 3823 comparati
1028 3745 1186 3824 planetae,
1217 3749 1292 3822 puta
1313 3740 1435 3821 Jupiter
1458 3742 1583 3822 ipsaque
1608 3741 1687 3802 adeo

328 3833 443 3906 Venus,
469 3831 512 3893 sic
537 3832 759 3894 contundantur
782 3842 814 3895 et
837 3833 1057 3913 deprimantur,
1081 3841 1116 3894 ut
1138 3833 1247 3894 vitrum
1272 3831 1449 3894 vilissimum
1471 3839 1504 3892 et
1526 3831 1685 3910 impurum,

328 3929 537 4000 comparatum
572 3922 610 3982 ad
642 3922 842 3984 tersissimum
876 3933 907 3984 et
938 3921 1175 3985 illustrissimum
1212 3921 1413 3984 adamantem.
1469 3920 1511 3981 Et
1547 3919 1687 3999 quamvis

328 4010 437 4072 stellae
463 4007 555 4074 Oanis
590 4011 691 4072 discus
730 4029 788 4072 uon
826 4012 924 4092 major
957 4018 1105 4092 appareat
1137 4010 1386 4090 quinquagesima
1422 4009 1573 4089 particula
1609 4007 1687 4070 disci

327 4098 425 4172 iovis,
450 4098 542 4162 nihilo
567 4100 665 4162 secius
689 4101 819 4163 radiatio
843 4102 907 4180 ejus
932 4111 981 4164 est
1002 4101 1109 4180 ingens
1134 4107 1165 4161 et
1187 4099 1322 4162 violenta
1344 4099 1523 4174 admodum,
1553 4097 1630 4160 adeo
1653 4107 1689 4158 nt

328 4187 447 4268 species
480 4189 541 4250 ista
572 4189 647 4250 disci
681 4209 749 4252 sese
778 4190 859 4252 iutra
882 4191 982 4254 crines
1006 4190 1100 4252 veluti
1123 4188 1303 4250 radiationis
1327 4207 1399 4250 suae
1428 4189 1592 4256 recondat.
1627 4185 1686 4247 in-

328 4277 421 4356 plicet
443 4284 477 4338 et
495 4278 581 4358 quasi
596 4286 768 4354 evanescet,
794 4299 849 4341 nec
872 4281 930 4340 uisi
954 4299 1018 4341 oum
1043 4278 1221 4340 difficultate
1245 4277 1347 4357 aliqua
1371 4276 1559 4338 discernatur
1581 4297 1601 4337 a
1624 4274 1686 4336 cir-

329 4365 473 4426 cumfusis
507 4367 655 4429 crinibus:
693 4368 744 4430 ubi
774 4375 882 4431 contra
902 4367 1023 4449 Jupiter
1056 4375 1087 4428 et
1118 4368 1212 4430 multo
1245 4365 1343 4446 magis
1367 4364 1518 4428 Saturnus
1546 4365 1687 4426 videntur

327 4454 499 4528 terminati,
534 4456 584 4516 lux
617 4475 719 4518 eorum
751 4457 894 4536 languida
927 4467 959 4519 et
989 4464 1022 4518 ut
1049 4457 1094 4517 ita
1118 4456 1216 4518 dicam
1240 4455 1353 4535 quieta.
1400 4451 1595 4534 Quapropter
1618 4452 1687 4514 exi-

329 4541 419 4602 stimo
444 4552 526 4604 recte
551 4562 606 4606 uos
629 4545 904 4625 philosophaturus,
929 4546 954 4606 si
979 4564 1100 4607 causam
1125 4544 1351 4608 scintillationis
1370 4543 1495 4606 lixarum
1519 4544 1686 4604 referamus

329 4631 369 4690 ad
392 4630 591 4695 vibrationem
614 4635 784 4713 splendoris
808 4635 921 4714 proprii
945 4644 977 4695 et
1001 4633 1113 4708 nativi,
1149 4635 1178 4696 in
1212 4633 1415 4696 substantiam
1446 4651 1548 4694 eorum
1581 4631 1684 4693 insiti:

330 4717 465 4780 vicissim
488 4721 517 4782 iu
542 4724 699 4802 superficie
721 4725 912 4801 planetarum
946 4723 1079 4784 dicamus
1102 4723 1257 4786 terminari
1281 4723 1318 4784 de
1341 4721 1507 4802 propinquo
1532 4721 1685 4782 illumiua-

332 4805 444 4868 tionem
467 4807 561 4885 illam,
586 4831 662 4892 quae
687 4811 792 4874 aSole
806 4813 945 4874 derivata
958 4811 988 4874 iu
1005 4812 1146 4874 muudum
1162 4811 1306 4874 diditur.“
1338 4820 1402 4870 Fron.
1417 4819 1441 4869 a.
1456 4815 1501 4870 2⁰.
1515 4817 1591 4872 Mart
1608 4817 1686 4870 tttr.
