3700 5530
777 259 994 332 ww·
1500 273 1566 346 use

291 433 471 514 Huiusmodi
499 434 570 516 qnid
599 435 743 500 credibile
768 445 819 502 est
845 440 938 504 etism
968 439 1048 505 circa
1071 441 1174 508 Solem
1207 447 1270 510 beri
1301 469 1413 531 posse,
1445 454 1564 534 quando

204 523 291 585 Luna
314 521 374 602 ipsi
397 521 594 604 interjicitur:
627 532 662 587 ut
684 525 749 589 sive
773 533 841 600 abr,
874 529 939 593 sive
968 530 1060 593 etiam
1088 534 1233 598 aetherea
1263 539 1452 616 substantia,
1487 562 1564 622 qnae

206 630 263 674 uon
285 618 336 674 est
357 612 479 674 omnino
503 612 592 682 nibil,
621 613 675 676 sed
699 633 784 678 suam
809 635 926 699 quoque
954 619 1116 694 densitatis
1144 625 1293 690 rationem
1316 629 1422 706 habet,
1449 650 1468 692 a
1491 629 1563 694 Sole

206 701 357 764 illustrata
379 701 570 782 splendorem
592 703 762 783 concipiat,
788 706 838 785 qui
862 704 934 770 Sole
965 708 1117 771 occultato
1147 712 1242 776 lucem
1266 713 1404 780 Soletum
1437 737 1562 798 reprae-

206 795 325 852 sentet:
350 789 395 852 uti
418 807 510 871 supra
533 790 606 852 mibi
629 791 718 855 rubor
740 793 860 869 mese,
886 794 1012 858 absente
1036 796 1137 862 Solari
1160 799 1376 882 illustratione,
1402 809 1562 888 genuinum

203 877 307 940 Lunae
339 877 437 942 lumen
466 901 485 941 a
514 877 588 942 Sole
621 889 778 963 accepturu
809 882 970 948 videbatur
1001 904 1080 950 esse.
1105 888 1162 950 'ld

202 967 280 1029 enim
303 985 342 1028 ex
364 987 451 1048 prop.
476 964 529 1032 23.
563 969 672 1050 capitis
695 971 720 1033 1.
755 971 862 1034 deduci
894 980 997 1053 potest
1023 972 1053 1036 in
1083 975 1160 1039 hunc
1292 957 1346 1025 ΗΒ·
1368 955 1428 1008 ¹⁰⁰·

201 1057 331 1120 modum.
370 1055 489 1120 SitAB
512 1075 621 1137 corpus
635 1058 751 1135 Lunae,
772 1057 840 1137 CA,
854 1061 910 1124 DB
935 1061 1011 1125 radii
1034 1065 1162 1126 extremi
1203 1097 1215 1140 ι
1246 1080 1267 1122 1
1306 1075 1320 1124 o
1519 1096 1543 1138 ῃ

201 1144 335 1224 corporis
364 1143 482 1210 Solaria
518 1146 754 1210 determinantes
784 1149 890 1212 Lunae
924 1151 1059 1214 umbram
1092 1153 1160 1226 ΑΕ,

200 1233 270 1309 BF,
305 1233 458 1315 sitqnoG
487 1235 571 1298 locus
601 1235 632 1298 in
665 1237 821 1317 superficie
855 1239 967 1302 Terrae
998 1239 1031 1302 in
1062 1241 1162 1304 medie

199 1322 306 1386 umbra
318 1323 432 1386 Lunae.
469 1323 640 1405 Ejiciautur
655 1322 715 1388 GK
730 1327 907 1406 contingens
926 1327 1029 1392 orbem
1044 1329 1159 1404 Lunae,

200 1419 233 1474 et
255 1409 333 1474 GHI
358 1412 511 1476 remotior.
559 1410 635 1477 Cum
667 1431 740 1494 ergo
768 1413 853 1478 inG
886 1417 1020 1498 conspici
1052 1419 1160 1498 possit,

200 1499 340 1582 quicquid
372 1509 422 1564 est
453 1499 606 1564 aetheriae
638 1503 829 1566 substantias
861 1505 943 1568 ultra
964 1505 1026 1570 ΚΔ
1055 1525 1160 1570 versus

201 1589 259 1665 lH,
283 1589 453 1653 illustretur
481 1608 553 1654 veru
581 1611 600 1652 a
623 1587 710 1668 Sole,
742 1591 881 1674 quicquid
909 1602 960 1656 est
991 1595 1072 1659 ultra
1096 1591 1159 1672 OE,

200 1695 272 1758 ergo
294 1677 446 1742 uidebitur
466 1675 549 1742 exG
572 1679 684 1761 aliquid
700 1700 719 1744 a
733 1677 808 1744 Sole
830 1681 1023 1746 illustratum.
1058 1681 1160 1755 Quare

200 1767 239 1842 (Ι,
265 1763 324 1842 23)
347 1767 614 1833 communicabitur
638 1769 684 1832 illi
707 1771 898 1835 substantiae
927 1773 1019 1854 (quae
1038 1772 1161 1853 ponitur

199 1874 267 1920 esse
290 1855 401 1920 coloris
423 1857 558 1921 nonnihil
582 1858 753 1940 particeps)
777 1860 890 1943 aliquid
914 1861 952 1924 de
973 1863 1042 1926 *luce
1065 1860 1159 1936 Solis,

198 1945 289 2026 idque
311 1944 444 2010 radiabit
466 1947 496 2008 in
519 1946 640 2028 plagam
665 1967 685 2009 a
707 1947 790 2012 Sole.
828 1947 916 2022 Quae
940 1969 1012 2030 ergo
1035 1957 1107 2013 sunt
1128 1950 1157 2013 in

198 2033 299 2115 spatio
322 2033 383 2098 ΚΔ
414 2035 599 2115 particulae,
632 2035 738 2100 fortius
772 2038 935 2102 radiabunt
960 2039 992 2102 in
1016 2037 1047 2101 G
1071 2056 1158 2119 quam

198 2141 274 2204 quae
306 2131 379 2186 sunt
409 2123 441 2187 iu
474 2124 576 2205 spatio
607 2125 669 2199 IH,
701 2125 773 2206 quia
808 2126 880 2191 illae
917 2125 1055 2191 rectioris
1087 2137 1159 2191 sunt

197 2211 375 2276 radiationis
413 2220 445 2275 et
482 2213 543 2294 ipsi
571 2211 625 2276 GE
657 2213 819 2280 radiationi
850 2214 952 2279 Solari
982 2215 1157 2297 propiores3

197 2299 274 2365 IHG
297 2319 368 2364 vero
390 2301 539 2384 obliquior
561 2310 611 2365 est
632 2303 672 2366 ad
696 2300 760 2366 GE.

285 2387 402 2462 Quodsi
425 2410 502 2472 qnae
523 2388 648 2456 Clasius
672 2393 702 2456 in
727 2392 832 2474 eclipsi
858 2392 929 2456 anni
947 2389 1041 2458 1567.
1069 2391 1154 2470 vidit,

197 2498 234 2542 ea
261 2498 300 2542 ex
326 2479 385 2542 hoc
412 2499 523 2559 genere
553 2481 721 2544 allectionis
754 2491 840 2545 sunt:
874 2501 999 2546 necesse
1028 2489 1091 2556 est,
1124 2490 1157 2544 et

197 2566 304 2634 Clario
318 2587 403 2632 snum
417 2569 540 2634 limbum
557 2569 688 2633 lucidum
712 2569 858 2652 paulatim
876 2589 983 2634 uersus
1004 2570 1157 2634 exteriora

196 2656 365 2759 dilutionem
388 2657 485 2721 visum
508 2677 591 2735 esse,
615 2677 671 2723 nec
694 2659 845 2740 exquisito
869 2659 998 2725 termino
1023 2659 1155 2722 exterius
1287 2691 1307 2734 ι
1339 2687 1357 2730 ε
1403 2691 1422 2736 1

197 2763 356 2828 insignem.

286 2831 395 2905 Quidsi
424 2853 495 2898 vero
524 2833 650 2899 Cluvius
673 2843 705 2898 et
729 2836 785 2900 boc
808 2843 910 2916 neget,
934 2834 1101 2917 videritque
1125 2834 1213 2916 plane
1238 2835 1368 2898 recisam
1392 2841 1424 2896 et
1448 2832 1551 2896 deter-

198 2923 346 2989 minatam
368 2924 443 2988 lucis
466 2925 619 3006 speciem?
641 2925 721 2988 Num
745 2925 837 2988 etiam
860 2924 890 2988 iu
914 2925 992 2989 bunc
1015 2931 1156 2988 eventum
1179 2925 1279 3005 parati
1303 2922 1429 2986 sumus?
1463 2921 1552 2985 Enim

197 3032 269 3078 vero
293 3012 320 3076 si
342 3013 399 3076 hec
421 3013 577 3078 uerissime
600 3013 700 3077 dicere
719 3014 818 3095 possit
835 3012 977 3089 Clarium
1001 3021 1065 3078 tum
1091 3014 1208 3077 demum
1231 3022 1264 3076 et
1288 3013 1385 3076 visum
1409 3031 1476 3074 esse
1494 3009 1552 3092 ipsi

197 3101 300 3166 Solem
323 3102 421 3182 ipsum
446 3101 529 3167 circa
558 3103 675 3168 Lunam
703 3104 880 3180 concedam,
905 3111 938 3164 et
960 3122 1070 3166 causas
1093 3101 1190 3184 magis
1214 3103 1343 3166 fortasse
1368 3101 1551 3182 geometrice

196 3209 286 3272 quam
319 3191 466 3254 hactenus
504 3191 679 3273 assignabo.
734 3192 874 3269 Etenim,
908 3191 979 3274 quia
1011 3210 1104 3275 supra
1136 3191 1234 3272 capite
1264 3191 1325 3265 Vl,
1356 3189 1430 3254 Nro.
1456 3186 1486 3254 9.
1516 3207 1552 3251 eo

196 3279 342 3343 audaciae
366 3299 433 3344 cum
454 3279 618 3344 Plutarcho
646 3282 863 3362 processimus,
896 3288 930 3344 ut
957 3281 1024 3344 ausi
1052 3279 1194 3344 fuerimus
1218 3281 1324 3342 Lunae
1352 3277 1552 3354 continentes,

196 3369 303 3444 maria,
327 3377 446 3432 montes
466 3377 498 3432 et
516 3370 612 3432 valles
631 3370 791 3446 ascribere,
816 3369 921 3451 quales
940 3369 1016 3432 haec
1035 3377 1139 3433 nostra
1153 3369 1255 3432 Tellus
1274 3369 1384 3432 babet:
1409 3375 1553 3450 quantum

197 3464 350 3539 superest,
385 3464 419 3521 ut
441 3465 473 3520 et
496 3465 597 3522 aerem
619 3458 725 3522 Lunae
757 3457 1044 3534 circumfundamus,
1078 3458 1175 3538 qualis
1198 3457 1265 3520 huic
1293 3468 1416 3520 nostrae
1439 3457 1552 3520 Terrae

197 3547 394 3610 circumfusus
417 3548 490 3610 est?
527 3548 610 3610 Tunc
640 3549 736 3624 enim,
769 3567 824 3612 nec
847 3547 879 3610 id
910 3554 1011 3610 tamen
1043 3547 1166 3621 crebro,
1191 3547 1242 3608 liet
1265 3545 1314 3622 id,
1349 3545 1426 3626 quod
1460 3563 1552 3626 supra

195 3637 296 3716 capite
311 3635 384 3699 Vll.
406 3635 480 3699 Nro.
501 3634 532 3700 5.
558 3636 595 3698 de
618 3635 768 3700 Terrestri
791 3643 862 3699 abre
885 3635 1166 3708 demonstravimus,
1190 3643 1223 3697 ιιι
1245 3634 1322 3697 radii
1342 3634 1380 3697 ab
1405 3635 1551 3697 extremi-

196 3725 311 3788 tatibus
340 3721 421 3788 Solis
452 3725 631 3788 accedentes
659 3725 780 3790 Lunare
804 3743 912 3806 corpus
942 3725 1080 3788 anfractu
1104 3724 1248 3806 quodam,
1272 3742 1326 3804 per
1352 3720 1550 3784 retractiones

194 3813 225 3878 in
248 3813 362 3876 Luusri
385 3818 470 3890 abre,
495 3814 693 3890 circumeant,
716 3815 818 3897 sicque
842 3814 881 3876 ad
904 3813 1002 3876 msam
1025 3820 1160 3876 nostrum
1182 3811 1321 3875 breviore
1344 3825 1419 3874 cono
1443 3809 1549 3872 termi-

194 3909 311 3967 nentnr.
358 3901 455 3966 Utin
478 3902 631 3965 schemate
655 3897 707 3978 95,
731 3903 758 3967 si
781 3901 885 3966 oculus
908 3900 987 3966 iuter
1008 3926 1035 3985 χ,
1060 3923 1085 3963 u
1107 3908 1222 3980 puncta
1244 3896 1436 3962 consisteret.
1483 3897 1549 3960 Hoc

194 3990 297 4072 itaque
319 3997 410 4072 pacto
433 4009 492 4054 nou
510 3991 615 4054 Lunae
639 3990 794 4056 diameter·
803 3992 888 4074 josto
911 3990 1018 4068 minor,
1041 3989 1096 4053 sed
1114 3987 1196 4052 Solis
1220 3987 1367 4050 diameter
1389 3993 1550 4066 appareret

189 4079 275 4160 justo
296 4079 404 4160 major.

281 4168 349 4232 Hoc
372 4167 469 4248 ipsum
493 4167 610 4248 quidem
633 4167 705 4231 mibi
734 4167 903 4248 suggessit,
928 4185 987 4228 uno
1010 4163 1118 4240 verbo,
1143 4181 1271 4244 magnus
1300 4161 1420 4244 quidam
1442 4159 1548 4225 barum

194 4256 304 4320 artium
322 4258 431 4331 fautor,
459 4266 563 4330 ,rideri
581 4275 679 4338 parcas
694 4267 792 4320 Lunae
813 4272 953 4320 exusmas
974 4262 1158 4336 pellucidar.“
1173 4260 1209 4329 ¹⁹)
1246 4251 1291 4314 At
1305 4270 1363 4314 nou
1377 4250 1422 4312 ita
1442 4251 1549 4314 leviter

195 4345 315 4408 defendi
338 4346 395 4408 hoc
417 4346 530 4424 potuit,
561 4364 649 4426 qnam
673 4347 762 4408 facile
786 4343 903 4406 dicitur.
949 4343 1029 4407 Nam
1057 4342 1129 4424 quid
1155 4341 1247 4422 juvat
1278 4339 1445 4421 pellucidas
1468 4357 1547 4415 esse,

193 4433 221 4496 si
244 4433 377 4499 densiori
401 4443 473 4498 sunt
503 4433 695 4510 substantia,
725 4452 814 4514 quam
838 4451 913 4495 aura
936 4431 1098 4506 aetheree,
1128 4437 1161 4492 et
1181 4429 1271 4492 Luna
1293 4427 1445 4491 rotunda?
1480 4427 1548 4490 Hoc

194 4523 272 4586 euim
296 4523 324 4586 si
346 4524 410 4599 fat,
432 4541 491 4586 non
516 4523 661 4586 directum
684 4523 778 4585 radiis
801 4520 960 4585 Solaribus
982 4519 1041 4582 iter
1064 4528 1126 4594 est,
1151 4537 1207 4582 nec
1230 4517 1295 4581 sine
1318 4515 1472 4580 schemate
1496 4515 1548 4579 illo

194 4608 247 4676 95.
271 4612 430 4694 quicquam
453 4611 528 4674 certi
551 4611 753 4692 demonstrari
775 4618 888 4692 potest.
926 4607 1091 4671 Praeterea
1114 4605 1217 4688 quaeri
1240 4612 1355 4688 posset,
1379 4603 1407 4666 si
1429 4624 1549 4686 semper

193 4699 256 4764 aiut
283 4700 437 4782 pellucido
466 4708 603 4764 extrema
626 4700 746 4776 Lunae,
775 4717 828 4762 cur
850 4717 907 4761 nou
932 4714 1051 4776 semper
1082 4693 1210 4758 circulus
1234 4693 1272 4756 du
1296 4691 1368 4756 Sole
1392 4693 1548 4774 supersit?

192 4789 277 4853 llalo
306 4789 409 4872 itaque
431 4788 537 4854 Leuce
567 4794 669 4853 aerem
701 4787 848 4864 tribuere,
880 4804 940 4848 nou
962 4781 1046 4847 altae
1067 4781 1299 4866 profunditatis,
1332 4789 1366 4846 ut
1387 4781 1547 4854 inmrdum,
