3694 5528
792 302 927 352 narseo.
1474 303 1535 370 52¹

185 562 267 642 cepit
290 563 369 627 alius
393 564 548 644 cujusdam
573 567 738 630 tardissimi
761 575 859 629 motos
880 567 991 629 Terrae
1014 566 1233 646 pervestigati:
1258 585 1314 646 quo
1333 568 1431 648 posito
1456 572 1540 649 sequi

184 659 290 731 putat,
323 659 357 714 nt
379 653 476 715 fixae
465 665 591 718 motum
621 656 780 719 videantur
807 655 907 717 sortiri
939 656 1149 735 inaequalem:
1183 655 1299 736 qualem
1322 656 1448 718 lixarum
1473 677 1539 718 esse

184 747 315 813 motum,
348 743 515 805 seculorum
543 744 648 828 dispar
673 765 836 807 consensus
866 751 1006 808 testetur.
1024 741 1066 818 ²¹)
1117 744 1213 848 Atqui
1236 763 1253 805 o
1277 743 1376 818 Pena,
1400 745 1457 807 hoc
1481 767 1538 808 non

185 837 233 890 est
257 831 464 893 commendare
488 833 707 913 praestantiam
727 833 853 913 optices‚
879 814 1043 894 sollicitare
1064 831 1127 912 ejus
1146 835 1226 894 vires
1240 833 1269 894 iu
1289 832 1405 894 rebus
1397 835 1539 914 impossi-

183 916 305 980 bilibus.
354 917 528 982 Generosos
552 921 672 984 omnino
696 922 753 985 fuit
775 921 982 999 Bucephalus,
1015 921 1073 982 etsi
1102 921 1214 1001 Pegasi
1243 921 1309 982 alas
1340 921 1453 983 imitari
1482 942 1539 988 oon

183 1005 291 1086 potuit.
344 1006 388 1068 Et
419 1008 446 1068 si
479 1009 545 1089 quis
575 1011 780 1090 Bucephalum
813 1016 909 1071 testat
896 1017 945 1071 tus
981 1010 1134 1070 volantem
1173 1015 1365 1088 conspectum
1395 1019 1539 1090 arguatur

184 1094 264 1168 falsi,
288 1113 349 1158 non
373 1095 441 1158 ideo
464 1097 631 1178 Bucephali
661 1099 758 1178 gloria
785 1098 959 1163 conciderit.
1007 1097 1139 1160 Nimium
1161 1117 1178 1159 o
1202 1099 1285 1159 Pena
1313 1099 1441 1159 recessit
1463 1099 1539 1160 hacc

183 1189 237 1246 tua
259 1183 452 1246 ratiocinatio
476 1206 495 1247 a
520 1187 675 1267 principiis
709 1187 836 1266 opticis,
870 1186 990 1248 nimium
1024 1187 1120 1248 multa
1149 1186 1228 1248 iuter
1258 1192 1340 1248 tuum
1373 1194 1538 1250 assumtum

186 1270 316 1352 opticum
348 1271 484 1354 interque
508 1274 537 1336 id
562 1275 640 1356 qnod
663 1276 731 1337 iude
762 1275 914 1336 concludis
948 1274 1148 1337 intercedunt.
1194 1274 1325 1336 Primum
1349 1293 1406 1336 non
1434 1275 1538 1354 tetigit

183 1367 213 1420 te
238 1360 409 1422 sollicitudo
432 1363 487 1423 illa
510 1381 599 1443 super
622 1364 753 1425 veritate
777 1363 1030 1434 observationum,
1054 1381 1128 1443 quas
1149 1383 1187 1424 ex
1209 1363 1262 1424 illa
1284 1363 1433 1442 profunda
1456 1365 1537 1424 anti-

185 1448 301 1528 quitate
321 1449 488 1529 allegamus
503 1451 599 1513 hodie.
638 1451 754 1513 Deinde
773 1461 885 1516 motum
907 1453 1030 1514 fixarum
1055 1451 1171 1532 allegas
1187 1459 1221 1513 nt
1234 1471 1298 1513 rem
1317 1451 1410 1514 oculis
1430 1452 1536 1515 visam.

183 1536 278 1617 Atqui
302 1537 392 1599 nimio
416 1538 540 1600 multum
565 1541 654 1602 abest
676 1537 715 1601 ab
739 1540 890 1603 oculorum
914 1547 1094 1619 conspectu:
1125 1540 1388 1602 subtilissimarum
1411 1540 1536 1602 ratioci-

182 1625 335 1689 nationum
359 1627 449 1690 trium
471 1628 500 1689 in
525 1647 613 1690 uuum
637 1629 861 1709 compositione,
885 1647 940 1690 nec
960 1649 997 1690 ea
1024 1628 1227 1703 strictissima,
1252 1628 1303 1689 vix
1316 1629 1439 1690 tandem
1463 1647 1536 1708 pro·
1572 1705 1580 1713 ι

187 1715 328 1776 nunciare
353 1716 443 1777 audet
467 1725 666 1790 astronomos,
690 1737 748 1797 qno
772 1717 886 1779 zodiaci
910 1718 977 1779 loco
1001 1717 1106 1796 quovis
1130 1717 1231 1778 seculo
1254 1717 1315 1777 fixa
1338 1717 1439 1796 aliqua
1462 1735 1534 1778 con-

182 1803 284 1872 sistat.
330 1803 465 1885 Denique
490 1825 575 1885 quern
598 1815 632 1870 tu
656 1805 731 1868 dicis
755 1813 866 1867 motum
889 1806 966 1867 fixas
987 1826 1005 1866 a
1024 1813 1135 1884 puncto
1160 1804 1357 1885 aequinoctii,
1384 1806 1411 1866 is
1431 1813 1537 1867 contra

182 1891 336 1953 verissime
362 1901 410 1954 est
432 1902 619 1956 retrocessus
646 1893 748 1974 puncti
781 1894 1008 1974 aequinoctialis
1042 1915 1061 1955 a
1088 1895 1148 1955 lixa
1178 1894 1286 1954 stella:
1319 1893 1368 1954 ubi
1393 1900 1533 1972 punctum

182 1979 403 2060 aequinoctiale
427 1983 602 2062 longissime
626 1983 749 2044 aberrat
772 2003 791 2044 a
812 1983 910 2043 Penas
934 1981 1138 2063 conceptione.
1177 1979 1258 2053 Quid
1282 1981 1361 2042 euim
1386 1981 1466 2043 aliud
1487 1989 1536 2044 est

180 2075 324 2148 puuctum
347 2069 580 2149 aequinoctiale,
614 2089 704 2153 quam
727 2070 908 2150 imaginaria
939 2070 1114 2134 intersectio
1138 2071 1262 2133 duorum
1292 2069 1535 2149 imaginariomm

181 2157 369 2232 circulomm,
395 2177 518 2237 quorum
545 2160 624 2221 alter
654 2159 833 2238 intelligitur
856 2179 875 2220 a
898 2156 970 2220 Sele
998 2176 1052 2238 per
1084 2159 1213 2221 orbitam
1236 2157 1365 2220 Telluris
1388 2175 1482 2236 usque
1506 2158 1535 2218 in

181 2263 349 2325 supremum
373 2247 525 2310 aetherem
549 2248 725 2323 continuari,
750 2248 827 2310 alter
850 2247 955 2309 itidem
978 2246 1157 2326 intelligitur
1181 2269 1199 2308 a
1222 2254 1325 2308 centro
1344 2245 1456 2306 Terrae
1480 2263 1534 2324 per

182 2333 429 2414 aequinoctialem
454 2338 641 2398 Terrestrem
671 2355 764 2416 usqne
789 2338 844 2398 sub
873 2337 950 2397 fixas
980 2335 1166 2426 continuari,
1201 2335 1290 2414 idque
1319 2353 1377 2396 non
1401 2335 1430 2394 in
1456 2334 1536 2395 omni

180 2423 240 2484 situ
264 2422 385 2498 Terrae,
410 2425 464 2485 sed
488 2432 559 2486 tuuc
582 2432 709 2499 motum,
735 2425 852 2504 quando
868 2425 964 2485 Terra
986 2423 1086 2484 estin
1110 2423 1231 2503 punctis
1255 2421 1533 2502 aequinoctialibus.

180 2509 242 2573 Sed
268 2510 305 2572 de
329 2471 386 2572 had
410 2531 442 2574 re
465 2511 495 2574 in
520 2514 706 2576 astronomia
734 2512 895 2574 docetur
886 2530 974 2591 suque
1005 2511 1078 2572 meis
1103 2513 1140 2572 de
1164 2512 1264 2572 Marte
1290 2509 1533 2573 Commentariis.

180 2600 307 2660 Frustra
329 2597 420 2678 igitur
444 2619 480 2662 ex
505 2609 568 2664 tam
591 2601 716 2664 incertis
730 2602 814 2662 Pena
838 2601 916 2662 male
940 2599 1118 2662 informatus
1134 2599 1244 2660 Terrae
1269 2607 1381 2660 motum
1406 2598 1534 2676 aliquem

179 2705 287 2748 novum
310 2687 415 2750 tribuit
438 2707 562 2770 eumque
592 2690 813 2763 tardissimum,
848 2707 906 2769 quo
929 2695 1011 2750 motu
1034 2687 1088 2749 illa
1112 2709 1130 2750 a
1153 2695 1257 2749 centro
1288 2685 1390 2748 mundi
1413 2686 1531 2747 exulat:

179 2774 385 2854 praestitisset
414 2795 481 2839 enm
511 2779 640 2841 Telluris
670 2779 798 2840 retinere
831 2784 963 2852 motum,
997 2793 1084 2856 quem
1117 2774 1373 2856 praestantissimi
1403 2773 1533 2836 artifices
1577 2775 1582 2792 ¹

179 2863 392 2926 introduxere:
410 2867 476 2947 -qni
507 2876 607 2930 motus
638 2874 721 2929 certo
752 2866 876 2928 Terram
914 2864 1108 2927 circumducit
1145 2872 1231 2925 extra
1269 2871 1402 2925 centrum
1434 2862 1535 2923 mundi

178 2951 339 3032 planetarii
357 2961 442 3016 tauto
465 2955 637 3032 intervallo,
661 2963 775 3036 quanta
797 2962 922 3034 putatur
941 2972 1008 3016 esse
1033 2951 1257 3015 semidiameter
1279 2952 1426 3032 sphaerae
1442 2950 1532 3012 Solis.

266 3041 333 3103 Nou
357 3061 478 3123 possum
498 3051 598 3106 autem
615 3045 790 3124 praeterire,
816 3043 996 3123 quinetiam
1019 3041 1096 3104 hunc
1111 3042 1213 3102 Penas
1237 3039 1355 3120 lapsum
1374 3057 1411 3100 ex
1434 3039 1530 3118 ipsius

177 3129 363 3208 praefatione
387 3130 548 3207 eliminem,
572 3133 622 3196 ubi
640 3131 801 3212 Copemici
824 3151 982 3194 censuram
1003 3149 1093 3210 super
1108 3129 1295 3192 Ptolemaios
1311 3127 1414 3190 Lunae
1431 3127 1529 3207 hypo-

178 3216 258 3280 thesi
273 3217 418 3282 falsitatis
433 3221 544 3300 arguit.
577 3221 644 3284 Hac
659 3221 736 3283 enim
759 3219 981 3282 insimulatione
997 3219 1159 3300 plurimum
1173 3224 1299 3280 nocetur
1318 3215 1534 3278 existimationi

178 3306 256 3368 tanti
279 3307 401 3370 artificis
424 3309 505 3389 apud
527 3309 692 3390 imperitos.
730 3309 858 3372 Reiellit
871 3309 1076 3370 Ptolemaeum
1096 3306 1290 3388 Copernicus,
1315 3305 1398 3384 cujus
1417 3322 1532 3383 suppo-

178 3395 239 3456 sita
253 3395 370 3458 Lunam
393 3397 541 3460 bisectam
563 3417 640 3478 pene
657 3398 747 3477 duplo
769 3397 940 3478 propiorem
955 3395 1057 3458 Terris
1076 3396 1229 3470 exhibent,
1250 3413 1339 3475 quam
1359 3393 1535 3472 complana

179 3489 236 3545 est.
289 3482 507 3562 Argumentum
539 3487 685 3548 falsitatis
719 3483 904 3565 Copernicus
941 3483 1050 3546 sumsit
1084 3484 1217 3564 opticum
1251 3483 1342 3563 idque
1379 3481 1532 3561 optimum,

180 3570 348 3649 oportuisse
370 3581 405 3634 ut
427 3581 459 3635 et
481 3593 604 3655 corpore
629 3567 718 3654 duplo
750 3575 813 3636 lere
841 3573 932 3637 latior
964 3581 1127 3654 appareret
1155 3572 1273 3634 bisccta
1302 3569 1392 3651 quam
1424 3570 1532 3649 plena:

179 3677 246 3719 curn
278 3660 464 3739 experientia
495 3670 626 3726 testetur
654 3665 691 3725 de
721 3663 874 3724 constanti
902 3681 958 3724 nec
988 3661 1046 3724 nisi
1075 3660 1212 3741 pauculis
1241 3660 1363 3722 minutis
1395 3656 1533 3719 variabili

65 3755 69 3762 '
179 3745 338 3809 diametro.
376 3748 434 3810 Hic
447 3750 531 3812 Pena
549 3751 721 3814 subtilitate
744 3750 856 3814 abusus
879 3749 1041 3813 axiomatis
1060 3749 1153 3829 optici
1172 3745 1374 3828 aOoperuico
1387 3745 1533 3828 adducti,

178 3835 257 3915 qood
281 3836 310 3896 iu
333 3835 381 3897 his
405 3839 658 3918 propositionibus
681 3839 830 3920 repetitur
853 3857 974 3901 numero
998 3833 1051 3914 67,
1077 3834 1533 3916 argumentumimpertineutcr

177 3926 288 3985 elevat.
327 3922 407 3995 Quid
430 3933 494 3989 tum
517 3927 604 4003 enim,
630 3929 656 3990 si
671 3928 800 3990 maxime
823 3934 1006 4007 apparentes
1029 3925 1169 3988 diametri
1186 3926 1290 3986 Lunae
1314 3943 1372 3985 nou
1395 3921 1532 4001 praecise

175 4013 276 4074 suut
268 4033 298 4074 ru
322 4031 429 4076 eversa
460 4015 654 4098 proportione
687 4015 916 4090 distantiamm,
951 4017 976 4077 si
1000 4023 1101 4077 tamen
1133 4021 1203 4075 snut
1233 4012 1327 4074 iere
1318 4031 1347 4072 ιιι
1377 4029 1429 4085 ea,
1463 4027 1532 4070 num

174 4101 242 4164 idco
273 4101 347 4164 nihil
377 4103 455 4166 dixit
478 4101 684 4189 Θοριιιιίιιιε9
714 4105 818 4185 Negat
849 4104 908 4166 dux
936 4103 1087 4166 exercitus
1116 4119 1149 4163 se
1182 4099 1324 4163 urbem
1315 4118 1346 4160 ιιι
1375 4115 1434 4177 qua
1464 4105 1533 4157 sunt

174 4191 278 4253 decem
301 4191 396 4254 millia
418 4194 682 4274 praesidiariorum
700 4193 828 4258 militum
852 4208 1024 4272 expugnare
1044 4209 1134 4272 posse
1154 4189 1211 4251 nisi
1226 4206 1292 4250 cum
1317 4185 1533 4269 quinquaginta

173 4279 317 4343 millibus.
364 4279 445 4353 Quid
468 4283 561 4362 igitur
584 4283 610 4345 si
635 4282 715 4344 desit
741 4282 786 4346 illi
815 4301 891 4344 unus
924 4280 1034 4363 aliquis
1058 4280 1096 4341 de
1119 4279 1176 4340 hoc
1199 4295 1339 4346 numero,
1371 4293 1441 4337 uum
1464 4273 1531 4335 ideo

174 4368 426 4449 tergiversabitur
448 4391 539 4451 snper
562 4371 806 4452 expugnatione?
819 4365 862 4443 ²⁷)

262 4455 325 4518 Sed
350 4460 568 4522 adnumerum
596 4466 733 4522 revertor
764 4459 949 4539 dogmatum,
980 4475 1056 4537 quae
1080 4456 1164 4519 Pena
1186 4473 1224 4517 ex
1247 4451 1348 4534 optica
1377 4449 1531 4512 verissime

172 4546 291 4626 probat,
317 4566 440 4628 qnorum
460 4549 516 4611 hoc
535 4555 585 4611 est
601 4553 758 4650 quartqm:
783 4545 861 4627 quod
879 4545 1047 4608 rectissime
1067 4563 1106 4606 ax
1124 4545 1226 4626 optica
1249 4540 1393 4621 arguitur,
1419 4539 1531 4602 nullam

173 4653 265 4716 supra
287 4653 345 4698 nos
368 4655 436 4698 esse
460 4635 653 4717 sphaeram
637 4635 742 4715 rgnis:
774 4653 832 4716 quc
856 4635 1051 4698 fundamento
1082 4635 1222 4708 submto,
1252 4637 1366 4712 quanta
1388 4637 1532 4709 sequatur

173 4723 260 4786 mina
291 4725 530 4806 Meteorologiae
558 4722 798 4797 Aristotelicas,
835 4724 945 4786 nemini
982 4723 1227 4805 philosophorum
1263 4720 1352 4799 hujus
1386 4717 1532 4797 temporis

173 4811 332 4875 obscurum
357 4832 425 4876 asse
449 4822 563 4894 potest.
610 4811 646 4875 Si
669 4811 748 4873 euim
771 4812 826 4876 sub
851 4815 934 4875 coelo
963 4819 1046 4875 esset
1074 4812 1170 4894 ignis,
1199 4829 1252 4872 seu
1280 4807 1458 4888 conspicuus
1481 4807 1532 4868 ille
