3674 5538
700 292 828 358 appmdix
846 293 879 342 ad
900 287 982 356 (lapus
999 289 1020 346 1.
1473 293 1543 370 151Ι

179 473 288 525 constat
305 475 335 522 et
355 468 442 542 niger
463 476 517 525 est.
555 471 635 542 Ergo
655 471 838 541 corrumpitur
858 488 877 526 a
897 472 958 525 luce
978 472 1125 540 paulatim.
1166 470 1238 524 Hinc
1257 471 1335 524 dolor
1354 473 1391 525 ab
1412 472 1535 542 inspecto

180 547 257 604 Sole:
278 548 344 604 binc
366 551 511 606 oculorum
531 550 635 605 senium
657 569 694 606 ex
714 557 806 621 parte.

263 647 308 700 sd
337 647 373 702 ll.
416 648 461 702 De
491 649 612 702 colorum
642 648 746 702 visione
775 647 895 702 inductio
925 649 1002 702 facta
1028 655 1080 700 est.
1129 647 1266 700 lnstsntia
1295 664 1360 702 vero
1391 650 1472 702 datur
1502 651 1535 702 de

181 725 282 779 risione
309 726 708 790 scintillationis.oculorum;
739 730 772 781 de
799 729 903 782 visione
934 728 1036 796 speciei
1066 726 1234 780 inhaerentis
1256 727 1282 780 in
1308 727 1449 796 spiritibus
1471 733 1536 797 post

181 805 357 860 amotionem
378 805 496 860 visibilis
519 809 575 868 rei;
598 809 632 860 de
645 807 751 860 visione
772 807 938 877 impuritatis
959 808 1101 861 humorum
1117 806 1187 858 oculi
1208 813 1273 874 post
1293 808 1393 876 capitis
1415 807 1532 862 dolores.

179 886 253 956 Ergo
274 901 331 940 non
350 892 448 954 potest
468 889 502 939 de
523 887 593 940 omni
624 887 728 940 risione
756 887 896 941 concludi:
928 892 1047 940 nonest
1075 885 1161 956 igitur
1191 887 1329 939 conclusio
1357 887 1532 942 universalis.

179 963 230 1018 Sed
252 971 282 1018 et
302 966 366 1034 plns
388 966 483 1018 estin
503 967 676 1020 conclusione
697 983 778 1037 quam
799 967 827 1019 in
848 966 1017 1035 praemissis.
1060 965 1129 1028 Quid
1152 972 1208 1021 tum
1230 966 1301 1018 enim
1323 965 1345 1017 si
1368 969 1533 1020 concedatur

179 1059 287 1113 semper
307 1045 381 1098 inter
400 1046 521 1099 colorem
541 1053 571 1099 et
591 1047 677 1100 visum
698 1047 833 1102 interesse
854 1046 964 1116 aliquod
986 1046 1115 1109 medinm,
1143 1046 1260 1098 nondum
1287 1051 1380 1098 tamen
1401 1046 1532 1114 sequitur,

180 1123 262 1194 plane
283 1123 387 1194 requiu‘
408 1125 525 1179 medinm
547 1128 582 1179 ad
603 1125 800 1180 informandam
820 1126 952 1179 visionem
974 1142 1023 1179 seu
1044 1127 1079 1179 ad
1099 1125 1259 1178 movendum
1280 1125 1376 1180 visum.

267 1219 339 1274 Nam
360 1237 409 1274 cur
429 1221 517 1275 minus
538 1231 685 1276 cernantur
705 1225 811 1277 colores
833 1223 912 1275 oculo
932 1223 1016 1292 plane
1038 1221 1139 1276 admoti
1154 1237 1256 1274 causae
1277 1223 1427 1274 redduntur
1448 1221 1531 1274 aliae.

183 1299 212 1366 1)
232 1299 262 1354 Si
284 1301 373 1363 color,
405 1301 459 1354 hoc
489 1309 533 1356 est
567 1303 723 1372 superficies
754 1303 795 1356 rei
829 1302 944 1355 visibilis
975 1307 1107 1372 tangeret
1137 1301 1260 1364 oculum,
1292 1302 1399 1354 doleret
1429 1301 1532 1354 oculus.

181 1375 212 1447 2)
234 1379 320 1433 Unius
341 1381 442 1434 saltem
465 1381 537 1435 ocrrli
558 1399 623 1436 usus
645 1399 706 1435 esse
726 1389 831 1452 posset.
860 1376 892 1450 3)
907 1383 966 1435 Nec
986 1383 1048 1452 plus
1062 1383 1095 1434 de
1116 1381 1207 1434 colore
1229 1381 1303 1434 cerni
1324 1387 1428 1450 posset,
1452 1396 1533 1449 quam

180 1465 313 1530 qnantum
332 1459 408 1513 intra
429 1459 560 1515 circulum
580 1461 704 1530 pupillae
725 1461 863 1516 foraminis
886 1459 986 1516 includi
1007 1467 1109 1532 potest.
1139 1457 1169 1524 4)
1184 1459 1366 1529 Praecipuum
1387 1466 1438 1521 est,
1462 1460 1533 1529 quod

180 1553 229 1607 per
249 1545 407 1594 contactum
428 1541 500 1594 oculi
515 1547 544 1594 et
564 1541 699 1596 videndae
720 1541 872 1611 superficiei
894 1541 1051 1595 excluditur
1065 1540 1150 1594 omnis
1171 1539 1322 1593 illustratio
1343 1538 1450 1602 coloris,
1473 1537 1532 1593 sine

179 1633 234 1689 qua
253 1618 351 1689 nequit
369 1619 429 1673 deri
450 1620 539 1674 visio:
567 1621 619 1674 uisi
641 1628 773 1692 quantum
798 1620 909 1675 luculae
930 1622 1057 1674 obtinent
1082 1621 1250 1690 quorundam
1272 1618 1430 1672 animalium
1451 1617 1532 1672 oculi.

180 1695 209 1760 5)
230 1697 351 1752 Subcsse
372 1698 487 1769 insuper
506 1700 588 1754 aliam
609 1717 730 1765 causam,
753 1717 835 1771 quarn
855 1701 899 1753 vel
920 1701 1054 1755 hactenns
1076 1701 1177 1754 dictum
1197 1698 1243 1752 vel
1263 1698 1429 1752 Aristoteles
1452 1702 1532 1751 antu-

181 1783 247 1839 mat,
270 1793 383 1831 curres
405 1780 513 1833 oculum
533 1787 654 1850 tangens
669 1799 723 1834 non
744 1781 878 1842 videatur,
902 1786 981 1849 patet
1001 1779 1065 1834 hinc
1086 1781 1156 1850 quod
1177 1779 1262 1832 etiam
1277 1795 1336 1832 oum
1356 1795 1401 1831 res
1423 1776 1533 1832 nimium

180 1856 335 1926 propinqua
353 1857 386 1910 iit
405 1859 501 1922 oculo,
530 1861 704 1930 quantumvis
731 1859 852 1930 supersit
877 1859 979 1929 aliquid
999 1859 1081 1913 medii
1106 1858 1228 1921 externi,
1256 1863 1349 1912 tamen
1370 1858 1482 1910 confuse
1504 1861 1533 1909 et

180 1951 250 2005 pene
272 1951 326 1989 non
348 1937 480 2001 cernitur,
507 1940 555 1992 sed
576 1940 759 1993 circumdatur
786 1939 868 1993 limbo
894 1939 1040 1993 indiscreto
1061 1947 1092 1994 et
1111 1955 1183 2008 pene
1208 1937 1362 2000 umbratili,
1391 1935 1470 2004 cujus
1491 1935 1532 1990 rei

179 2029 263 2070 eausa
284 2015 357 2070 inira
378 2018 471 2086 capite
491 2017 586 2089 quinto
612 2019 778 2089 explicatur.
819 2019 909 2072 Nocet
934 2017 1029 2090 itaque
1049 2021 1124 2073 nuda
1150 2017 1342 2087 propinquitas
1367 2017 1453 2070 etiam
1473 2015 1531 2068 sine

179 2101 307 2164 respectu
328 2097 422 2159 medii,
454 2097 629 2167 quodetiam
657 2114 750 2153 senum
783 2098 855 2154 oculi
886 2106 1022 2169 arguunt,
1055 2099 1152 2169 quibus
1174 2113 1217 2150 res
1248 2096 1353 2149 eminus
1383 2101 1533 2149 cernuntur

180 2173 280 2228 8881188
302 2191 384 2245 qnam
405 2194 421 2228 e
442 2177 606 2248 propinquo.
831 2175 834 2180 ‘

266 2253 318 2308 His
339 2272 409 2326 ergo
430 2257 521 2310 causis
542 2257 725 2328 experimenti
746 2257 856 2311 adducti
877 2257 1097 2327 suppetentibus,
1120 2255 1256 2310 nonlicet
1276 2253 1475 2309 conclusionem
1496 2255 1532 2308 ad

180 2349 260 2387 unam
281 2333 412 2404 aliquam,
433 2337 520 2390 multo
541 2337 628 2391 minus
650 2339 684 2391 ad
706 2337 790 2391 aliam
810 2343 924 2406 praeter
944 2337 996 2390 bas
1018 2335 1201 2406 restringere,
1224 2335 1305 2405 idque
1331 2340 1410 2388 tanto
1431 2332 1530 2404 magis,

180 2415 249 2482 quod
270 2413 317 2466 hic
337 2415 517 2469 fundamenta
537 2415 649 2471 visionis
672 2417 854 2486 explicandae
876 2422 1031 2470 struuntur.

265 2495 309 2546 sd
330 2493 377 2548 Ill.
419 2495 473 2549 Est
492 2495 659 2550 insufficiens
680 2497 850 2551 enumeratio
871 2496 898 2549 in
919 2495 1026 2564 majori.
1067 2495 1138 2549 Nam
1159 2511 1247 2565 neque
1273 2511 1372 2563 corpus
1393 2493 1465 2549 Solis
1485 2495 1532 2547 vel

178 2571 277 2626 coloris
299 2589 388 2643 neque
418 2576 534 2630 medium
559 2583 652 2630 movet
681 2577 805 2639 oculum,
836 2577 884 2628 sed
915 2575 1020 2645 species
1043 2593 1092 2628 888
1120 2574 1223 2628 lumina
1244 2591 1293 2626 seu
1319 2574 1388 2626 radii
1408 2572 1480 2628 Solis
1502 2581 1532 2626 et

179 2651 298 2705 colorum
318 2670 370 2721 per
393 2653 511 2709 medium
538 2657 734 2711 descendentes
755 2663 785 2709 et
810 2655 1002 2709 orbiculariter
1022 2656 1050 2708 in
1071 2653 1300 2722 hemisphaerium
1325 2653 1436 2708 vibrati.
1478 2655 1533 2707 Est

179 2729 248 2784 enirn
268 2747 339 2784 8888
362 2738 394 2785 81
413 2733 484 2787 idem
505 2737 598 2789 modus
624 2735 734 2790 visionis
756 2735 854 2798 omnis,
877 2735 935 2789 sive
956 2733 1043 2798 Solis,
1066 2734 1123 2787 sive
1145 2733 1255 2796 coloris,
1278 2731 1336 2784 sire
1357 2733 1445 2804 ignis,
1473 2732 1530 2785 sive

178 2828 231 2866 sors
248 2815 432 2884 1888888888,
454 2817 524 2883 qnod
546 2816 740 2870 alterationem
761 2815 876 2885 parietis
898 2815 971 2868 oculi
992 2813 1101 2868 attinet.
1130 2811 1197 2866 Sola
1216 2813 1287 2866 haec
1302 2819 1346 2866 est
1365 2811 1528 2875 differentia,

178 2891 247 2960 quod
268 2893 375 2945 colores
395 2893 473 2961 prius
499 2895 632 2948 illustrari
654 2902 778 2964 oportet,
801 2894 910 2964 reliqua
935 2895 1051 2964 seipsis
1073 2892 1193 2946 illustria
1214 2898 1286 2948 sunt.
1327 2891 1375 2946 Sol
1395 2891 1480 2944 etiam
1500 2899 1531 2945 et

177 2968 248 3040 ignis
270 2971 330 3024 8118
350 2971 472 3026 illustria
492 2975 616 3028 reddunt.

265 3051 368 3104 Verum
389 3053 557 3108 Aristoteles
578 3055 686 3107 videtur
707 3055 757 3106 hoo
778 3069 828 3122 pro
849 3052 974 3106 confesso
998 3067 1151 3114 assumere,
1177 3053 1247 3121 quod
1269 3051 1375 3120 species
1396 3057 1530 3119 tanquam

178 3131 278 3184 nudum
297 3130 424 3185 88818888
446 3150 499 3186 888
522 3133 610 3204 possit
630 3131 754 3187 excitare
784 3133 904 3203 aliquam
931 3131 1093 3194 motionem,
1124 3130 1177 3183 nisi
1198 3137 1333 3200 quatenns
1353 3131 1382 3184 in
1403 3129 1529 3198 subjecto

177 3214 241 3264 aere
269 3209 409 3278 pellucido
438 3212 575 3267 inhaeret.
619 3215 678 3267 Hoc
706 3229 771 3266 vero
799 3213 900 3266 falsum
921 3219 976 3274 est,
1008 3217 1040 3264 ut
1066 3212 1119 3264 boc
1147 3211 1238 3280 eapite
1269 3217 1417 3264 ostensum.
1459 3211 1530 3263 Nam

180 3289 287 3342 luminis
308 3305 358 3342 seu
379 3291 518 3346 radiorum
538 3294 576 3347 ab
595 3291 749 3346 illustribus
771 3292 992 3346 descendentium
1013 3298 1078 3345 sunt
1099 3297 1193 3345 certae
1213 3290 1371 3360 passiones,
1394 3295 1529 3361 quatenus

178 3370 269 3422 lumen
289 3385 345 3423 non
372 3377 510 3440 quatenus
529 3372 558 3427 in
585 3371 722 3442 pellucido
743 3377 809 3426 atre
833 3373 976 3435 inhaeret,
1003 3371 1153 3440 cujusmodi
1182 3377 1247 3424 sunt
1271 3371 1379 3425 emissio
1401 3375 1530 3423 818818-

179 3447 284 3510 888118,
306 3447 394 3518 iisque
415 3451 569 3505 contrariae
590 3452 762 3522 repercussio
783 3459 812 3507 et
833 3452 962 3506 refractio
981 3467 1030 3504 seu
1051 3450 1238 3504 condensatio.
1279 3452 1357 3523 Ergo
1378 3449 1447 3504 nihil
1466 3466 1530 3519 prc-

177 3527 255 3582 bibet
275 3527 399 3595 ejusdem
413 3529 498 3584 etiam
512 3531 634 3586 88118888
655 3533 788 3602 quasdam
801 3549 871 3594 8888,
893 3547 1000 3599 nempe,
1021 3529 1198 3600 experientia
1211 3539 1293 3594 teste,
1316 3529 1530 3586 illustrationem

178 3614 206 3661 et
225 3607 424 3664 alterationem
445 3609 590 3678 parietum,
612 3611 709 3681 quibus
724 3628 777 3665 non
791 3618 899 3666 tantum
921 3611 1099 3664 effunduntur
1120 3611 1225 3666 colores
1240 3629 1290 3666 seu
1303 3613 1362 3676 lux,
1385 3609 1530 3664 sedetiam

178 3686 369 3756 imprimuntur
389 3695 420 3742 et
441 3690 571 3744 contrarii
593 3693 779 3746 destruuntur.

264 3765 364 3822 Subire
386 3775 479 3824 autem
500 3771 591 3824 lumen
612 3771 732 3824 defluens
758 3772 902 3840 passiones
930 3769 1000 3824 18188
1022 3769 1080 3824 8188
1107 3770 1238 3824 beneficio
1266 3767 1379 3837 hospitii
1400 3784 1450 3820 seu
1469 3767 1529 3835 pei·

176 3845 266 3910 lucidi,
289 3845 328 3900 sic
349 3849 446 3915 probo.
488 3849 677 3919 Repercussns
698 3852 730 3903 fit
755 3858 882 3920 respectu
905 3850 956 3903 loci
978 3856 1007 3903 et
1027 3850 1086 3902 sine
1112 3855 1249 3918 ternpore,
1277 3847 1396 3901 8188111
1422 3845 1530 3914 corpori

176 3926 324 3980 materiato
344 3933 436 3981 motus
458 3928 555 3982 localis
576 3929 634 3984 sine
656 3937 780 4000 tempore
801 3930 941 4000 competit

264 4005 336 4068 Quid
358 4005 381 4059 81
404 4025 469 4062 vero
491 4009 565 4063 dicat
585 4009 694 4078 aliquis,
716 4010 883 4064 Aristoteles
908 4017 1010 4063 motum
1034 4010 1107 4063 hunc
1128 4025 1176 4062 seu
1203 4003 1375 4061 affectionem
1399 4001 1530 4072 pellucidi

176 4087 352 4158 analogicam
372 4104 427 4141 nen
451 4081 538 4158 'plane
569 4087 713 4159 physicam
744 4089 866 4144 asserit?
896 4089 1075 4159 Respondeo,
1105 4103 1201 4142 sensus
1229 4085 1316 4156 igitur
1335 4081 1528 4138 Aristotelicas

175 4167 309 4221 coincidet
330 4183 392 4220 oum
414 4183 498 4221 sensu
519 4169 678 4238 opticorum,
701 4168 828 4222 different
849 4177 941 4224 tamen
961 4171 1057 4223 verba.
1087 4172 1126 4222 At
1146 4185 1194 4222 cnr
1215 4183 1268 4220 non
1289 4163 1380 4234 potius
1402 4168 1529 4216 naturam

175 4263 262 4304 rerum
281 4246 410 4302 imitatas
431 4247 460 4301 18
480 4247 540 4303 luce
561 4247 663 4303 statuit
682 4255 784 4302 motum
805 4249 1001 4318 analogicum?
1029 4250 1099 4303 Nam
1121 4249 1192 4320 quod
1213 4245 1294 4300 sudio
1313 4244 1350 4296 ab
1371 4241 1450 4296 aliis:
1478 4243 1530 4296 lux

174 4345 220 4382 888
244 4327 357 4399 species
382 4343 487 4382 merum
515 4330 640 4383 accidens
668 4329 816 4384 motionem
848 4330 953 4382 nullam
980 4329 1117 4382 sustinere
1142 4333 1250 4398 potest,
1280 4339 1379 4393 regero
1411 4337 1465 4394 ego
1492 4340 1529 4376 ex

174 4409 265 4464 8811888
285 4407 484 4480 philosophia,
514 4425 611 4478 corpus
633 4408 660 4462 in
685 4415 822 4463 momento
849 4409 951 4462 moveri
972 4426 1026 4461 non
1047 4414 1150 4476 potest.
1193 4405 1282 4468 Quale
1310 4403 1405 4472 itaque
1431 4419 1546 4472 corpus.

174 4489 235 4546 heis
258 4483 334 4560 (siste
358 4483 494 4556 matoria)
515 4489 581 4544 talis
602 4494 630 4541 et
651 4494 740 4542 motus
764 4485 834 4556 (sine
855 4481 1002 4557 tempore),
1024 4494 1170 4559 utrumque
1192 4483 1377 4556 analogicum.

253 4580 392 4638 Summa:
416 4575 523 4632 videtur
536 4577 702 4632 Aristoteles
724 4579 894 4650 distinguere
909 4579 981 4632 inter
1001 4577 1120 4648 speciem
1140 4577 1261 4630 colorum
1279 4580 1309 4626 et
1328 4593 1360 4628 το
1381 4591 1450 4646 porr,
1471 4589 1531 4627 cum

169 4669 256 4719 tamen
279 4662 320 4714 ab
344 4654 422 4710 omni
443 4655 542 4721 colore,
564 4675 624 4712 cum
644 4658 761 4722 videtur,
784 4659 876 4713 lumen
897 4665 1056 4729 spargatur.

250 4736 363 4810 unjori
384 4735 481 4808 itaque
503 4736 639 4792 dissoluta
652 4755 740 4810 neque
762 4739 900 4794 conclusio
922 4737 1054 4809 sequitur.
1083 4735 1175 4797 Quare
1196 4734 1232 4787 ad
1245 4732 1291 4788 IV.
1314 4732 1395 4787 facile
1416 4748 1530 4802 respon·

162 4825 249 4890 detur,
273 4818 363 4892 enjus
386 4815 476 4870 minor
495 4817 549 4872 init
568 4817 597 4873 in
616 4819 665 4874 lll.
687 4819 825 4876 conclusio
845 4825 876 4873 et
896 4818 1011 4872 inventa
1030 4821 1075 4870 est
1095 4813 1177 4868 sulec.
1209 4812 1328 4869 Medium
1349 4813 1421 4869 enim
1441 4829 1530 4884 neque
