3718 5528
300 307 368 376 316
796 309 970 362 Δο1000000100
987 308 1049 362 Pars
1068 307 1166 376 Optlea

304 489 481 565 haberetur,
513 505 599 570 qnam
627 487 655 549 ei
678 487 780 570 Tycha
808 486 956 568 negabat,
985 495 1033 550 tot
1061 487 1302 550 antecedentium
1333 487 1563 550 coacervatione
1587 505 1662 566 opns

300 578 367 642 fnit.
407 579 546 640 Viennae
569 576 723 650 Ananiae,
749 577 899 638 referente
918 577 1099 646 Mercatore,
1123 576 1323 639 observarunt
1346 577 1541 638 Tilemannns
1562 574 1663 638 Stella

299 674 331 728 et
360 669 470 729 Paulus
502 666 657 727 Fabricius
686 667 715 726 h.
745 665 772 728 1.
806 665 860 729 40’
890 667 1002 746 digitos
1037 661 1113 750 5¹1.
1161 665 1305 729 Calculus
1338 666 1526 748 Tychonicns
1558 683 1662 727 veram

302 755 540 836 conjunctionem
564 753 746 834 Uranibnrgi
771 760 920 816 monstrat
943 756 973 818 h.
1002 755 1029 818 1.
1054 751 1109 818 20⁴
1131 773 1161 835 0.
1186 773 1226 817 m.

389 842 547 906 Cornelius
586 841 714 905 Gemma
751 843 881 905 Lovanii
919 843 1036 928 initium
1071 843 1191 906 notavit
1227 841 1332 906 statim
1373 847 1445 922 post
1484 839 1535 906 ll.
1572 842 1661 904 finem

297 933 327 993 h.
356 933 383 995 1.
408 929 464 995 23‘
488 931 599 1011 digitos
624 923 685 1013 7¹),
716 933 787 995 iere.
804 926 846 1006 τ1)

387 1021 436 1082 Ex
460 1021 506 1082 bis
531 1019 649 1101 quidem
674 1021 821 1100 exemplis
840 1019 897 1082 hoc
912 1019 1117 1100 utplurimum
1142 1028 1280 1102 apparet,
1296 1020 1384 1082 Lnna
1398 1017 1500 1082 Terris
1523 1019 1660 1100 proxima

297 1117 418 1172 secutas
443 1115 605 1171 nocturnas
629 1110 773 1172 tenebras
793 1129 830 1172 ex
854 1109 953 1171 causis
977 1109 1087 1190 opticis
1107 1129 1159 1172 sen
1185 1109 1405 1171 astronomicis.
1443 1109 1489 1172 At
1507 1129 1565 1169 non
1591 1128 1658 1170 esse

297 1199 353 1260 has
378 1199 459 1260 solas
492 1217 618 1270 causas,
653 1200 722 1278 quin
751 1200 789 1260 ab
819 1199 898 1261 a'eris
933 1199 1161 1262 circumstantia
1190 1198 1349 1279 plurimum
1380 1199 1429 1260 vel
1457 1197 1659 1277 impediantur

297 1288 346 1348 vel
370 1287 564 1367 adjuventur,
589 1287 779 1350 demonstrat
806 1287 974 1367 inaequalis
999 1288 1130 1350 noctium
1160 1294 1372 1349 consuetarum
1395 1287 1531 1349 claritas.
1579 1288 1660 1351 Nam

296 1375 322 1437 si
346 1377 383 1437 de
406 1395 489 1438 mera
513 1385 601 1438 nocte
626 1383 678 1438 abr
701 1377 878 1458 quandoque
903 1375 941 1437 ob
971 1377 1152 1440 albicantem
1183 1377 1328 1450 colorem,
1363 1375 1514 1438 crassitiei
1539 1375 1657 1455 siguum

297 1466 391 1545 (qnod
415 1466 451 1526 de
470 1465 569 1526 Ponto
589 1470 722 1528 testatur
736 1465 946 1542 Aristoteles),
970 1466 1083 1528 lumina
1107 1466 1263 1528 stellarum
1287 1465 1332 1526 ita
1355 1464 1510 1538 combibit,
1536 1472 1568 1526 ut
1592 1473 1660 1526 tota

296 1561 384 1615 noete
418 1555 567 1634 quoddam
599 1556 839 1636 crepusculorum
868 1555 966 1616 lumen
1001 1555 1187 1618 aemuletur:
1223 1553 1294 1634 qnid
1322 1573 1380 1615 non
1415 1560 1573 1634 praestare
1602 1553 1659 1615 10οο

297 1643 470 1722 adjumento
494 1643 594 1722 possit
617 1645 665 1705 vel
694 1643 873 1706 tenuissima
898 1641 978 1705 Solis
1007 1644 1158 1725 particula
1189 1643 1358 1723 hujusmodi
1391 1661 1527 1704 crassum
1558 1649 1660 1704 adrem

296 1739 327 1792 et
350 1739 459 1803 terras,
483 1732 563 1793 ultra
586 1751 683 1812 pauca
706 1754 724 1794 a
748 1733 835 1794 nobis
859 1732 1006 1809 milliaria,
1032 1733 1200 1804 illustram,
1225 1732 1380 1812 lucemque
1404 1731 1464 1792 illis
1489 1731 1656 1793 communi-

296 1839 378 1895 cans,
405 1821 445 1881 ad
464 1839 519 1881 nos
543 1839 633 1900 porro
656 1821 878 1886 revibraudam.
916 1821 996 1883 Ecce
1021 1827 1199 1900 argumenta
1226 1819 1394 1900 inaequalis
1419 1820 1505 1900 hujus
1525 1821 1659 1882 noctium

296 1908 447 1971 claritatis
472 1909 510 1971 ab
534 1916 604 1971 aire
628 1911 841 1992 provenientis.
888 1911 977 1972 Anno
1004 1907 1100 1976 1599.
1125 1911 1155 1970 in
1180 1909 1285 1988 eclipsi
1314 1908 1426 1972 mensis
1448 1908 1586 1972 Januarii
1610 1907 1660 1970 vel

295 1997 469 2073 Februarii,
504 1998 588 2077 cnjus
621 2020 712 2081 snpra
745 2001 828 2062 facta
860 2001 988 2075 mentio,
1023 2000 1154 2062 nondum
1186 1997 1309 2060 dimidia
1341 1997 1490 2060 diametro
1523 1997 1659 2058 tenebris

295 2085 454 2160 immersa,
488 2094 585 2148 totum
619 2090 723 2150 Lunae
754 2089 921 2168 marginem
953 2089 1055 2151 videre
1092 2087 1186 2170 potui.
1240 2086 1330 2149 Anno
1366 2083 1463 2151 1601.
1497 2086 1660 2148 Decembri

297 2175 474 2235 tenuissimo
495 2195 585 2236 cornu
602 2177 774 2258 superstite,
801 2169 997 2256 caliginosam
1014 2186 1115 2240 tamen
1139 2183 1257 2256 partem
1277 2195 1336 2237 non
1356 2176 1427 2238 vidi.
1465 2175 1536 2238 Fuit
1555 2181 1657 2236 tamen

297 2263 402 2324 eadem
428 2263 495 2323 anui
521 2271 699 2346 tempestas.
744 2268 834 2327 Anno
862 2261 956 2329 1603.
980 2287 1083 2330 mense
1107 2265 1190 2328 Maio
1214 2285 1282 2327 cum
1307 2266 1399 2327 tertia
1423 2264 1561 2326 diametri
1585 2281 1660 2343 pars

296 2359 446 2423 restaret,
479 2352 619 2417 viderunt
641 2363 743 2417 tamen
768 2354 860 2437 aliqui
892 2357 1057 2436 marginem
1086 2355 1255 2418 obscumm.
1303 2351 1456 2435 Sequente
1480 2353 1660 2428 Novembri,

301 2458 368 2501 cum
390 2458 448 2501 non
473 2451 581 2522 qnarta
603 2463 674 2524 pars
698 2443 728 2504 in
752 2445 857 2506 umbra
880 2452 974 2520 esset,
999 2446 1082 2507 visus
1106 2453 1208 2505 tamen
1231 2462 1346 2523 margo.

304 2578 336 2648 3.
382 2583 440 2646 An
475 2583 562 2647 lieri
595 2586 732 2664 possit,
771 2595 809 2648 nt
846 2587 882 2648 in
925 2585 1091 2648 centrali
1129 2583 1394 2664 conjunctione
1432 2583 1664 2646 luminarium

676 2675 741 2738 Sol
769 2683 890 2738 tamen
917 2695 984 2738 non
1014 2683 1114 2739 totns
1143 2671 1287 2736 lateat?

387 2797 544 2858 Hactenus
575 2797 677 2878 itaque
709 2819 746 2860 en
778 2799 913 2862 historiis
943 2799 1150 2880 probavimus,
1183 2807 1279 2860 toturn
1309 2793 1412 2858 Solem
1446 2802 1560 2857 tectum
1593 2815 1662 2858 esse
1696 2823 1698 2830 ·

300 2905 359 2948 uon
389 2886 498 2961 semel,
531 2886 621 2947 etiarn
646 2909 665 2950 a
688 2888 775 2950 Lnua
808 2890 967 2952 altissima.
1016 2889 1084 2960 Quo
1117 2888 1214 2970 magis
1248 2887 1354 2949 mirum
1382 2893 1444 2960 est,
1479 2885 1597 2946 unicum
1622 2905 1661 2946 ex

300 2975 379 3036 omui
403 2974 531 3035 historia
559 2982 666 3037 extare
700 2979 869 3059 exemplum
903 2979 1100 3054 contrarium,
1131 2977 1209 3059 qnod
1234 2974 1359 3040 Clavins
1383 2971 1607 3036 Commentario
1630 2974 1662 3036 in

274 3141 276 3149 y
300 3061 519 3126 Sacrobosonm
542 3075 699 3126 recenset:
725 3067 814 3128 Anno
841 3063 936 3130 1567.
962 3063 992 3131 9.
1018 3068 1143 3148 Aprilis,
1165 3079 1270 3132 Romae
1285 3074 1378 3130 Solem
1398 3091 1453 3128 non
1474 3080 1563 3127 totum
1584 3074 1661 3127 dete-

299 3152 382 3216 eisse,
412 3154 460 3206 aed
487 3150 613 3207 relictum
639 3155 725 3210 fuisse
751 3158 854 3212 exilem
875 3159 1011 3228 quendam
1037 3159 1167 3212 circulum
1195 3159 1334 3211 lucentem
1354 3153 1538 3208 circumcirca.
1590 3151 1663 3214 Fuit

299 3249 400 3302 tamen
425 3241 513 3302 Luna
545 3242 645 3302 media
678 3243 756 3305 inter
780 3245 961 3308 altissimam
984 3254 1015 3307 et
1038 3245 1244 3308 humillimam.
1290 3243 1402 3305 Mirum
1434 3240 1555 3322 inquam
1591 3246 1658 3302 est:

299 3350 370 3391 nam
392 3328 441 3390 hic
465 3329 584 3408 quidem
609 3329 735 3393 visibilis
759 3333 864 3394 Lunae
898 3333 1044 3395 diameter
1077 3335 1196 3396 omuino
1220 3331 1317 3394 minor
1348 3337 1446 3405 esset,
1479 3347 1534 3390 nec
1557 3329 1660 3407 possis

299 3419 355 3479 hoc
379 3415 520 3480 accidens
544 3417 620 3481 visui
645 3421 861 3496 transcribere,
888 3431 920 3483 ut
942 3422 1027 3484 initio
1051 3423 1140 3502 hujus
1164 3421 1273 3502 capitis
1298 3422 1420 3483 tactum.
1468 3415 1555 3490 Quae
1580 3418 1660 3480 enim

300 3507 364 3568 sive
387 3507 418 3569 in
443 3507 538 3582 oculo,
564 3507 627 3567 sive
652 3507 680 3569 in
705 3511 833 3572 obscura
857 3530 990 3586 camera,
1012 3531 1078 3574 cum
1102 3511 1203 3573 lucida
1226 3510 1302 3580 sint,
1327 3509 1506 3581 dilatantur,
1534 3527 1570 3567 ea
1593 3507 1659 3586 pri-

299 3616 378 3658 mum
402 3594 519 3676 radium
543 3595 582 3656 ad
606 3597 702 3658 locurn
726 3599 809 3660 illum
831 3601 978 3681 projicere
1003 3620 1127 3663 necesse
1153 3609 1219 3663 est:
1250 3618 1326 3680 quae
1350 3615 1421 3659 vero
1445 3616 1503 3657 000
1527 3595 1658 3670 radiant,

299 3684 420 3764 objectu
444 3703 606 3765 opacorum
630 3687 785 3766 impedita,
811 3695 843 3750 nt
867 3685 921 3751 Sol
946 3689 1067 3769 objectu
1092 3689 1213 3764 Lunae,
1239 3706 1335 3768 neque
1358 3683 1482 3749 dilatari
1504 3691 1657 3766 poterunt.

298 3773 366 3836 Non
392 3781 440 3834 est
464 3775 566 3854 itaque
590 3775 669 3837 nisui
693 3777 953 3840 transcribendum
978 3779 1033 3840 hoc
1057 3771 1341 3858 phaenomenon.*)

389 3861 477 3933 Quod
507 3863 599 3943 igitur
632 3865 734 3948 Tycho
766 3867 867 3928 Brahe
901 3867 930 3928 in
964 3869 1091 3930 alteram
1123 3865 1222 3928 Clavii
1254 3863 1396 3945 eclipsin,
1429 3861 1509 3923 idern
1539 3880 1595 3941 ego
1629 3861 1658 3922 in

300 3950 427 4013 alteram
452 3953 616 4029 attentavi,
640 3955 671 4016 in
695 3953 816 4017 dubium
840 3975 946 4036 nempe
970 3975 1083 4020 vocans
1105 3955 1163 4018 hoo
1191 3955 1303 4036 ipsum,
1332 3972 1370 4014 au
1395 3950 1513 4014 omuino
1543 3950 1660 4030 integer

388 4127 414 4194 *l
435 4129 555 4186 Medium
575 4132 659 4200 hnjns
680 4134 816 4204 eclipseos
838 4133 1008 4206 Uraniburgi
1029 4133 1138 4190 calculo
1160 4131 1315 4206 Tychonioo
1336 4131 1363 4186 10.
1389 4129 1433 4185 12.
1458 4127 1506 4184 10‘
1527 4129 1659 4194 meridiei,

299 4209 441 4280 quantitas
472 4211 620 4282 digitorum
641 4215 669 4268 6.
691 4213 750 4269 29‘.
785 4215 950 4269 Maestlinns
971 4215 1117 4286 Tubingae
1148 4213 1307 4268 observarit
1333 4210 1435 4284 digitos
1467 4209 1525 4264 iere
1555 4211 1591 4264 10
1622 4211 1659 4264 ab

299 4297 404 4344 austro.
447 4291 605 4347 Cerhardus
633 4293 773 4349 Mercator
799 4295 955 4366 Duisburgi
981 4295 1086 4349 Cliniae
1111 4293 1219 4348 initium
1240 4293 1267 4347 10.
1293 4293 1337 4347 10.
1360 4289 1410 4344 25’
1431 4291 1512 4344 finem
1539 4289 1609 4343 hors
1633 4291 1658 4344 l.

298 4369 375 4440 Ergo
400 4371 518 4424 medinm
544 4372 572 4426 10.
598 4375 643 4428 11.
667 4373 725 4428 43’.
754 4376 898 4432 Cornelius
927 4375 1041 4429 Gemma
1060 4373 1177 4429 Luranii
1199 4373 1306 4427 initium
1332 4371 1360 4424 10.
1386 4369 1429 4424 10.
1455 4369 1512 4434 12‘,
1534 4369 1676 4440 rigorem

299 4449 327 4503 10.
345 4450 390 4504 11.
407 4450 466 4515 40’,
488 4451 569 4506 finem
590 4453 675 4523 paulo
694 4455 856 4525 post12¹t„
878 4461 983 4525 puncta
996 4455 1055 4508 fere
1070 4453 1097 4509 9.
1125 4453 1230 4511 anen
1244 4452 1326 4506 valde
1346 4449 1489 4518 pallidum,
1511 4455 1543 4503 st
1557 4449 1659 4503 stellas

300 4529 403 4592 nullae,
425 4537 535 4600 tempus
556 4539 650 4587 000000
671 4534 751 4603 quasi
771 4537 970 4606 vespertinum.
1000 4535 1100 4604 Coepit
1114 4537 1151 4589 ab
1172 4549 1272 4588 occasu
1292 4548 1310 4585 a
1323 4535 1406 4600 parte
1425 4529 1498 4585 Solis
1518 4528 1658 4584 interiore.

300 4609 395 4678 Το0100
415 4611 509 4665 Βο0100
530 4614 559 4668 10
579 4613 669 4668 literis
689 4616 724 4668 ad
742 4615 868 4669 clarium
888 4616 936 4678 ait,
959 4629 989 4667 se
1011 4614 1216 4669 adolescentem
1236 4614 1400 4668 observasse
1421 4611 1495 4664 hane
1513 4609 1659 4664 Roatoelaii

300 4688 335 4741 ad
362 4689 429 4743 litus
458 4691 539 4748 maris
561 4693 684 4748 Bnlthiei
705 4695 732 4749 in
753 4694 813 4765 ipso
835 4694 913 4766 qnasi
935 4693 1046 4747 meridie
1068 4695 1216 4766 digitorum
1236 4709 1291 4748 non
1312 4690 1398 4762 plane
1420 4687 1446 4742 l.
1481 4688 1520 4745 Et
1540 4689 1569 4743 in
1588 4689 1658 4744 Pro·

301 4771 502 4837 gymnmmati·
530 4781 574 4828 est
600 4775 627 4828 10.
653 4773 696 4830 12.
719 4775 758 4838 θ’,
788 4775 869 4845 digiti
891 4771 918 4830 6.
942 4771 1001 4836 29‘.
1031 4780 1163 4843 quantum
1191 4781 1222 4828 et
1246 4771 1370 4828 00100100
1397 4769 1499 4840 prodit.
1540 4770 1571 4824 In
1600 4768 1660 4823 0110

301 4853 395 4902 maren
415 4851 519 4904 scheda
538 4853 629 4908 inveni
649 4855 677 4910 10.
703 4855 747 4908 11.
771 4856 811 4918 0',
831 4853 935 4927 digitos
958 4853 986 4908 9.
1009 4849 1098 4920 0‘.''⁸)
