3476 5532
347 261 422 334 ,7oe
657 224 659 232 ⁴
874 259 989 314 umes
1008 265 1180 316 ammes
1238 277 1243 290 ·

357 461 455 510 rorum
478 439 626 512 siderum,
651 435 797 518 Aquilae,
826 437 941 519 Lyrae,
967 441 1079 504 candae
1103 439 1200 522 Cygni
1233 439 1395 502 distantias
1418 459 1438 500 a
1459 445 1567 519 pectore
1584 438 1648 522 Cygni

242 601 253 610 ,
332 529 493 613 ‘caperet
544 527 702 607 Nunquam
734 525 806 588 mibi
837 528 966 590 occurrit
998 529 1109 592 mentio
1142 529 1279 602 duarum,
1310 547 1461 609 nunquam
1489 529 1648 608 sequentisiu

357 633 489 702 pectore,
512 615 702 692 clariorisin
724 623 845 696 pectore
862 614 979 698 Cygni;
1004 619 1131 700 simplex
1153 617 1260 699 ubique
1285 623 1333 678 est
1356 616 1515 697 appellatio
1535 618 1588 698 ejus
1602 635 1649 696 quse

357 711 393 778 iu,
414 717 547 790 pectore.
593 705 638 768 At
664 706 693 767 iu
727 705 929 768 discernendis
961 708 1076 771 duabus
1108 706 1137 770 iu
1171 707 1266 771 cauda
1289 705 1464 786 Capricorni
1492 713 1521 767 ot
1547 706 1650 768 similibus

357 799 516 879 diligenter
538 795 617 856 solet
640 802 741 856 uotam
766 815 785 856 a
808 795 947 857 claritate
971 797 1086 878 majore
1109 797 1157 858 vel
1180 797 1307 871 minore,
1333 796 1467 876 splags
1488 795 1651 876 septentrionis

357 888 406 950 vel
428 884 571 959 meridiei,
596 891 679 946 ortus
703 883 750 944 vel
770 903 896 946 occasus
919 904 1061 967 usurpare
1083 893 1118 952 et
1133 885 1292 948 inculcare.
1329 882 1447 956 Quodsi
1462 893 1536 958 tuuc,
1556 885 1590 944 uti
1603 885 1651 964 jau,

357 977 492 1056 geminae
516 967 644 1035 luissent
667 973 696 1034 iu
719 981 839 1054 pectore
863 975 998 1055 aequalis
1021 975 1234 1056 propemodum
1261 973 1497 1056 magnitudinis:
1523 993 1556 1035 an
1575 991 1652 1034 nosse

357 1067 454 1148 ipsum
487 1061 672 1126 confudisset
701 1061 840 1140 neglecta
870 1063 1082 1127 distinctione:
1116 1084 1155 1127 an
1179 1084 1235 1127 non
1268 1065 1337 1144 ipsa
1364 1063 1539 1136 haesitatio,
1563 1061 1653 1122 utrasit

358 1175 431 1218 uera
453 1149 593 1233 pectoris,
618 1150 716 1231 ipsum
739 1151 779 1214 ad
800 1151 967 1216 Ptolemaei
990 1154 1116 1216 abacum
1137 1152 1298 1216 invitasset
1321 1151 1552 1234 inspiciendum?

449 1241 598 1322 Septimo,
632 1239 750 1321 quoties
774 1241 888 1317 evenit,
917 1251 959 1320 ut,
985 1243 1054 1324 quia
1077 1261 1184 1323 corpus
1208 1241 1306 1326 Cygni
1328 1243 1356 1304 in
1381 1241 1483 1304 Dania
1504 1259 1555 1302 ooo
1575 1239 1654 1308 oceidit

359 1331 518 1396 transitum
530 1329 646 1392 'harum
666 1330 821 1393 stellarum
835 1349 889 1412 per
903 1332 1096 1396 meridianum
1119 1333 1299 1412 aquilonium
1318 1332 1505 1398 observaret,
1527 1327 1654 1390 altitudines

357 1421 568 1485 retractionem
583 1438 675 1480 causa
689 1419 864 1482 metiretur?
888 1421 932 1482 At
946 1423 1043 1484 nullus
1066 1421 1248 1484 commodior
1266 1421 1343 1483 situs
1357 1440 1427 1482 esse
1441 1427 1539 1501 potest
1558 1417 1654 1479 animad-

358 1511 522 1574 rerteudas
545 1526 641 1569 novae
665 1515 718 1570 aot
737 1509 905 1588 superfluae
928 1511 1057 1573 stellae:
1080 1511 1261 1592 praesertim
1280 1510 1306 1572 si
1321 1517 1354 1572 ut
1372 1510 1450 1597 haec
1473 1517 1569 1571 nosue
1586 1506 1654 1568 eaden

360 1603 422 1663 lere
454 1599 593 1661 claritate
627 1597 722 1677 fulget
749 1616 814 1659 curn
847 1597 966 1674 vicinis,
1002 1601 1140 1681 adquae
1172 1599 1359 1662 observando
1392 1599 1557 1679 respicitur.
1592 1597 1656 1656 Tne

360 1689 453 1770 igitur
468 1685 692 1769 opportunitate
708 1685 775 1758 loci,
790 1695 852 1749 tam
867 1689 973 1760 crebro
990 1689 1055 1770 ejus
1070 1695 1196 1769 aspectu
1215 1689 1392 1770 minimeque
1417 1688 1570 1753 laborioso.
1588 1691 1655 1762 utpote

359 1778 472 1852 humili,
497 1795 563 1839 cnm
577 1774 727 1838 Braheaui
751 1776 862 1839 nullam
887 1779 1067 1858 superfluam
1091 1777 1210 1841 stellam
1225 1779 1321 1842 visam
1345 1785 1513 1841 annotant:
1532 1775 1588 1856 jure
1606 1771 1655 1834 nulls

359 1858 439 1931 trrnc'¹
455 1865 547 1928 fuisse
571 1865 709 1926 creditur.

448 1956 516 2035 Age
546 1972 633 2030 vero,
666 1953 752 2016 fidem
788 1953 901 2036 aliquot
931 1955 1132 2035 superioribus
1155 1949 1347 2034 {argumentis
1384 1955 1530 2017 faciamus
1557 1971 1588 2013 es
1610 1949 1654 2030 ipsis

362 2044 603 2108 observationum
634 2041 735 2116 libris,
767 2044 925 2106 recensitis
955 2044 1070 2128 aliquot
1099 2046 1261 2126 exemplis,
1300 2064 1375 2126 quae
1406 2043 1480 2106 mihi
1510 2041 1655 2124 protocollm

360 2132 555 2215 pervolitanti
579 2130 676 2193 obiter
700 2141 897 2194 occurrerunt
934 2133 993 2196 Ubi
1017 2134 1242 2197 observationes
1266 2135 1335 2196 olim
1357 2133 1524 2216 prodierint
1544 2131 1569 2194 iu
1588 2131 1654 2200 lucen

359 2225 452 2286 multo
475 2223 562 2302 plura
585 2220 685 2282 videre
709 2216 833 2295 erit.“)

413 2313 418 2322 '
446 2317 526 2368 Anno
551 2311 634 2376 1582,
659 2311 703 2367 12.
717 2312 781 2366 Jau.
798 2312 903 2367 Lucida
923 2311 1051 2368 sinistrae
1072 2314 1135 2370 alae
1156 2321 1186 2369 st
1206 2315 1295 2368 cauda
1315 2313 1415 2386 Cygni.
1451 2313 1528 2367 Febr.
1544 2309 1581 2364 19.
1598 2305 1653 2362 Ceud

360 2393 451 2466 Cygni
471 2393 499 2446 in
520 2391 716 2462 septentrione.
757 2393 836 2448 Febr.
860 2393 905 2472 18.
922 2393 967 2449 23.
998 2394 1100 2448 Vultur
1120 2411 1139 2449 a
1158 2395 1247 2448 wuda
1266 2401 1296 2448 et
1315 2392 1528 2466 rostro-Cygni.
1559 2385 1654 2444 retrtl.

358 2474 490 2544 Ejusdem
511 2489 529 2527 a
548 2479 652 2535 rostro,
684 2471 776 2542 capite
798 2479 827 2526 et
846 2473 936 2528 media
959 2474 1040 2528 trium
1061 2475 1090 2530 iu
1109 2475 1275 2548 ala‘Cygni.
1315 2475 1438 2530 Eodem:
1468 2473 1542 2528 luter
1559 2470 1655 2523 tulum

360 2563 390 2609 et
411 2555 521 2608 stellam
549 2552 731 2623 incognitam,
762 2569 832 2623 quae
854 2553 921 2608 lacit
947 2555 1080 2626 angulum
1105 2562 1209 2610 rectum
1230 2573 1289 2610 cum
1310 2557 1399 2610 cauda
1426 2553 1542 2608 vulturis
1560 2557 1586 2603 et
1601 2547 1655 2616 cupit

364 2636 463 2708 Cygni.
507 2629 606 2702 (Audis
627 2650 682 2687 non
702 2633 858 2704 neglectam
879 2635 915 2688 ab
936 2634 990 2688 illis
1010 2635 1182 2701 mentionem,
1205 2635 1227 2690 si
1248 2639 1281 2689 de
1301 2636 1385 2690 stella
1406 2634 1502 2706 aliqua
1526 2630 1657 2685 baedano

360 2715 414 2770 Est
443 2721 534 2770 autem
566 2713 660 2784 aliqua
689 2713 716 2767 iu
746 2714 861 2785 regione
881 2711 1033 2785 Sagittae.)
1074 2715 1153 2770 Febr.
1176 2716 1222 2771 26.
1268 2715 1392 2770 Vulturis
1421 2733 1441 2770 a
1470 2703 1656 2785 pectoreque

360 2785 455 2852 Martii
472 2797 496 2850 1.
539 2795 638 2864 Caput,
659 2793 749 2848 media
769 2796 885 2849 dextrae
907 2796 979 2858 alae,
1000 2801 1107 2865 pectus,
1128 2795 1218 2850 media
1238 2797 1319 2851 trium
1339 2803 1526 2851 extremarum
1545 2793 1570 2846 in
1586 2788 1658 2843 siuet*

360 2878 410 2932 ala
423 2876 522 2948 Cygni,
544 2873 630 2928 stella
650 2873 702 2929 illa
715 2875 845 2930 inlormis.
879 2875 974 2929 ldartii
990 2875 1016 2932 5.
1045 2876 1143 2946 Caput,
1165 2877 1254 2932 media
1268 2879 1384 2932 dextrae
1399 2863 1657 2946 despectusque

359 2956 453 3012 Martii
475 2956 501 3011 8.
542 2953 664 3009 Pectoris
686 2955 775 3028 Cygni
797 2972 815 3009 a
834 2955 941 3026 capite,
963 2971 981 3010 a
1000 2957 1077 3026 Lyra
1096 2963 1127 3010 et
1153 2958 1244 3028 capite
1266 2957 1402 3029 Ophiuchi
1424 2965 1455 3012 et
1474 2954 1554 3026 hquus
1572 2969 1587 3006 a
1602 2946 1657 3016 cupit

360 3037 459 3108 Cygni.
498 3035 593 3091 Martii
614 3036 661 3092 20.
703 3035 794 3106 Caput
823 3041 852 3089 et
882 3043 978 3107 pectus
999 3045 1030 3090 et
1057 3036 1190 3092 distantia
1217 3055 1312 3094 eorum
1340 3045 1439 3094 mutua
1469 3044 1498 3092 et
1526 3035 1560 3089 ab
1584 3033 1656 3085 hunus

360 3120 459 3171 dextro
481 3114 625 3186 Ophiuchi,
647 3122 677 3169 et
695 3116 788 3187 Lyrae
810 3133 828 3170 a
847 3117 937 3172 media
963 3116 1045 3172 trium
1071 3125 1259 3174 extremarum
1279 3119 1307 3173 in
1327 3119 1442 3174 sinistra
1462 3118 1510 3172 ala
1530 3111 1612 3185 Cygni.
1637 3106 1654 3158 it

359 3195 450 3250 media
468 3195 560 3250 lucida
579 3195 608 3249 in
628 3197 730 3250 dextra
749 3197 804 3252 ala.
834 3191 958 3266 (Dextra
978 3197 1095 3252 sinistris
1115 3201 1312 3272 utplurimum
1332 3191 1515 3270 permutant.)
1547 3185 1655 3248 usrdtt

359 3276 483 3331 Informis
498 3275 555 3338 ille,
571 3282 664 3344 caput,
678 3282 786 3346 pectus,
801 3279 891 3332 media
905 3278 986 3332 trium
1001 3285 1187 3335 extremarum
1202 3281 1229 3335 in
1243 3281 1355 3334 sinistra
1369 3279 1417 3334 als
1432 3275 1529 3350 Cygni.
1548 3265 1654 3329 Metilii

359 3355 452 3412 Media
471 3357 588 3408 dextrae
610 3355 682 3419 alae,
705 3363 797 3426 capnt,
820 3365 926 3427 pectus.
968 3358 1071 3428 Aprilis
1096 3361 1120 3416 1.
1161 3361 1270 3418 Pectus.
1311 3365 1392 3414 Anno
1416 3359 1501 3422 1584,
1525 3355 1567 3410 25.
1585 3345 1656 3419 APUT*

359 3437 435 3492 Inter
455 3435 577 3506 polarem
599 3440 628 3488 et
648 3437 762 3490 modam
783 3437 881 3510 Cygni.
923 3441 1003 3494 Anno
1026 3429 1111 3504 1585,
1136 3442 1179 3496 10.
1205 3437 1248 3498 15.
1269 3441 1331 3496 Jan.
1366 3440 1465 3495 Gauda
1486 3435 1576 3510 Cygni.
1609 3433 1655 3483 111⁰

363 3515 449 3572 1586.
480 3513 570 3588 Cygni
591 3530 630 3580 os,
651 3522 757 3585 pectus,
779 3521 883 3572 cauda:
905 3519 1039 3574 distantia
1059 3522 1222 3592 sequuturis
1242 3539 1261 3577 a
1280 3521 1371 3577 lucida
1384 3520 1498 3576 Arietis.
1524 3521 1594 3570 Anno
1607 3505 1656 3564 1591,

363 3595 868 3654 25.Fsbr.1.4.14.18.atsrcit
910 3599 1006 3655 oscus
1026 3601 1125 3673 cygn.
1568 3593 1570 3600 ⁴

433 3777 438 3782 '
525 3763 579 3821 Dis
603 3765 648 3830 11.
669 3763 791 3836 Augusti
811 3765 929 3837 vesperi,
952 3769 1071 3825 solennis
1093 3770 1250 3826 obseruatio
1272 3770 1416 3826 stellarum
1437 3765 1534 3842 Cygni.

360 3843 1657 3880 *nm-md

399 3931 509 3984 Numero
526 3928 686 3982 Pulsmstco.
1073 3935 1221 3988 Declisatio.
1248 3937 1318 3990 Altlt.
1336 3935 1434 3988 ‘Marta

360 4050 1043 4066 Q
1066 4059 1235 4067 ......-.-...
1248 4059 1430 4070 .....—.-....-
1448 4035 1655 4067 d

379 4095 407 4152 8.
441 4094 562 4150 Locidae
583 4093 711 4150 sinistrae
733 4093 796 4150 alae
818 4096 910 4168 Cygni
949 4141 1199 4158 .....
1269 4101 1321 4157 18⁰
1345 4099 1393 4157 15‘

381 4177 407 4232 1.
486 4175 580 4230 Rostri
601 4175 692 4248 Cygni
707 4205 1004 4234 .......
1068 4178 1122 4234 20⁰
1164 4177 1229 4253 8¹1(

380 4255 406 4316 3.
440 4255 582 4311 Secundae
604 4255 631 4310 in
652 4255 723 4311 collo
745 4256 857 4328 Cygni.
899 4300 905 4313 .
947 4298 954 4313 .
997 4301 1003 4314 .
1095 4303 1101 4316 .
1143 4304 1149 4317 .
1191 4305 1197 4320 .
1270 4263 1315 4320 68.
1362 4261 1389 4318 'l.

379 4333 406 4396 2.
486 4336 595 4392 Primae
615 4335 643 4390 in
664 4335 735 4390 collo
756 4336 847 4410 Cygni
900 4381 906 4394 .
949 4379 955 4394 .
998 4382 1004 4394 .
1067 4339 1114 4396 29.
1141 4341 1223 4414 15¹s.

361 4415 406 4474 15.
438 4415 633 4473 Praecedentis
655 4417 683 4470 in
704 4416 815 4472 sinistro
835 4419 905 4489 pede
948 4462 954 4474 .
997 4461 1004 4474 .
1093 4463 1099 4477 .
1142 4466 1148 4479 .
1192 4465 1198 4479 .
1269 4421 1314 4479 79.
1341 4421 1421 4496 367,

486 4497 583 4554 Nonae
603 4495 761 4568 Delphini.
803 4540 809 4554 .
850 4542 858 4557 .
899 4537 906 4553 .
948 4541 954 4554 .
997 4541 1003 4556 .
1069 4501 1115 4557 11.
1138 4501 1184 4560 42.
1288 4546 1295 4559 .
1336 4546 1343 4560 .
1384 4548 1391 4559 .
1459 4489 1653 4568 Magali-lm·

361 4575 406 4634 lc.
440 4576 636 4649 Sequentis'in
656 4576 769 4632 sinistro
788 4579 859 4649 pede
900 4621 906 4634 .
949 4621 955 4635 .
996 4621 1002 4636 .
1094 4625 1100 4638 .
1141 4625 1147 4640 .
1190 4626 1197 4640 .
1266 4578 1313 4640 80.
1339 4583 1384 4642 at.

380 4659 407 4715 t.
440 4657 563 4714 Pectoris
585 4657 711 4730 Cygni.
753 4699 759 4714 .
801 4699 809 4714 .
850 4702 857 4716 .
899 4703 905 4716 .
947 4701 953 4716 .
995 4700 1002 4714 .
1094 4703 1101 4718 .
1143 4705 1149 4718 .
1191 4705 1197 4718 .
1267 4662 1314 4722 73.
1357 4666 1383 4721 4.

321 4749 325 4758 '
441 4737 565 4794 Informis
586 4737 913 4794 cumsiniatramalam
947 4779 955 4793 .
995 4781 1003 4796 .
1092 4785 1099 4798 .
1142 4785 1148 4798 .
1190 4785 1197 4800 .
1266 4745 1313 4801 65.
1352 4746 1418 4816 8⁸1.

485 4817 616 4872 Decimae
635 4817 808 4887 Delphini..
849 4858 857 4877 .
899 4861 907 4875 .
947 4861 954 4876 .
995 4859 1003 4878 .
1069 4823 1113 4879 11.
1139 4823 1220 4894 57Ἲ,.
1286 4867 1293 4882 .
1336 4865 1342 4880 .
1384 4869 1390 4882 .
1459 4819 1578 4885 petunt
