3648 5530
1484 79 1505 111 9

737 281 871 336 eaeo-
1231 279 1235 286 ·
1416 285 1480 352 ara

129 475 189 518 uon
213 464 331 520 tantum
354 476 409 537 per
430 457 559 532 Lunam,
582 457 661 538 quod
684 457 834 522 difficilius
857 459 892 522 fit
912 467 1037 540 propter
1059 460 1173 524 varium
1204 469 1236 524 et
1264 463 1392 526 celerem
1416 464 1481 542 ejus

130 552 254 619 motum,
278 547 331 609 sed
359 545 453 608 multo
485 545 613 608 maxime
644 564 699 626 per
721 549 806 616 lixas.
852 546 895 610 Et
926 556 1027 612 tamen
1059 549 1108 610 vel
1139 568 1194 628 per
1224 551 1320 614 solam
1351 553 1479 628 Lunam,

129 633 249 696 etiamsi
281 653 341 696 uon
372 634 413 696 sit
441 635 627 698 certissimus
650 635 716 714 ejus
739 636 881 712 calculus,
907 637 1090 717 deprehendi
1113 636 1202 699 facile
1221 648 1356 717 possent.
1395 640 1480 702 Haec

128 723 165 783 de
189 721 364 784 Vitellionis
380 723 631 807 hallucinatione.
678 724 876 788 Excutiamus
901 725 966 804 jam
996 734 1029 788 et
1051 726 1152 788 Panae
1183 745 1351 790 censuram.
1398 729 1479 790 Vere

130 819 162 871 et
184 810 210 872 is
234 811 387 887 defendit,
412 821 536 892 propter
559 811 638 893 ignis
660 813 821 892 sphaeram
844 814 942 876 nullae
965 813 1138 893 contingere
1168 815 1384 878 refractiores:
1419 817 1480 878 fal·

129 917 194 963 sum
217 908 318 960 tamen
342 899 437 975 addit,
461 902 551 980 plane
574 901 674 962 nullas
697 902 881 982 contingere,
905 921 942 962 ne
967 901 1087 982 quidem
1116 903 1196 964 aeris
1226 923 1327 966 causa.
1373 905 1480 983 Inepte

129 986 256 1068 denique
280 989 409 1050 occurrit
432 997 608 1068 argumento
634 989 826 1066 Vitellianis,
860 990 920 1052 etsi
951 998 985 1052 ut
1014 989 1127 1054 dictum
1157 991 1255 1054 inutili
1285 1000 1317 1054 et
1339 992 1478 1054 ruinoso:
1548 1029 1550 1034 η

128 1075 263 1137 tribuens
285 1075 492 1156 parallaxihus
516 1096 562 1149 ea,
585 1096 661 1157 quae
684 1077 811 1141 vitellio
835 1078 1075 1142 refractionibus.
1121 1079 1215 1159 Atqui
1244 1088 1354 1143 norunt
1375 1089 1478 1142 astro-

130 1163 229 1234 nomi,
265 1165 391 1226 duarum
426 1166 531 1228 harum
562 1185 661 1228 rerum
692 1168 816 1229 effectus
849 1185 917 1229 esse
950 1167 1126 1229 contrarios.
1173 1167 1330 1230 Refraotio
1362 1169 1479 1230 Lunam

131 1251 253 1327 attollit,
278 1252 444 1332 parallaxis
468 1253 618 1334 deprimit.
656 1254 721 1316 Hoc
745 1275 803 1318 non
826 1255 985 1335 perpendit
1006 1255 1100 1317 Pena.
1142 1255 1204 1318 Sed
1220 1265 1254 1318 ut
1270 1257 1341 1330 dixi,
1366 1257 1479 1318 nullum

130 1347 178 1400 est
201 1340 422 1416 detrimentum,
447 1343 505 1404 etsi
529 1343 611 1405 Pena
635 1342 809 1406 Vitellionis
833 1344 1030 1407 refractiores
1054 1362 1112 1406 non
1142 1345 1264 1425 effugit:
1308 1353 1379 1407 suut
1401 1344 1479 1407 enim

129 1427 209 1490 atris
233 1448 292 1490 uon
314 1429 394 1508 ignis
418 1432 552 1494 effectus.
599 1431 691 1493 Aeris
715 1433 808 1512 igitur
830 1431 998 1495 densiorem
1020 1433 1216 1511 superficiem,
1240 1441 1275 1495 ut
1298 1453 1391 1514 snpra
1412 1435 1478 1510 dice

130 1524 211 1590 turn,
245 1517 416 1593 stabilinum
453 1519 531 1598 iguis
555 1537 627 1582 vero
651 1520 817 1584 tenuiorem
840 1521 1008 1600 regionem,
1044 1521 1124 1600 quod
1146 1521 1211 1582 vult
1232 1521 1335 1597 Pena,
1360 1523 1480 1601 penitus

131 1603 303 1666 convellunt
326 1615 358 1667 et
380 1607 546 1670 eliminant.
580 1606 742 1688 ¹Utrinque
765 1608 856 1688 igitur
879 1609 1069 1688 praestantia
1097 1610 1265 1689 opticarum
1289 1611 1476 1673 demonstra-

21 1775 22 1780 *
131 1692 246 1755 tionum
269 1694 387 1767 elucet,
418 1704 482 1758 tam
514 1697 543 1758 iu
569 1696 751 1760 stabilienda
774 1697 968 1759 distinctione
992 1697 1073 1760 atris
1097 1699 1135 1759 ab
1160 1699 1301 1772 aethere,
1340 1717 1427 1778 quam
1449 1698 1479 1758 in

130 1781 264 1844 tollenda
286 1782 393 1844 fictitia
416 1785 546 1865 sphaera
568 1783 656 1863 ignis.
808 1799 812 1808 ’

219 1866 332 1940 Quinto
364 1873 431 1934 loco
458 1874 542 1934 Pena
573 1872 705 1948 indicat,
739 1881 853 1955 quanta
884 1872 1026 1954 physicos
1060 1873 1232 1953 ignorantia
1264 1881 1368 1935 teneat
1400 1874 1482 1935 circa

131 1956 298 2031 materiam,
322 1959 420 2023 locum
444 1972 476 2024 et
498 1962 623 2024 effectus
647 1969 840 2039 cometarum,
864 1961 922 2024 nisi
946 1963 1063 2043 opticen
1079 1962 1200 2024 scholas
1214 1962 1327 2024 fuerint
1341 1961 1479 2040 ingressi,

130 2054 162 2106 et
185 2046 255 2127 quid
278 2046 352 2109 haec
377 2049 537 2130 disciplina
562 2050 642 2112 circa
664 2051 740 2112 talia
762 2059 889 2114 naturae
911 2057 1055 2132 portenta
1078 2051 1187 2113 doceat
1206 2069 1268 2126 eos,
1293 2050 1341 2131 qui
1366 2069 1398 2110 se
1423 2068 1480 2111 non

129 2143 337 2214 aspernantur.

216 2223 346 2286 Rursum
369 2224 471 2306 itaque
494 2244 597 2288 verum
620 2226 675 2287 hoc
694 2225 799 2288 lectori
818 2225 1002 2297 commendo,
1026 2232 1209 2288 cometarum
1225 2244 1278 2288 ssu
1296 2223 1480 2298 crinitorum,

130 2310 333 2388 barbatorum,
359 2313 555 2377 caudatorum
578 2315 709 2376 siderum
734 2333 859 2394 corpora
883 2314 973 2394 plane
996 2313 1149 2394 pellucido
1177 2333 1215 2376 ex
1245 2313 1347 2394 optioa
1370 2311 1480 2388 doceri,

130 2408 307 2480 argumento
330 2401 398 2474 hoc,
423 2403 501 2484 quod
524 2403 638 2464 caudas
662 2423 682 2464 a
699 2401 770 2466 Sole
794 2411 899 2465 tenent
923 2421 1057 2464 aversas.

103 2509 105 2518 ¹
219 2489 333 2552 Verum
358 2491 488 2553 secundo
512 2498 544 2552 et
565 2491 622 2552 hoc
646 2499 703 2566 est,
728 2508 855 2570 corpora
876 2491 930 2552 illa
952 2489 1103 2570 pellucida
1117 2489 1258 2552 densiora
1272 2507 1339 2552 esse
1359 2487 1482 2549 aethere

127 2575 240 2659 inquo
265 2578 443 2642 discurrunt.
490 2579 604 2642 Verum
628 2587 678 2642 ost
701 2587 733 2640 et
754 2579 830 2642 illud
852 2579 984 2654 tertium,
1016 2597 1054 2640 ex
1077 2577 1219 2657 analogia
1250 2583 1349 2638 motus
1377 2593 1481 2636 come-

130 2673 228 2728 tarum
251 2666 381 2746 plurima
402 2687 457 2730 nos
482 2668 518 2729 de
542 2669 607 2729 loco
632 2675 815 2730 cometarum
838 2667 952 2742 doceri,
977 2675 1150 2747 certumque
1179 2665 1299 2737 hahere,
1321 2665 1482 2748 plerosque

131 2772 225 2834 supra
247 2754 366 2818 Lunam
388 2756 419 2818 in
443 2756 593 2818 altissimo
617 2756 739 2818 aethere
763 2755 887 2816 versari.
933 2754 978 2817 At
1007 2763 1146 2837 quartum
1179 2752 1256 2834 quod
1289 2752 1375 2813 addit
1397 2750 1482 2812 Pena

133 2841 255 2904 dubium
278 2853 344 2918 est,
378 2863 415 2908 an
449 2844 575 2924 cometis
597 2844 644 2907 vis
668 2843 865 2906 calefaciendi
896 2843 970 2906 insit
1000 2844 1066 2922 lege
1099 2842 1219 2922 optica,
1257 2842 1326 2903 dum
1358 2838 1481 2901 refracti

130 2927 213 2993 Solis
244 2931 321 2994 radii
358 2933 388 2994 in
417 2934 551 3013 corporis
584 2933 722 2995 cometici
759 2933 895 3012 ingressu
929 2931 1069 3011 exituque
1101 2940 1172 3010 post
1204 2948 1311 3008 corpus
1343 2927 1381 2989 ad
1414 2925 1482 2989 coni

130 3036 301 3082 mucronem
324 3029 469 3100 eoguntur
493 3039 587 3101 eaque
620 3021 775 3083 coactione
810 3020 871 3081 vim
901 3018 1079 3082 incendendi
1112 3017 1292 3098 concipiunt.
1336 3017 1417 3080 Nam
1448 3024 1483 3077 ut

129 3107 211 3182 dem,
242 3108 344 3171 radios
369 3109 413 3172 sic
436 3109 465 3171 in
490 3129 595 3172 conum
618 3109 714 3184 coire,
743 3108 882 3190 nuspiam
905 3115 1047 3188 sequetur
1069 3106 1312 3168 inflammationis
1335 3103 1483 3166 violentia

128 3195 186 3258 nisi
209 3195 314 3259 inille
339 3197 405 3276 ipso
435 3199 502 3260 coni
536 3216 676 3260 mucrone
707 3198 738 3259 in
771 3197 919 3276 profundo
952 3197 1084 3258 aethere.
1132 3193 1213 3266 Quid
1244 3212 1317 3255 vero
1349 3194 1405 3255 hoc
1443 3189 1482 3252 ad

129 3291 246 3346 aestum
269 3285 362 3362 illum,
388 3287 437 3366 qui
455 3286 503 3348 hic
521 3287 553 3349 in
567 3285 668 3348 Terris
692 3284 861 3348 excitatur?
887 3282 1003 3366 Deinde
1017 3303 1077 3345 non
1101 3283 1198 3346 cauda
1220 3283 1275 3346 illa
1297 3290 1481 3343 cometamm

130 3373 292 3454 conspicua
315 3393 407 3436 conus
430 3375 495 3455 ipse
519 3382 568 3437 est
590 3375 750 3448 radiorum,
775 3393 847 3438 usus
871 3391 994 3452 corpore
1019 3379 1155 3434 cornetae
1178 3390 1232 3454 pro
1256 3369 1341 3445 hasi3
1380 3370 1433 3431 sed
1457 3368 1483 3430 si
1530 3436 1536 3454 ,

131 3461 289 3542 plurimum
313 3461 381 3524 huic
404 3463 604 3543 speculationi
628 3462 829 3538 tribuerimus,
855 3463 952 3525 cauda
974 3461 1050 3524 haec
1074 3479 1169 3523 novus
1192 3479 1284 3522 conus
1308 3467 1374 3528 est,
1404 3457 1481 3518 inci-

130 3551 216 3628 piens
239 3551 280 3612 ibi
303 3551 355 3614 ubi
377 3570 469 3615 conus
494 3553 590 3628 alter,
623 3552 708 3631 cujus
739 3551 770 3614 in
802 3569 924 3631 corpore
945 3557 1084 3636 ¹cometae
1112 3548 1215 3624 basis,
1249 3548 1278 3610 in
1312 3563 1483 3608 mucronem

132 3637 257 3700 desinit:
295 3641 374 3719 quod
397 3641 447 3704 lex
471 3640 574 3720 optioa
596 3641 686 3704 docet
706 3639 841 3721 proxime
864 3646 936 3719 post
966 3657 1075 3720 corpus
1108 3643 1244 3700 cometae
1272 3635 1345 3698 fieri.
1392 3633 1485 3695 Radii

131 3725 225 3806 igitur
248 3725 350 3802 Solis,
384 3738 533 3808 quatenns
566 3729 752 3792 constituunt
783 3727 977 3808 conspicuum
1007 3727 1091 3789 illum
1123 3733 1270 3798 tractum,
1309 3740 1396 3802 quem
1428 3738 1483 3782 nos

131 3815 259 3878 caudam
282 3817 479 3898 appellamus,
499 3817 564 3898 jam
587 3816 697 3880 iterum
721 3816 892 3897 divergunt.
930 3814 1068 3878 lucensio
1092 3832 1163 3876 vero
1178 3831 1236 3875 non
1252 3829 1289 3872 ex
1304 3809 1483 3908 diversione,

130 3903 185 3966 sed
217 3923 256 3967 ex
288 3906 421 3968 sectione
455 3907 607 3970 radiorum
645 3905 746 3970 oritur.
793 3904 887 3967 Nulla
915 3903 1007 3984 igitur
1038 3903 1068 3965 in
1100 3902 1197 3964 canda
1219 3899 1265 3961 vis
1295 3897 1483 3970 incendendi,

130 3993 184 4054 sed
208 3993 235 4054 si
259 4002 308 4056 est
330 3994 448 4077 aliqua,
481 4003 530 4059 est
560 3995 589 4056 in
615 3995 749 4057 sectione
772 3992 922 4056 radiorum
945 3991 1081 4072 proxime
1115 4007 1242 4070 corpus,
1277 3987 1354 4050 unde
1389 3985 1485 4046 canda
1517 4051 1523 4058 ,

129 4081 202 4144 talis
225 4083 283 4146 inei
307 4083 340 4145 it.

219 4101 304 4234 Etsip
312 4191 384 4234 vero
408 4171 500 4234 dubia
524 4179 582 4247 est,
607 4178 641 4233 ut
663 4168 734 4242 dixi,
759 4169 833 4244 haec
846 4169 949 4231 Pence
973 4162 1166 4228 ratiocinatio
1190 4163 1227 4227 de
1252 4163 1358 4225 effectu
1382 4179 1482 4222 come-

130 4267 196 4336 tae,
230 4269 350 4322 tantum
382 4268 485 4323 tamen
518 4259 608 4322 abest
639 4265 674 4320 ut
703 4257 823 4337 penitus
856 4254 1114 4340 contemnendam!
1131 4251 1282 4333 judicem,
1320 4257 1354 4312 ut
1384 4248 1484 4351 potius

131 4349 397 4430 generosissimam
421 4349 559 4412 omuibus
583 4347 788 4410 commendem
811 4345 967 4420 attalem,
993 4363 1032 4404 ex
1055 4341 1166 4424 quade
1182 4349 1366 4403 cometarum
1381 4337 1484 4400 caudis

130 4436 389 4501 abstrusissimum
412 4445 540 4501 naturae
563 4454 707 4499 arcanum
731 4435 794 4498 erui
816 4453 907 4516 possa
936 4431 1115 4496 existimem.
1162 4429 1277 4510 Scripsi
1307 4428 1363 4488 hac
1392 4427 1429 4487 de
1452 4444 1484 4487 re

130 4526 244 4608 aliquid
277 4526 308 4590 in
341 4526 543 4607 descriptione
569 4523 753 4587 Germanica
784 4531 938 4598 cometae,
972 4522 1022 4602 qui
1051 4519 1138 4582 fulsit
1160 4535 1237 4579 anno
1267 4511 1363 4580 1607:
1397 4533 1485 4595 quam

130 4615 223 4678 latine
248 4615 341 4677 etiam
365 4617 584 4678 adornaveram
608 4631 676 4674 eum
699 4611 955 4675 demonstratione
973 4607 1174 4690 pulcherrima
1187 4605 1334 4685 trajectus
1350 4613 1484 4666 cometae

130 4703 281 4766 rectilinei
313 4721 368 4784 per
400 4703 532 4766 aetheris
561 4700 753 4782 profundum:
787 4701 841 4762 sed
870 4696 1128 4779 exspectationem
1159 4713 1255 4756 meam
1280 4693 1485 4777 typographus
1519 4731 1522 4740 ι

132 4793 233 4866 elusit,
257 4799 418 4874 manetque
442 4793 561 4856 libellus
585 4790 615 4852 in
639 4787 758 4852 scriniis
782 4789 875 4852 aliam
898 4795 1079 4869 exspectans
1103 4783 1301 4846 occasionem.
1322 4775 1365 4857 ²⁸)
