3672 5528
311 265 374 332 198
777 264 970 328 ramponem
986 265 1014 316 in
1032 264 1199 316 vitellianum.

308 443 564 518 evidentissimae,
590 439 825 522 promtissimum
848 449 898 503 est
920 442 1069 522 experiri·
1092 443 1123 503 in
1147 447 1219 504 aare
1238 438 1340 520 Tychu
1358 438 1497 501 Brahens
1520 443 1663 518 expertus

309 542 373 610 est,
402 533 534 596 inventis
562 532 670 594 iisdem
700 530 933 593 retractionibus
958 531 1040 593 Sulis
1069 539 1101 592 et
1124 532 1244 602 Lunae,
1275 547 1398 608 quorum
1429 528 1479 590 ille
1507 527 1664 608 vigeuuplo

308 624 398 704 hujus
422 623 519 684 abest
567 618 737 693 (Retractio
766 621 883 682 Lunam
911 621 1020 682 stellae
1044 639 1103 682 non
1132 619 1323 698 conjunctam
1351 615 1610 696 repraesentabit,
1637 616 1664 678 si

309 713 387 776 citra
408 709 620 773 refractionem
648 709 816 788 disjunctae
846 709 966 771 fuerunt
992 709 1215 789 appariturae)
1261 705 1308 767 Ac
1340 706 1399 768 etsi
1423 706 1454 767 in
1486 698 1588 768 lixis
1585 723 1663 784 pau·

309 801 380 864 onia
402 799 517 861 minuta
540 799 664 868 desunt,
693 817 815 860 causam
838 807 940 860 tamen
968 817 1055 862 nemo
1085 817 1179 860 sanus
1202 797 1231 860 in
1260 794 1439 858 distantiam
1463 813 1564 856 earum
1588 813 1663 856 con·

307 888 425 970 jecerit,
451 887 499 967 qui
523 885 725 966 perpenderit,
750 887 817 948 fiais
836 895 868 949 et
886 887 1028 964 planetis,
1054 905 1177 968 quornm
1202 884 1293 964 aliqui
1310 883 1382 946 Sole
1406 883 1562 964 propiores
1583 890 1663 956 sunt,

309 1001 328 1040 a
360 975 502 1058 Tychone
539 977 663 1038 easdem
700 975 821 1037 ascribi.
878 975 1011 1038 Causam
1048 975 1141 1054 igitur
1178 973 1266 1054 hujus
1303 972 1346 1035 rei
1384 973 1463 1034 inira
1499 971 1664 1034 ventilabo.

308 1068 437 1128 Frustra
470 1063 562 1142 igitur
594 1073 642 1126 est
670 1063 922 1140 Rothumannus‚
954 1065 1048 1128 Tomu
1081 1063 1108 1128 l.
1159 1063 1363 1145 Epistularum
1397 1059 1665 1125 astronomicarum

310 1153 460 1236 Tychunis
485 1153 536 1216 sol.
565 1149 637 1216 124.
663 1153 852 1228 existimans,
878 1154 936 1215 nisi
960 1174 1053 1216 causa
1075 1151 1265 1218 retractionis
1289 1151 1318 1213 in
1343 1151 1498 1214 fortuitum
1523 1167 1665 1229 vaporem

310 1240 498 1320 conjiciatur,
524 1243 574 1322 qui
598 1241 761 1304 verticibus
785 1242 1009 1305 observantium
1028 1262 1087 1306 non
1111 1240 1363 1321 superimmineat,
1389 1241 1451 1302 iore
1472 1247 1505 1301 ut
1527 1239 1665 1301 diversae

309 1333 436 1394 lixarum
467 1329 580 1392 aSole
614 1338 644 1393 et
672 1330 804 1410 planetis
832 1332 1011 1411 contingant
1040 1331 1249 1396 refractiores.
1295 1331 1338 1392 Et
1365 1328 1501 1410 quamvis
1529 1327 1667 1390 Braheus

311 1421 340 1483 in
364 1419 644 1500 Progymnasmatis
669 1420 720 1482 iol.
746 1417 822 1484 280.
847 1421 952 1482 Lunae
975 1421 1173 1485 refractiores
1196 1419 1367 1499 suspicatus
1390 1426 1439 1480 est
1466 1418 1597 1498 majores
1628 1417 1666 1476 ob

310 1507 521 1582 vicinitatem,
555 1517 655 1570 tamen
687 1509 738 1571 fol.
766 1505 837 1572 lul.
869 1528 946 1591 quae
973 1510 1125 1591 posterius
1148 1509 1285 1589 scripsit,
1309 1507 1524 1580 retractiones,
1549 1513 1581 1568 ut
1601 1506 1666 1584 jam

312 1598 384 1672 diri,
409 1596 530 1661 easdem
556 1616 622 1659 cum
645 1597 802 1663 Solaribus
826 1597 950 1660 invenit.

397 1686 619 1766 Propositio
657 1687 696 1748 V.
756 1686 1026 1750 Refractiones
1066 1693 1242 1750 crescunt
1282 1685 1385 1748 circa
1427 1685 1666 1746 horizontem

310 1774 586 1857 praecipitatis
622 1775 934 1838 incrementorum
970 1776 1293 1858 proportionibus.
1355 1772 1435 1844 Quia
1472 1771 1551 1834 enim
1589 1773 1666 1834 dnae

310 1883 421 1926 causae
453 1862 536 1926 sulae
567 1873 762 1939 concurmnt,
794 1866 886 1927 tertia
910 1867 980 1946 (per
1001 1865 1215 1945 praemissam)
1243 1862 1327 1926 nulla
1354 1872 1411 1925 est.
1459 1861 1541 1940 Ergo
1570 1861 1667 1923 altera

311 1959 474 2028 causaest
498 1952 742 2021 inclinationibus
765 1955 1010 2034 proportionalis,
1035 1955 1135 2018 altera
1158 1953 1268 2016 crescit
1290 1971 1358 2014 cum
1381 1949 1554 2014 secantibus
1578 1949 1666 2011 incli-

312 2040 478 2115 nationum.
525 2041 605 2116 Nam
639 2041 709 2122 qnia
741 2061 832 2124 supra
858 2044 948 2106 BLM
980 2052 1082 2107 rectus
1114 2051 1147 2104 ut
1175 2051 1207 2104 et
1235 2040 1335 2116 BOA,
1369 2049 1402 2102 et
1428 2039 1518 2102 LBM
1549 2038 1666 2118 utrique

311 2129 464 2207 triangulo
494 2131 675 2204 cummunis,
703 2141 791 2202 amnt
820 2132 937 2204 similia¹
954 2133 1120 2212 triangula,
1149 2151 1220 2213 ergo
1243 2139 1278 2193 ιιι
1301 2129 1359 2193 ΟΔ
1382 2131 1420 2192 ad
1444 2128 1515 2204 AB,
1539 2127 1583 2190 sic
1607 2127 1668 2188 th

312 2219 352 2292 ad
375 2218 456 2292 MB3
480 2218 534 2283 sed
557 2219 615 2282 AB
638 2227 710 2284 sunt
732 2230 874 2284 secantes
901 2221 1128 2284 inclinationum
1151 2219 1253 2294 Asu·
1278 2218 1327 2299 qui
1350 2218 1381 2280 in
1404 2219 1462 2280 line
1490 2214 1667 2297 quadrantis

313 2305 413 2380 subite
446 2315 602 2382 crescunt,
635 2328 707 2390 ergo
736 2317 768 2372 et
790 2311 859 2372 ΒΜ.
906 2313 950 2373 At
973 2311 1003 2372 in
1026 2308 1087 2371 ΒΜ
1114 2311 1152 2371 ad
1183 2310 1245 2370 ML
1276 2307 1468 2389 proportione
1498 2307 1546 2368 rel
1580 2303 1691 2384 quasi.

313 2393 442 2470 diximus
478 2395 676 2470 retractiones
704 2417 854 2474 crescere,
889 2407 1101 2480 praeterquam
1133 2399 1211 2480 quod
1235 2396 1502 2478 proportionaliter
1531 2401 1669 2456 crescunt

313 2483 390 2566 ipsis
413 2482 668 2560 inclinationibus,
693 2496 833 2551 crescunt
857 2489 948 2569 igitur
971 2497 1003 2550 ot
1026 2488 1224 2550 refractiores
1248 2487 1359 2549 subito.

403 2573 624 2654 Propositio
648 2575 705 2640 Vl.
745 2576 820 2640 Cum
844 2587 943 2642 antem
968 2579 1028 2640 ΒΜ
1052 2579 1083 2639 ιιι
1108 2575 1218 2657 duplici
1239 2577 1281 2638 sit
1304 2573 1555 2646 consideratione,
1580 2579 1668 2650 prout

313 2681 381 2728 cum
405 2661 499 2732 radiis
532 2663 744 2728 retractionem
776 2665 878 2746 pausis
906 2669 954 2730 vel
978 2667 1009 2728 in
1040 2665 1146 2729 rariori
1174 2666 1223 2728 vel
1247 2665 1277 2726 in
1301 2663 1432 2726 densiori
1463 2660 1562 2724 medio
1593 2659 1668 2721 alios

313 2761 404 2833 atque
429 2751 505 2814 alius
529 2754 656 2832 angulos
681 2755 764 2828 facit,
789 2755 943 2818 sciendum
966 2756 1072 2836 igitur,
1104 2773 1224 2816 eorum
1252 2753 1482 2833 angulorum.
1500 2748 1668 2812 inciden-

313 2841 389 2905 tiae
418 2848 594 2902 secantes
623 2861 849 2908 concnrrera
873 2846 917 2908 ad
947 2863 1152 2908 mensuram
1182 2843 1469 2914 refractionem,
1500 2839 1562 2919 qui
1586 2857 1668 2900 uuu-

314 2929 528 3030 atituuntur
551 2929 593 2992 ad
618 2933 860 3012 superficiem
882 2935 918 2997 in
941 2933 1059 2996 medio
1084 2932 1260 2995 densiori.
1299 2932 1336 2994 Id
1355 2931 1394 2993 ab
1418 2928 1548 2992 absurdo
1571 2933 1668 3007 patet.

315 3017 392 3085 (lum
416 3017 495 3080 enim
523 3037 631 3083 secans
662 3021 744 3084 circa
775 3023 962 3088 horizontem
986 3023 1039 3086 fiat
1066 3021 1212 3096 infinitus,
1247 3019 1273 3083 si
1302 3019 1509 3083 consideretur
1540 3015 1669 3078 medium

314 3104 429 3178 rarius,
455 3113 612 3184 oporteret
634 3110 773 3176 effectum
798 3113 864 3192 eJus
888 3133 1004 3194 quoqne
1029 3111 1174 3174 inlinitum
1197 3129 1265 3172 esse
1287 3117 1317 3171 et
1341 3127 1443 3172 omnes
1467 3104 1671 3168 horizontales

316 3193 503 3259 radiatiunes
526 3195 641 3261 infinito
670 3198 781 3278 angulo
810 3201 942 3281 refringi.
991 3199 1080 3272 Quod
1108 3199 1269 3262 absurdum
1294 3207 1342 3260 est
1370 3197 1460 3260 dictu.
1506 3195 1576 3256 Non
1599 3211 1670 3272 ergo

317 3289 458 3344 secantes
490 3284 697 3362 angulorum
689 3307 718 3348 m
748 3289 845 3352 medio
876 3291 982 3352 rariori
1013 3299 1083 3351 eunt
1113 3288 1277 3350 adhibendi
1305 3289 1371 3349 loco
1403 3301 1579 3358 mensurae,
1612 3301 1671 3343 non

317 3369 437 3437 scilicet
458 3371 613 3450 proportio
637 3375 699 3436 ΒΜ
722 3377 760 3437 ad
784 3379 860 3453 ML,
886 3379 939 3440 sed
970 3377 1123 3459 pmportiu
1146 3377 1208 3439 ΒΜ
1231 3377 1270 3438 ad
1293 3375 1360 3438 BR.
1407 3367 1588 3446 Praeterea,
1614 3369 1672 3432 atsi

316 3467 433 3536 ιιιιιιιιιιι
466 3469 567 3521 rectus
599 3460 717 3544 integer
750 3467 824 3539 (non
856 3467 940 3548 plns)
973 3487 1035 3547 per
1060 3474 1214 3529 secantem
1246 3465 1393 3526 infinitum
1429 3461 1671 3526 constitueretur,

317 3549 421 3613 unicus
445 3548 546 3616 radius
570 3569 608 3612 ex
631 3572 727 3633 aquae
757 3557 807 3618 vel
835 3557 1034 3638 cujuscunque
1064 3555 1153 3617 medii
1184 3554 1331 3635 profundo
1361 3548 1651 3633 perpendicularis
1643 3566 1672 3609 ιιι

317 3638 437 3702 unicum
467 3640 636 3719 superficiei
668 3651 809 3720 puuctum
840 3665 980 3724 egressus
1013 3652 1208 3725 spargeretur
1230 3643 1261 3704 in
1289 3642 1384 3705 libero
1414 3647 1485 3704 aere
1513 3639 1543 3700 in
1574 3635 1671 3700 hemi·

317 3727 490 3807 ephetriutn
524 3746 619 3792 omne.
667 3731 746 3794 Nam
778 3733 857 3798 idem
887 3735 947 3796 iter
975 3742 1023 3796 est
1054 3732 1236 3813 ingredienti
1266 3738 1298 3794 et
1330 3728 1506 3810 egredienti.
1553 3727 1599 3788 At
1627 3724 1673 3788 hie
1700 3795 1704 3802 ⁵

317 3815 516 3896 ingredientis
531 3817 589 3878 duo
608 3829 790 3899 ponerentur
804 3820 921 3899 itinera,
948 3825 1076 3886 alterum
1092 3843 1110 3882 a
1123 3821 1335 3902 perpendiculo
1350 3819 1478 3882 alterum
1495 3815 1674 3896 parallelum

318 3905 486 3984 superficiei
510 3925 616 3987 aquae,
642 3907 729 3989 idque
753 3911 957 3974 circumcirca.
998 3913 1034 3974 In
1057 3911 1187 3990 genuina
1209 3910 1299 3990 hujus
1323 3908 1367 3970 rei
1391 3925 1484 3969 causa
1506 3905 1621 3968 directe
1645 3910 1676 3963 et

317 4016 337 4057 a
359 3993 450 4074 priori
476 3995 712 4060 demonstranda
736 3999 857 4064 haereo.
904 4003 1020 4066 Forsan
1044 4001 1117 4062 haec
1141 4003 1204 4074 ιιι,
1234 3999 1311 4079 quud
1336 4016 1402 4060 cnm
1430 3994 1534 4075 anguli
1557 3993 1674 4056 refrac-

319 4083 410 4146 tionis
434 4084 548 4149 sintin
573 4085 669 4147 densa
697 4089 852 4167 superficie
881 4098 912 4152 et
939 4110 1033 4153 causa
1060 4107 1175 4168 quoque
1205 4087 1351 4150 resistens
1379 4083 1558 4165 dispersioni
1588 4081 1673 4154 lucis,

319 4190 489 4238 mensnram
514 4191 631 4253 quoque
654 4195 711 4255 par
735 4177 776 4239 sit
798 4178 879 4240 intus
904 4197 1057 4259 quaerere.
1100 4187 1130 4236 ln
1148 4186 1277 4251 magiam
1298 4185 1351 4241 Dic
1372 4183 1470 4258 quibus
1485 4182 1513 4237 in
1534 4182 1626 4246 tarnis,
1647 4187 1677 4234 et

319 4263 374 4317 eris
395 4263 461 4318 mihi
481 4280 600 4336 magnus
621 4267 794 4336 Apollonius.

408 4349 631 4432 Propositiu
657 4353 728 4416 VII.
774 4356 815 4417 In
850 4356 968 4418 medio
1002 4355 1228 4418 densissimo
1262 4372 1387 4416 omnes
1420 4331 1676 4414 retractiones

321 4437 415 4500 liunt
438 4439 514 4500 ad'
505 4458 608 4519 rpsus
631 4445 982 4523 perpendiculares,
1008 4453 1169 4524 suntque
1198 4443 1381 4522 aequales
1404 4437 1675 4502 inclinationi-

321 4527 398 4588 bus.
446 4529 487 4588 ln
511 4529 647 4592 mediis
671 4531 785 4593 miuus
815 4534 958 4607 densis,
988 4553 1081 4614 qnae
1105 4534 1280 4596 minorem
1308 4531 1444 4593 habent
1471 4525 1675 4592 refractio-

322 4632 413 4688 nem,
451 4617 569 4696 magis
610 4621 870 4700 praecipitant
909 4621 1012 4683 illam
1050 4639 1179 4683 versus
1216 4622 1443 4683 horizontem
1480 4626 1516 4678 et
1553 4613 1676 4676 serios

322 4699 511 4782 incipiunt
534 4707 678 4770 sentiri.
716 4707 796 4794 Nam
819 4728 936 4772 summa
959 4709 1094 4773 densitas
1117 4711 1235 4772 ratione
1259 4709 1416 4772 infinitatis
1440 4726 1512 4770 snae
1536 4710 1678 4766 causatur
