3700 5530
291 289 358 362 590
715 258 815 349 mana
833 295 936 362 aaran
954 295 1105 362 namqu
1122 300 1225 348 suun

292 473 423 535 allicitur
447 472 485 534 ab
510 471 700 551 aspectibus,
734 474 782 555 qui
815 494 873 537 non
902 481 1020 537 tantum
1048 479 1120 536 suut
1142 472 1247 554 quanti
1270 471 1325 533 sed
1348 469 1440 533 ctiam
1465 471 1651 534 rationales:

292 562 422 644 percipit
444 561 535 641 igitur
557 561 651 623 Terra
674 561 803 644 aliquid,
836 565 914 646 qnod
946 564 1013 625 sola
1044 563 1123 625 ratic
1155 561 1294 642 percipit.
1340 561 1501 640 Magnetes
1533 580 1606 622 vero
1631 581 1652 622 a

292 652 374 714 nullo
398 649 523 712 rationis
546 649 681 730 subjecto
705 671 758 714 seu
782 653 902 732 objecto
926 659 1091 716 moventur.
1137 651 1249 714 Posses
1282 649 1486 730 sympathiam
1518 669 1650 728 magne-

292 740 385 802 ticam
407 745 546 820 respectu
570 741 761 819 sympathiae
784 741 860 803 coeli
884 749 916 802 et
944 741 1057 804 Terrae
1088 741 1186 802 dicere
1218 738 1407 802 materialem
1437 747 1470 799 et
1500 757 1649 818 corpora·

293 830 359 903 lem,
384 847 450 889 cum
475 827 549 888 haec
576 828 619 890 sit
650 828 785 891 formalis
808 831 909 909 potius
934 837 965 892 et
987 830 1130 891 mentalis
1153 847 1206 890 seu
1230 826 1398 889 rationalis.
1419 857 1461 868 -
1492 829 1650 908 Aspectus

293 915 546 979 extraordinarios
570 916 743 998 quintilem,
777 918 963 998 biquintilem
996 929 1028 980 et
1060 917 1254 998 sesquadrum
1287 915 1365 978 satis
1397 915 1435 976 ab
1460 915 1650 995 experientia

291 1005 525 1085 meteorologica
548 1007 760 1085 comprobatos
783 1008 893 1083 habeo,
920 1008 974 1070 sed
997 1006 1129 1070 insinuat
1152 1007 1259 1070 eadem
1287 1003 1472 1083 experientia
1496 1024 1553 1066 non
1578 1024 1649 1066 raro

291 1094 383 1158 etiam
407 1095 603 1156 semisextum
628 1114 681 1157 seu
705 1096 911 1158 duodecimam
934 1104 1052 1176 partem
1075 1095 1187 1168 circuli,
1211 1113 1277 1156 cum
1292 1095 1321 1154 in
1337 1093 1452 1158 musica
1479 1085 1543 1175 'lm
1575 1088 1644 1176 “lu

290 1203 348 1245 non
373 1182 480 1262 gignat
502 1201 609 1244 novam
632 1185 829 1246 harmoniam.
875 1185 954 1246 Nam
979 1179 1045 1267 ¹7„
1070 1184 1222 1263 proportio
1246 1178 1447 1258 estimatae,
1472 1191 1506 1242 nt
1529 1190 1561 1242 et
1583 1177 1649 1264 ¹s„,

291 1271 349 1333 etsi
378 1265 427 1354 Ἃ,
456 1272 498 1333 sit
520 1268 655 1350 ε’μμελης.
702 1273 745 1336 Ut
773 1273 904 1336 enimin
929 1273 1103 1356 syllogismo
1131 1292 1191 1333 uua
1218 1271 1362 1352 negativa
1388 1269 1491 1351 posita
1520 1288 1648 1330 necesse

290 1369 340 1422 est
363 1369 394 1424 et
418 1361 544 1422 alteram
568 1362 653 1440 poni,
678 1362 794 1424 duabus
817 1381 888 1426 vero
918 1361 1107 1424 affirmativis
1139 1360 1247 1440 positis
1279 1367 1312 1421 et
1342 1358 1435 1420 tertia
1467 1358 1651 1420 affirmativa

289 1449 324 1510 tit
347 1449 521 1511 necessaria
529 1469 538 1524 ς
571 1449 669 1511 sicin
693 1451 828 1512 sectione
852 1451 982 1513 chordae
1006 1449 1037 1511 in
1061 1451 1134 1524 duo,
1167 1468 1234 1511 cnm
1261 1455 1326 1510 tres
1354 1447 1489 1508 existant
1518 1465 1648 1524 propor-

289 1537 387 1600 tiones
413 1559 431 1598 a
454 1537 549 1599 tribus
582 1539 736 1612 terminis,
771 1547 838 1601 tota
869 1540 993 1620 ejusque
1023 1539 1138 1599 duabus
1170 1537 1326 1616 partibus,
1363 1553 1423 1596 una
1453 1537 1649 1614 proportione

289 1623 469 1705 drappoocp
492 1629 593 1706 posite
616 1636 648 1689 et
667 1628 765 1689 altera
782 1628 903 1708 ponitur
926 1627 1124 1708 ἀναρμοστος,
1148 1635 1180 1687 et
1196 1625 1310 1688 duabus
1334 1623 1515 1686 harmonicis
1538 1623 1649 1702 positis

291 1723 324 1778 et
346 1715 439 1778 tertia
461 1716 495 1776 fit
517 1716 701 1780 harmonica.
745 1717 842 1797 Igitur
873 1715 1130 1795 duodecangulnm
1153 1715 1270 1776 videtur
1289 1713 1328 1776 ab
1345 1711 1532 1792 experientia
1554 1711 1650 1791 recipi

291 1803 372 1866 inter
394 1812 549 1884 aspectus,
582 1805 716 1884 quamvis
740 1806 916 1868 excludatur
939 1826 959 1866 a
980 1803 1103 1866 musica.
1150 1803 1230 1866 Nam
1259 1803 1285 1864 si
1314 1801 1382 1863 ideo
1413 1800 1521 1862 efficax
1545 1801 1650 1862 circuli

292 1891 522 1954 duodecimam
546 1894 665 1968 mundo,
690 1895 768 1974 quod
792 1895 921 1957 chordae
947 1893 1122 1954 duodecima
1153 1899 1302 1953 consonat
1324 1907 1390 1952 curn
1414 1896 1480 1950 tcta
1504 1891 1649 1966 (τριςσια-

290 2002 396 2044 rrooror
418 1980 464 2045 ἐπι
487 1983 643 2054 dianam),
668 1983 726 2044 erit
745 1991 776 2045 et
791 1983 906 2046 decima
925 1978 1025 2056 (36⁰),
1043 1989 1074 2044 et
1093 1988 1203 2042 octava
1227 1975 1327 2054 (w),
1353 1984 1385 2039 et
1399 1977 1528 2038 omnium
1544 1977 1650 2038 horum

291 2069 425 2146 dimidia,
462 2065 529 2144 18⁰,
563 2063 645 2154 22¹1,
656 2067 678 2145 ⁰,
715 2067 772 2135 15⁰
802 2072 967 2152 iterumque
1008 2070 1131 2132 dimidia
1159 2071 1190 2132 in
1222 2077 1419 2148 perpetuum,
1452 2066 1589 2128 efficacia
1618 2066 1650 2128 in

291 2159 411 2232 mundo,
437 2157 515 2238 quod
539 2178 597 2220 non
622 2159 812 2238 deprehendo
835 2178 889 2238 per
912 2159 1136 2239 experientiam.
1176 2156 1292 2221 Contra
1315 2156 1342 2218 si
1364 2154 1432 2216 ideo
1456 2172 1514 2216 non
1538 2155 1650 2216 efficax

291 2254 433 2327 aspectus
457 2241 526 2320 45⁰,
552 2247 621 2326 quia
645 2249 674 2308 in
697 2249 813 2311 musica
841 2245 887 2328 ¹1⁸,
918 2241 952 2332 Ἰ,
981 2249 1056 2310 facit
1077 2267 1166 2308 uuam
1196 2247 1291 2308 solam
1320 2253 1535 2306 consonantem
1561 2236 1648 2325 (¹l3),

291 2337 368 2398 duas
392 2335 584 2397 dissonantes
608 2329 676 2419 (Ἃ,
706 2329 769 2420 11,),
795 2345 865 2399 tnnc
889 2347 921 2401 et
949 2332 997 2416 Ἃ,
1031 2355 1133 2398 carere
1165 2335 1268 2398 debuit
1296 2332 1444 2407 efficacia,
1480 2332 1552 2412 quia
1580 2327 1648 2415 'lm

297 2415 365 2506 ΗΛ,
401 2423 541 2487 similiter
571 2424 664 2486 habet
696 2445 784 2488 unam
816 2433 933 2490 tantum
966 2432 1179 2488 consonantem
1210 2416 1313 2507 (¹l„),
1346 2423 1422 2484 duas
1454 2421 1648 2482 dissonantes

291 2506 378 2596 (¹l„,
410 2507 506 2594 ¹¹l„).
554 2513 653 2576 Valde
676 2513 769 2595 igitur
792 2513 881 2578 miror
908 2515 986 2577 hanc
1014 2533 1103 2576 uuam
1135 2514 1361 2593 exceptionem,
1392 2529 1459 2586 cum
1481 2510 1513 2572 in
1536 2509 1649 2571 ceteris

289 2619 344 2682 per
368 2603 466 2664 omnia
489 2602 550 2663 siut
573 2603 696 2665 eaedem
720 2605 995 2683 argumentationes
1019 2603 1049 2663 iu
1072 2602 1187 2664 musica
1210 2599 1294 2663 etin
1318 2599 1502 2682 aspectibus.
1547 2599 1648 2660 Video

291 2691 412 2770 quidem
447 2691 602 2771 pulchram
640 2693 770 2772 aliquam
806 2694 1022 2773 proprietatem
1059 2687 1298 2769 duodecanguli,
1331 2690 1415 2769 cujus
1446 2689 1569 2768 planum
1599 2693 1650 2748 est

289 2773 379 2862 gipsor
401 2787 433 2842 et
463 2773 495 2862 Ἰ.
523 2779 560 2840 de
583 2781 721 2859 potentia
744 2782 883 2862 quadrati
907 2779 1046 2844 diametri
1069 2787 1105 2850 (h.
1125 2802 1178 2838 a:
1193 2780 1225 2848 ’1.
1240 2783 1292 2849 α’).
1330 2775 1393 2840 Sed
1411 2777 1534 2857 planum
1557 2775 1647 2854 qnin-

289 2869 431 2949 quauguli
462 2877 496 2930 ut
527 2877 559 2930 et
595 2869 736 2949 trianguli
769 2889 827 2932 non
859 2879 909 2932 est
939 2867 1043 2950 poros,
1080 2877 1111 2931 st
1143 2877 1245 2931 tamen
1278 2866 1348 2929 hinc
1384 2875 1455 2928 sunt
1491 2874 1646 2945 aspectus.

165 3029 178 3048 δ
289 2957 400 3020 Nescio
423 2957 524 3036 igitur,
550 2976 618 3019 num
642 2975 689 3020 me
714 2958 802 3019 sallat
826 2957 1020 3039 experientia,
1046 2965 1116 3020 tune
1135 2957 1205 3037 jure
1229 2956 1370 3018 attendes
1392 2953 1430 3017 ad
1455 2973 1546 3014 auras
1569 2971 1647 3015 con-

289 3047 487 3120 stitutionem,
513 3048 630 3126 quaudo
654 3047 795 3128 planetae
820 3049 936 3110 distant
958 3048 1076 3127 integro
1093 3047 1190 3126 signo,
1214 3043 1304 3106 nullis
1326 3053 1487 3124 praeterea
1510 3042 1646 3106 existen-

289 3134 371 3196 tibus
396 3135 578 3212 aspectibus.

377 3222 484 3302 Negas
522 3224 616 3303 trigas
653 3241 760 3285 vocum
796 3222 1029 3285 considerandas
1061 3221 1090 3282 in
1127 3220 1266 3283 emendis
1303 3218 1476 3281 harmoniis.
1530 3219 1579 3280 Ex
1610 3237 1648 3280 eo

290 3309 445 3390 intelligo,
478 3317 509 3371 te
534 3311 593 3372 vim
617 3313 833 3391 speculationis
857 3330 942 3373 meae
967 3331 1023 3373 uon
1055 3309 1220 3391 percipere.
1267 3305 1414 3383 Quaeris,
1444 3325 1519 3388 quae
1550 3307 1645 3386 origo,

290 3418 366 3478 quae
391 3418 483 3459 causa
506 3399 748 3462 harmoniarum?
770 3400 970 3483 Respondeo:
1002 3399 1203 3462 sectionem
1234 3396 1364 3460 circuli
1387 3397 1648 3477 geometricam

289 3488 324 3550 in
354 3487 533 3551 rationes.
580 3488 722 3551 Perfecta
753 3490 850 3562 ratio,
882 3508 948 3550 cum
979 3489 1097 3554 termini
1127 3488 1251 3550 minoris
1284 3485 1438 3567 quantitas
1471 3503 1525 3545 seu
1557 3503 1647 3546 arcus

289 3575 432 3656 rivoloyor
456 3583 597 3656 estpars
622 3578 785 3658 quotavel
813 3586 923 3659 quotae
954 3579 1074 3652 circuli,
1108 3576 1289 3656 geometrice
1322 3583 1442 3637 resecta
1474 3593 1493 3634 a
1522 3573 1645 3634 circulo.

288 3665 425 3728 Videsne
448 3665 549 3744 igitur,
574 3666 613 3728 ad
637 3665 838 3728 definitionem
862 3675 945 3728 ortus
969 3665 1216 3747 uniuscujuslibet
1239 3663 1413 3726 harmoniae
1436 3661 1545 3742 requiri
1570 3679 1646 3724 cou-

289 3753 503 3816 siderationem
526 3755 650 3830 duarum
674 3754 766 3818 totius
789 3755 941 3835 partium?
965 3757 1044 3819 Nam
1068 3773 1120 3818 cur
1143 3753 1338 3816 exsectione
1366 3752 1502 3831 ejusdem
1525 3748 1547 3814 8
1571 3749 1600 3812 in
1623 3747 1645 3813 3

289 3852 321 3906 et
345 3841 364 3906 5
389 3847 591 3906 constituatur
614 3843 736 3925 aliqua?
760 3842 821 3906 Cur
845 3845 930 3916 enim,
956 3843 1013 3907 nisi
1037 3843 1107 3925 quia
1134 3843 1209 3905 haec
1241 3841 1340 3904 solida
1368 3841 1468 3925 ratio,
1497 3857 1573 3918 qnae
1598 3849 1648 3900 est

289 3932 382 3995 totius
407 3932 446 3995 ad
470 3930 490 3995 2
512 3940 616 4018 partes
640 3941 672 3994 et
704 3933 762 3994 hae
794 3933 873 3996 inter
901 3953 934 3994 se
968 3952 1027 3994 uon
1060 3939 1202 3996 constant
1232 3949 1271 3994 ex
1303 3929 1456 4010 perfectis.
1503 3927 1647 3990 Perfecta

289 4021 408 4102 quidem
432 4030 481 4082 est
502 4022 580 4084 ratio
612 4015 664 4106 70,
688 4021 758 4102 quia
788 4023 958 4102 octanguli;
990 4021 1226 4102 ἀγεωμετρητος,
1258 4019 1436 4099 imperfecta
1468 4016 1560 4078 etiam
1596 4011 1644 4098 7„

288 4111 360 4190 quia
390 4110 542 4172 derivatur
566 4129 603 4172 ex
632 4104 666 4194 Ἰ,
693 4112 741 4173 vel
768 4105 826 4192 Ἃ,
861 4129 926 4172 cum
960 4111 1054 4173 sectio
1087 4109 1189 4173 circuli
1225 4109 1254 4172 in
1288 4107 1307 4170 t
1339 4107 1380 4169 eit
1413 4103 1644 4185 dysmpsrpqaoe.

289 4197 323 4260 In
356 4197 480 4260 unisono
511 4207 543 4260 et
572 4195 850 4280 draroour'negas
881 4200 978 4262 locum
1010 4219 1077 4262 esse
1105 4199 1202 4279 trigis.
1248 4196 1387 4260 Falleris.
1433 4195 1469 4256 In
1493 4199 1646 4257 traraoos

289 4295 337 4348 est
361 4287 473 4348 chorda
497 4295 572 4361 tota,
598 4287 664 4349 dein
690 4289 753 4367 ejus
774 4290 849 4350 duae
870 4297 974 4368 partes
998 4289 1157 4369 aequales:
1182 4287 1212 4350 iu
1236 4287 1361 4349 unisono
1385 4292 1432 4348 est
1455 4283 1550 4366 primo
1574 4283 1643 4362 pul-

289 4377 386 4436 sanda
415 4376 528 4437 chorda
559 4387 683 4457 propter
706 4385 878 4446 ae-totam,
912 4378 1043 4440 secundo
1073 4386 1104 4440 et
1134 4375 1223 4438 tertio
1256 4383 1378 4456 propter
1410 4371 1579 4452 analogiam
1605 4371 1643 4434 ad

289 4471 407 4525 ceteras
431 4464 603 4539 divisiones,
628 4467 713 4546 quasi
737 4467 889 4527 eademst
907 4466 1034 4545 parasit
1051 4466 1110 4528 eibi
1133 4465 1190 4545 ipsi
1214 4463 1360 4544 aequalis.
1397 4463 1460 4524 luno
1484 4461 1643 4540 analogiae

289 4551 352 4614 sic:
384 4554 464 4614 Tota
490 4551 516 4627 i,
549 4562 672 4634 partes:
699 4553 725 4628 1,
751 4552 788 4629 03
819 4573 889 4615 ecce
921 4555 1030 4634 trigam
1062 4563 1185 4617 mutam.
1233 4554 1311 4614 Tota
1335 4549 1368 4625 2,
1400 4557 1522 4630 partes:
1553 4549 1578 4625 1,
1607 4549 1642 4624 t;

290 4641 493 4719 ageometrica
515 4661 574 4703 nou
598 4651 655 4704 est.
704 4643 782 4704 Tota
806 4640 835 4719 3,
859 4650 982 4722 partes:
1008 4641 1037 4718 2,
1066 4642 1081 4704 1
1094 4663 1104 4718 ;
1127 4662 1222 4706 novus
1245 4641 1305 4704 iste
1329 4641 1422 4702 lusus.

377 4729 557 4792 Boethius
590 4731 721 4813 explicat
751 4730 973 4811 speculationes
1001 4739 1152 4808 veterum,
1184 4731 1290 4813 quibus
1321 4726 1491 4808 incognitae
1524 4725 1644 4790 inerunt

290 4833 399 4878 causae
422 4817 652 4890 harmoniarum,
677 4838 752 4900 quaa
775 4820 989 4900 quaesiverunt
1002 4820 1032 4882 iu
1047 4821 1177 4883 numeris
1196 4819 1283 4882 nudis
1307 4818 1472 4882 manifesta
1494 4815 1642 4880 salsitate.
