3718 5528
322 233 393 356 334Ι
819 291 993 344 &nonomine
1010 290 1072 346 sm
1091 293 1189 359 opaea

412 468 461 531 Ex
484 469 531 532 his
555 469 697 548 sequitur,
722 469 780 532 etsi
803 488 858 532 nos
882 469 948 550 quis
972 471 1002 532 in
1026 474 1143 535 Lunam
1166 479 1220 535 aut
1242 472 1324 535 aliud
1347 471 1511 536 errantium
1531 479 1686 537 astrorum

322 560 502 634 transferet,
527 566 684 638 motusque
707 560 812 621 Lunae
836 559 877 620 sit
900 561 1029 623 rnsxime
1053 561 1204 624 sensibilis
1237 580 1330 623 causa
1353 561 1535 638 celeritatis,
1561 563 1598 623 de
1624 581 1683 643 quo

322 657 446 728 postea,
476 646 666 709 nihilominus
690 648 786 710 visum
809 648 845 710 iri
868 649 985 712 Lunam
1009 651 1165 712 nobiscum
1198 650 1368 732 quiescere:
1406 649 1510 714 Solem
1543 667 1615 712 vero
1650 659 1684 714 et

322 755 512 818 quaecuuque
537 736 638 798 sideru
662 737 691 798 in
711 737 797 816 justa
821 738 931 800 fuerint
954 741 1189 820 propinquitate,
1214 739 1316 802 omnia
1338 749 1461 820 praeter
1485 759 1557 802 suos
1580 747 1682 802 motus

321 826 358 886 iis
389 826 481 887 etiam
509 825 638 887 motibus
666 827 766 905 putari
798 829 926 902 moveri,
961 831 1011 909 qui
1040 828 1149 890 inerint
1177 828 1272 910 ipsius
1301 829 1394 891 solius
1417 830 1523 890 Lunae
1554 829 1680 911 proprii.

277 960 281 975 .
321 913 422 984 Quare
446 932 505 975 non
529 915 643 976 habeut
666 916 773 994 optici,
804 917 884 996 quod
907 935 946 979 en
969 937 1022 980 suo
1046 917 1175 979 armario
1204 924 1311 979 contra
1335 915 1535 998 Oopemicum
1567 917 1680 998 depro-

275 994 279 1051 ἷ
320 1012 413 1077 mant,
438 1004 507 1064 dum
531 1005 556 1064 is
579 1004 705 1066 Terram
728 1005 908 1066 domicilium
932 1015 1067 1068 nostrum
1091 1005 1203 1069 inoveri
1228 1007 1349 1069 statuit.

406 1092 449 1154 Et
471 1099 505 1153 ut
528 1094 584 1153 hoc
609 1093 701 1155 etiarn
725 1095 822 1156 obiter
846 1095 977 1170 addam,
1006 1094 1134 1174 triplicis
1167 1102 1266 1157 motus
1291 1093 1463 1157 absurditas
1485 1112 1541 1174 per
1563 1096 1680 1158 calum-

319 1181 399 1242 niam
424 1189 635 1261 exaggeratur.
682 1183 786 1245 Motus
810 1183 905 1258 euim,
932 1203 1018 1264 quens
1042 1185 1154 1246 Terrae
1179 1181 1365 1264 (lopernious
1389 1183 1510 1258 tribuit,
1536 1201 1593 1246 non
1617 1185 1682 1247 alia

322 1270 419 1332 forma
450 1278 506 1344 est,
540 1290 628 1350 quam
655 1281 741 1334 rotae
765 1273 796 1334 in
819 1291 906 1335 curru
929 1273 958 1335 in
983 1273 1129 1336 directum
1154 1281 1254 1334 eunte.
1302 1272 1433 1335 Primum
1456 1279 1525 1334 rota
1548 1290 1679 1335 couver-

318 1359 405 1433 titur,
438 1359 507 1421 dein
530 1361 725 1422 conversione
748 1361 817 1441 ipsa
840 1361 906 1423 axis
931 1363 1127 1436 mansfertur,
1162 1362 1252 1424 tertio
1276 1361 1343 1424 exis
1365 1364 1397 1425 in
1421 1362 1543 1424 easdem
1566 1362 1677 1442 plagas

318 1448 417 1528 vergit
440 1457 600 1529 manetque
624 1449 682 1511 sibi
705 1450 878 1529 parallelos.
926 1448 1002 1522 Quis
1029 1452 1079 1512 hic
1107 1449 1189 1514 tertii
1217 1458 1317 1512 motus
1346 1447 1515 1530 opinionem
1543 1451 1678 1530 concipit

322 1556 360 1599 ex
383 1556 429 1610 eo,
455 1539 534 1617 quod
556 1557 589 1599 re
607 1557 680 1600 vera
703 1539 787 1619 quies
811 1539 880 1600 est?

408 1626 488 1689 Nem
513 1628 592 1707 quod
615 1628 681 1689 axis
696 1629 806 1690 Terrae
830 1646 973 1691 successu
995 1629 1163 1690 seculorum
1186 1626 1309 1690 taudem
1333 1626 1426 1688 etiam
1449 1625 1620 1702 inclinatur,
1645 1627 1679 1692 id

320 1715 349 1776 in
372 1716 451 1776 hunc
475 1734 598 1777 censum
630 1736 687 1778 non
721 1717 820 1793 venit,
854 1727 994 1797 essetque
1017 1718 1119 1796 potius
1150 1723 1275 1799 quartus
1299 1723 1414 1791 motus,
1446 1716 1472 1777 si
1495 1715 1679 1778 calumniam

319 1803 427 1866 liberet
449 1812 619 1884 pertexere.
666 1805 843 1868 Astrouomi
868 1807 977 1880 sciunt,
1002 1807 1058 1868 hoc
1082 1823 1120 1867 ex
1144 1824 1178 1866 eo
1202 1822 1311 1884 genere
1335 1823 1419 1878 esse,
1453 1823 1510 1885 quc
1540 1823 1679 1886 apogaea

320 1900 352 1954 et
370 1894 441 1955 nodi
460 1893 589 1954 omnium
609 1894 800 1973 planetarum
816 1897 1048 1970 transferuntur,
1072 1913 1133 1956 uon
1148 1894 1234 1975 justo
1253 1901 1348 1968 motu,
1371 1895 1426 1957 sed
1445 1893 1575 1974 quadam
1593 1896 1679 1958 velut

320 1981 490 2044 differentia
513 1983 638 2045 deorum
661 1983 788 2046 aliorum
812 1986 1018 2047 confessorum
1040 1991 1183 2046 motuum.

408 2072 454 2132 At
471 2071 537 2150 jam
560 2073 654 2133 multo
678 2074 775 2135 minus
798 2073 952 2136 habebunt
975 2073 1067 2154 optici
1089 2080 1198 2136 contra
1221 2069 1436 2150 Oopemiuum,
1466 2069 1492 2131 si
1521 2087 1676 2142 monuero,

319 2179 357 2221 us
391 2160 564 2222 sensibilem
594 2161 711 2240 quidem
742 2181 809 2223 esse
841 2163 1028 2225 celeritatem
1061 2162 1201 2225 siderum.
1247 2161 1282 2222 Id
1306 2159 1490 2222 Aristoteles
1513 2158 1597 2222 Sect.
1624 2157 1677 2223 15.

320 2268 347 2328 q.
373 2248 423 2310 12.
438 2267 493 2328 pro
515 2250 652 2311 confesso
674 2258 808 2330 usurpat,
832 2251 943 2330 ἄδηλοι
960 2273 1011 2332 την
1023 2254 1186 2330 peropacae
1199 2246 1262 2328 ἡλιιι
1280 2247 1490 2329 pronuncians.
1523 2248 1566 2310 Et
1580 2247 1676 2312 Glau-

321 2338 424 2399 medes
449 2339 500 2400 lib.
526 2339 567 2401 II.
592 2335 654 2400 ιἰιιι
676 2335 750 2412 igue
774 2362 916 2419 φαιιιται.
963 2341 1088 2404 Rationi
1116 2357 1243 2420 namque
1275 2345 1510 2400 consentaneum
1545 2344 1608 2415 est,
1642 2346 1679 2402 ut

319 2426 400 2488 inter
424 2427 498 2488 duos
522 2436 637 2498 motus,
672 2431 721 2510 qui
753 2431 869 2492 tardior
896 2439 960 2506 est,
990 2430 1081 2512 quieti
1114 2428 1211 2509 magis
1244 2425 1438 2490 assimiletur.
1486 2424 1562 2490 Cum
1583 2426 1678 2505 igitur

321 2523 420 2579 motus
444 2516 489 2578 illi
511 2517 657 2580 animales
681 2527 713 2580 et
736 2521 962 2582 convolutiones
986 2519 1129 2600 corporis,
1153 2517 1234 2591 colli,
1258 2515 1424 2588 oculorum,
1449 2515 1552 2578 multis
1575 2516 1675 2596 parti-

319 2607 374 2668 bus
398 2606 558 2670 celeriores
577 2608 640 2669 siut
663 2609 842 2671 adsensum
865 2609 995 2671 motibus
1019 2607 1219 2681 coelestibus,
1242 2612 1338 2686 patet,
1361 2603 1455 2685 quieti
1472 2604 1573 2686 potius
1592 2606 1675 2668 assi·

319 2695 417 2757 milari
441 2696 592 2759 coelorum
616 2707 715 2759 motus
739 2717 758 2760 a
780 2697 847 2760 visu
870 2707 984 2761 nostro.
1030 2698 1067 2759 Id
1090 2697 1187 2776 magis
1210 2715 1248 2758 ex
1272 2713 1321 2768 eo,
1347 2694 1426 2774 quod
1449 2713 1498 2756 res
1522 2694 1678 2774 quaslibet

318 2784 461 2860 visibilis,
486 2793 521 2846 ut
543 2786 745 2866 quantitatem
769 2786 813 2849 sic
837 2794 869 2848 et
892 2787 1080 2850 celeritatem
1112 2793 1225 2848 certam
1257 2789 1379 2866 oportet
1400 2783 1515 2846 habeat
1547 2790 1579 2845 et
1602 2801 1675 2846 een-
1775 2789 1778 2800 '

319 2873 438 2935 sibilum
462 2875 684 2953 proportionem
709 2877 748 2938 ad
772 2877 889 2939 oculum
913 2877 1036 2958 ejusque
1061 2882 1170 2939 motus.

407 2961 557 3044 Quicquid
580 2971 629 3025 est
650 2973 773 3044 praeter
795 2966 882 3040 hanc,
908 2963 1118 3045 comprehendi
1141 2985 1161 3025 a
1182 2961 1250 3031 visu
1273 2960 1386 3042 nequit,
1409 2959 1676 3043 testanteoptica.

322 3051 401 3112 Vide
425 3048 456 3114 3.
481 3059 513 3112 et
530 3049 603 3114 110.
628 3055 727 3134 quarti
749 3053 935 3118 Vitellionis.
968 3053 1039 3116 Jam
1062 3053 1193 3115 siderum
1217 3050 1357 3113 celeritas
1379 3049 1410 3111 iu
1434 3049 1518 3112 nulla
1541 3051 1580 3113 ad
1603 3069 1677 3112 ssu-

319 3157 384 3200 snm
407 3141 600 3219 proportione
624 3150 691 3204 est:
716 3143 795 3224 quod
819 3143 864 3205 sic
887 3143 1056 3223 apparebit,
1080 3141 1106 3204 si
1128 3140 1309 3222 perpendas,
1332 3139 1429 3200 visum
1453 3145 1536 3202 tuum
1561 3159 1581 3202 a
1602 3137 1676 3202 Sole

319 3228 502 3291 circumferri
526 3229 608 3292 circa
630 3238 766 3294 centrum
789 3252 843 3296 seu
866 3235 1018 3295 oculorum
1041 3251 1093 3294 seu
1117 3230 1227 3310 cepitis
1245 3227 1402 3291 duodecim
1419 3228 1560 3292 horarum
1575 3229 1677 3308 spatio

318 3335 376 3376 non
400 3314 575 3396 plus180⁰‚
600 3338 655 3399 per
678 3320 757 3400 quod
780 3320 912 3403 spatium
936 3321 1019 3384 soliti
1041 3340 1144 3382 sumus
1163 3319 1241 3382 alias
1256 3318 1359 3380 oculos
1377 3325 1554 3380 convertere
1575 3317 1676 3394 citius,

320 3423 408 3485 qnam
432 3404 461 3467 io
486 3424 544 3467 uuo
568 3409 700 3470 secundo
723 3411 866 3490 temporis
890 3409 1003 3474 horarii
1025 3409 1174 3490 scrupulo.
1205 3406 1251 3468 At
1273 3406 1303 3468 in
1327 3424 1386 3468 uua
1405 3407 1480 3469 hora
1499 3413 1570 3469 sunt
1587 3401 1678 3472 3600

320 3493 461 3568 secunda,
487 3494 516 3556 in
540 3492 579 3557 tt
594 3496 677 3558 horis
700 3516 817 3562 summa
836 3507 884 3562 est
906 3495 1020 3564 43200
1042 3499 1249 3560 secundorum.
1282 3496 1328 3558 At
1350 3513 1427 3576 quae
1449 3495 1605 3576 proportio
1628 3502 1679 3558 est

318 3583 406 3646 unius
438 3582 478 3644 ad
516 3583 734 3666 quinquaginta
772 3587 886 3650 millia?
918 3590 1008 3668 plane
1041 3586 1234 3650 insensibilis.
1280 3584 1366 3647 Idem
1397 3603 1436 3647 ex
1470 3582 1544 3648 112.
1577 3583 1678 3666 quarti
1779 3645 1782 3654 .

318 3671 510 3747 Vitellionis,
547 3691 615 3736 cum
637 3679 688 3736 'res
711 3675 779 3738 visa
801 3677 939 3740 sensibili
962 3685 1099 3757 tempore
1127 3675 1157 3738 in
1181 3673 1288 3736 eodem
1310 3673 1377 3737 loco
1400 3671 1537 3736 sensibili
1559 3672 1676 3749 haeret,

192 3832 196 3837 ⁴
319 3768 444 3842 putatur
468 3760 631 3842 quiescere.
678 3761 741 3826 Sed
764 3765 820 3828 hoc
844 3766 882 3828 de
905 3766 1054 3829 sideribus
1077 3783 1181 3826 verum
1203 3771 1261 3826 est.
1307 3763 1493 3826 Momentum
1518 3762 1598 3826 enim
1620 3779 1677 3824 seu

318 3867 408 3913 uuum
431 3852 594 3914 secundum
619 3853 711 3915 horae
730 3855 901 3934 scrupulum
925 3855 1018 3936 (quod
1033 3856 1095 3918 iere
1110 3852 1228 3934 pulsum
1241 3852 1421 3914 arteriarum
1434 3852 1515 3914 solet
1527 3853 1675 3932 aequare)

319 3947 438 4020 tempus
464 3947 511 4002 est
535 3941 696 4018 sensibile,
730 3943 814 4006 locus
846 3962 917 4006 uero
946 3963 1000 4007 seu
1023 3962 1111 4007 arcum
1134 3943 1213 4005 oculi
1234 3940 1322 4004 unius
1345 3941 1456 4022 gradm
1480 3939 1678 4021 amplitudine

319 4028 425 4090 sentiri
448 4028 513 4092 sine
537 4047 593 4092 usu
623 4031 815 4096 instrumenti
837 4032 951 4116 nequit.
998 4033 1043 4096 At
1075 4032 1158 4096 sidus
1190 4028 1211 4094 4
1240 4029 1362 4093 minutis
1392 4028 1514 4110 primis,
1542 4028 1600 4092 hoo
1627 4035 1678 4091 est

318 4114 386 4181 240
408 4117 531 4181 minutis
554 4121 694 4182 secundis
717 4121 747 4184 in
771 4123 968 4204 unoquolibet
989 4123 1085 4204 gradu
1108 4122 1228 4197 haeret,
1251 4120 1309 4182 hoc
1332 4117 1433 4181 estin
1456 4118 1570 4198 aliquo,
1595 4117 1677 4199 quod

320 4225 397 4287 pene
420 4208 524 4288 puncti
546 4209 696 4272 rationem
718 4210 821 4274 habet.
868 4213 975 4292 Itaque
1003 4209 1144 4298 quioquid
1174 4209 1211 4272 ds
1241 4207 1392 4270 coelorum
1419 4207 1550 4270 motibus
1573 4214 1623 4269 est
1644 4205 1675 4269 in

320 4295 432 4358 nostris
468 4297 620 4374 sensibus,
655 4297 798 4362 beneficio
834 4300 1075 4363 ratiocinationis
1111 4297 1339 4361 intervenientis
1375 4296 1540 4360 hausimus.
1587 4293 1676 4358 Prius

319 4383 374 4448 Sol
396 4383 459 4447 illio
482 4392 559 4460 erat,
579 4387 644 4466 jam
668 4387 716 4449 bic
740 4396 806 4465 est;
830 4389 887 4451 huc
911 4389 1003 4469 igitur
1025 4388 1094 4452 inde
1116 4394 1273 4469 promotus
1296 4391 1355 4448 est
1657 4403 1659 4410 ’

408 4471 666 4544 Quemadmodum
685 4483 786 4540 autem
809 4485 922 4540 motum
938 4477 968 4540 in
990 4495 1099 4556 genere
1119 4474 1342 4557 quiescentibus
1363 4491 1420 4556 per
1437 4490 1568 4537 errorem
1582 4473 1675 4536 attri-

320 4561 385 4623 buit
416 4562 514 4638 visus,
546 4564 590 4626 ita
618 4571 649 4628 et
676 4573 776 4628 motus
809 4564 927 4647 species
959 4565 1017 4628 sibi
1044 4564 1196 4646 contingit.
1242 4563 1322 4626 Hinc
1344 4569 1443 4627 ortum
1467 4569 1499 4624 et
1521 4579 1674 4636 occasum,

319 4649 376 4712 huo
399 4658 448 4713 est
470 4669 628 4717 ascemuru
651 4662 683 4717 et
706 4655 882 4718 descensum
905 4653 989 4716 visus
1013 4652 1154 4717 attribuit
1176 4652 1335 4726 sideribus,
1358 4660 1392 4716 et
1415 4649 1552 4730 Ovidius,
1576 4651 1676 4716 visum

320 4737 464 4816 imitatus,
489 4739 673 4804 Phaethonti
696 4743 883 4824 lepidissima
903 4742 1015 4817 fabule,
1039 4743 1091 4806 lib.
1107 4741 1471 4823 metamorphoseon:
1497 4742 1569 4822 quia
1590 4739 1675 4802 viam

319 4825 375 4890 has
400 4827 532 4890 locorum
554 4829 739 4894 differentias
762 4831 793 4892 iu
816 4830 935 4894 homine
960 4831 1085 4912 ejusque
1108 4832 1148 4894 ad
1170 4831 1356 4895 horizontem
1377 4829 1527 4894 visibilem
1544 4829 1675 4894 rectitu-
