3566 5536
348 279 414 350 736
823 289 863 340 De
882 242 962 342 stalla
978 287 1050 342 aava
1067 289 1218 354 Supsnuril

269 475 272 480 ’
350 463 461 538 utitur,
492 464 669 528 transscribi
696 484 802 546 posse:
834 466 934 548 itaque
958 475 990 528 et
1011 466 1246 548 significationes
1268 464 1389 528 illarum
1416 482 1521 529 rerum
1545 481 1610 526 non
1633 459 1703 540 reji-

349 553 489 638 ciendas,
513 553 571 615 nisi
593 557 780 635 apparuerit,
804 563 929 618 naturae
953 557 1167 620 consuetudine
1191 556 1289 618 solere
1312 554 1383 616 illas
1405 554 1541 615 evenire

435 641 497 705 Cur
518 649 619 722 autem
640 643 787 720 dubitem,
817 644 930 707 liberne
953 647 995 707 sit
1017 647 1158 728 spiritus,
1189 646 1240 727 qui
1267 652 1391 724 praeest
1412 642 1464 704 his
1486 641 1581 704 rebus
1606 640 1703 720 signi-

345 730 519 804 ficantibus,
551 752 590 793 an
613 751 684 794 vero
708 734 852 813 alligatus
875 735 1053 798 naturaliter
1076 735 1116 796 ad
1138 753 1247 814 corpus
1269 732 1389 808 mundi,
1422 751 1535 794 causas
1561 730 1703 810 utrinque

345 819 442 882 habeo
465 835 582 899 graves.
620 822 742 884 Etenim
763 842 840 904 quae
864 823 1069 903 significantur
1092 833 1232 905 temper
1255 823 1372 884 somnia
1389 840 1480 903 quam
1500 839 1559 900 per
1581 827 1703 880 ostenta

267 985 273 1002 ·
345 917 377 972 et
397 916 542 984 monstra,
567 927 604 972 ea
625 929 679 991 per
702 911 879 991 allegoriam
903 913 1083 992 significant,
1105 933 1166 976 non
1189 913 1312 985 directe,
1337 911 1430 984 clare,
1456 909 1603 972 dilucide.
1654 908 1704 970 Sic

344 1005 452 1060 natura
482 997 588 1060 ludens
619 999 774 1080 allegoriis
804 1008 835 1062 et
862 1001 988 1083 picturis
1015 1021 1113 1066 rerum
1144 1010 1192 1064 est
1221 1001 1268 1062 sui
1297 1000 1430 1072 arbitrii,
1462 1005 1495 1061 et
1523 1006 1653 1078 posset,
1679 998 1703 1058 si

343 1085 451 1161 vellet,
482 1107 544 1150 rem
573 1088 724 1170 explicare
754 1091 900 1166 dilucide;
931 1091 1084 1172 quaeritur
1114 1090 1307 1154 obscuritatis
1335 1089 1424 1151 ratio.
1470 1089 1522 1150 An
1557 1088 1704 1168 expedire

342 1184 445 1257 putat,
476 1177 590 1239 moneri
621 1177 758 1242 homines
790 1179 821 1241 in
844 1199 952 1260 genere
975 1200 1071 1263 neque
1103 1181 1140 1242 de
1172 1178 1271 1260 specie
1299 1186 1369 1240 ante
1397 1197 1461 1239 rem
1494 1177 1615 1238 factam
1639 1176 1702 1238 ficri

342 1265 506 1328 certiores?
530 1273 563 1328 at
583 1269 684 1348 potnit
706 1269 749 1330 sic
771 1286 892 1331 monere
915 1271 1045 1332 breviori
1068 1269 1254 1351 compendio,
1279 1267 1360 1350 quali
1383 1266 1526 1328 dicuntur
1548 1267 1598 1328 uti
1623 1265 1703 1345 genii

342 1355 480 1437 quidam,
514 1375 572 1418 uno
602 1357 692 1438 pulsu
721 1357 925 1438 significantes
954 1361 1116 1422 instantem
1145 1377 1257 1422 casum.
1304 1355 1457 1428 Quorsum
1492 1352 1590 1435 igitur
1633 1355 1702 1416 illae

343 1444 525 1506 somniorum
547 1453 579 1506 et
600 1454 801 1508 monstromm
819 1447 971 1528 ambages,
995 1467 1049 1529 per
1070 1468 1122 1510 eas
1141 1444 1383 1519 circumstantias
1398 1443 1573 1518 traductae,
1593 1445 1702 1524 quibus

343 1534 383 1594 ad
407 1535 537 1615 speciem
560 1535 656 1598 veniri
680 1536 780 1598 solet?
817 1539 867 1599 An
889 1556 1002 1612 venum,
1027 1538 1106 1618 quod
1121 1536 1209 1599 nobis
1223 1533 1405 1599 Plutarchus
1426 1533 1609 1608 insinuavit,
1635 1533 1702 1594 dnm

341 1641 463 1686 causam
486 1623 637 1704 perditam
659 1625 846 1688 oraculomm
869 1626 941 1706 agit,
965 1627 1120 1708 productis
1144 1643 1182 1688 ex
1205 1623 1355 1705 Sophocle
1378 1621 1540 1685 versiculis
1564 1623 1674 1684 hisce:

660 1724 838 1795 sapientibus
860 1743 910 1796 per
933 1727 1067 1798 ambages
1090 1725 1152 1780 lata
1171 1725 1270 1796 eloqui,

657 1807 753 1860 Famis
774 1807 936 1880 magistrum
956 1823 1069 1878 prorsus
1089 1811 1151 1860 etse
1172 1805 1305 1862 inutilem.

341 1893 376 1954 Id
399 1900 455 1966 est,
482 1893 649 1974 sapientem
671 1891 762 1956 nullis
786 1894 973 1956 oraculorum
996 1893 1173 1974 ambagibus
1196 1894 1347 1974 impediri:
1380 1891 1474 1955 stulta
1497 1891 1620 1956 nullam
1646 1911 1700 1953 ex-

341 1981 547 2063 planationem
577 1984 709 2044 sufficere
738 1983 776 2044 ad
806 1983 1043 2062 intelligendum.
1098 1982 1246 2046 Nimimm
1274 2001 1467 2065 quaecunque
1497 1990 1615 2044 natura
1645 1994 1699 2054 est,

341 2091 416 2154 quae
440 2071 622 2135 somniorum
645 2070 770 2152 picturis
793 2079 1036 2154 ostentorumque
1059 2072 1258 2134 allusionibus
1280 2071 1435 2134 nobiscum
1458 2071 1609 2152 loquitur,
1636 2090 1700 2132 cre-

341 2159 433 2222 dibile
448 2169 506 2235 est,
522 2160 668 2222 humanae
687 2169 813 2222 naturae
829 2161 1045 2223 ratiocinatricl
1062 2160 1100 2222 ob
1117 2160 1344 2222 similitudinem
1359 2161 1407 2222 sui
1422 2161 1561 2240 impense
1583 2161 1698 2220 farere.

340 2248 540 2313 calamitates
562 2250 654 2330 igitur
678 2249 846 2330 siguificare
868 2269 922 2330 per
945 2250 1098 2330 ambages,
1121 2257 1156 2312 ut
1176 2250 1313 2312 homines
1333 2251 1374 2310 ad
1394 2249 1650 2312 ratiocinandum
1666 2251 1698 2310 de

340 2337 440 2400 causis
464 2338 558 2420 (quod
579 2338 709 2402 hominis
732 2342 794 2413 est)
816 2349 1063 2420 permoveantur,
1087 2340 1187 2420 itaque
1210 2339 1292 2401 veris
1315 2339 1433 2412 causis,
1458 2337 1654 2419 praesertim
1676 2339 1699 2400 si

339 2426 459 2508 inipso
483 2428 601 2490 homine
625 2428 751 2504 fuerint,
781 2428 928 2508 cognitis,
959 2429 996 2489 de
1026 2427 1164 2508 genuinis
1186 2428 1328 2490 remediis
1352 2427 1497 2507 cogitent
1545 2429 1699 2490 Homines

339 2515 418 2578 enim
439 2535 493 2597 ρετ
515 2517 703 2600 labyrinthos
733 2519 823 2580 hosce
852 2517 1102 2598 significationum
1130 2517 1160 2579 in
1190 2517 1330 2598 ambiguo
1357 2516 1532 2590 constituti,
1564 2517 1699 2580 circum-

339 2605 470 2688 spiciunt
484 2607 666 2687 praesentia,
682 2607 864 2687 recolligunt
877 2608 1051 2687 praeterita,
1070 2606 1312 2669 collocantante
1338 2605 1441 2670 oeulos
1462 2605 1581 2681 fusura,
1603 2607 1699 2668 donec

338 2695 369 2758 in
392 2714 455 2757 rem
477 2696 576 2777 ipsam
599 2697 721 2759 tandem
744 2696 886 2758 incidant.

426 2787 495 2848 Mos
511 2785 570 2848 iste
584 2786 704 2868 quidem
717 2787 775 2848 Dei
792 2783 1060 2866 frequentissimus,
1082 2784 1129 2846 cui
1151 2801 1211 2846 uon
1231 2783 1341 2846 bonum
1361 2783 1458 2844 visum
1484 2792 1544 2856 est,
1570 2783 1700 2846 disertis

337 2874 439 2936 verbis
461 2874 597 2938 homines
621 2873 753 2956 quotidie
776 2875 898 2955 alloqui,
921 2872 1100 2955 praesertim
1120 2873 1157 2934 de
1175 2873 1266 2934 rebus
1284 2872 1473 2934 naturalibus
1487 2881 1528 2934 ‘et
1551 2874 1595 2935 ad
1609 2873 1699 2954 hujus

337 2963 419 3025 vitae
449 2963 699 3026 sustentationem
726 2963 964 3045 pertinentibus3
1003 2961 1098 3023 utitur
1125 2961 1179 3022 ille
1209 2962 1269 3022 alio
1300 2961 1448 3023 sermonis
1476 2979 1612 3041 genere,
1651 2982 1700 3042 ρετ
1751 3015 1752 3018 ,

338 3071 457 3114 cursum
479 3061 604 3115 naturae
629 3061 660 3114 et
681 3061 792 3115 motum
811 3071 985 3132 corporum;
1010 3051 1069 3114 alio
1092 3050 1259 3131 scripturae
1280 3069 1400 3130 genere,
1424 3070 1501 3131 qnae
1521 3050 1624 3113 habet
1644 3071 1697 3114 non
1751 3067 1752 3070 ’

336 3141 462 3203 miniata
484 3142 532 3203 vel
558 3149 657 3204 atrata
680 3143 828 3204 elementa
850 3140 958 3220 viginti
981 3141 1057 3214 tria,
1090 3139 1144 3201 sed
1175 3140 1244 3220 ipsa
1274 3158 1385 3219 magna
1414 3139 1518 3201 mundi
1549 3158 1693 3221 corpora,

338 3248 430 3310 opera
452 3230 612 3310 digitorum
636 3233 709 3311 ejus.
757 3231 811 3294 Sic
832 3231 983 3293 hominem
1006 3228 1108 3290 docuit
1131 3249 1164 3290 εε
1190 3229 1287 3308 ipsum
1309 3229 1434 3304 munire,
1459 3229 1596 3302 restire,
1624 3250 1693 3292 snos

337 3319 437 3380 foetus
460 3319 568 3381 molles
592 3321 718 3382 educare
740 3339 795 3402 per
818 3321 939 3399 longum
961 3327 1092 3398 tempus,
1124 3325 1229 3380 natare
1253 3325 1284 3379 et
1306 3326 1424 3392 cetera3
1455 3337 1515 3380 non
1544 3319 1695 3399 magister

338 3408 455 3471 vocalis
479 3407 523 3468 illi
547 3407 695 3484 assidens,
719 3428 779 3470 non
802 3427 894 3484 arma,
919 3415 953 3470 ut
974 3408 1070 3470 tauris
1093 3415 1125 3470 et
1146 3406 1239 3488 apris,
1263 3413 1367 3468 vestes
1389 3415 1423 3468 nt
1444 3407 1564 3481 ovibus,
1591 3408 1695 3470 inces-

340 3515 406 3560 sum
429 3505 461 3559 et
482 3497 677 3572 natatiouem,
701 3505 736 3558 nt
759 3497 917 3577 pecoribus
939 3515 1015 3578 pene
1040 3495 1175 3558 omnibus
1198 3496 1266 3559 inde
1290 3495 1427 3577 aprime
1451 3503 1521 3557 ortu
1543 3497 1695 3570 tribuens,

341 3587 395 3650 sed
419 3605 524 3650 manus
547 3586 575 3648 ei
599 3587 726 3650 denset
747 3586 1007 3649 ratiocinationem
1029 3593 1060 3646 et
1082 3586 1220 3647 affectum
1250 3585 1372 3647 amoris.
1392 3583 1549 3647 instillans
1580 3605 1694 3666 paren-

340 3677 437 3753 tibus,
468 3683 503 3740 ut
531 3676 569 3738 iis
597 3675 702 3756 paucis
732 3675 797 3737 vice
827 3678 956 3738 omnium
979 3673 1197 3756 praesidiomm
1219 3681 1383 3737 uterentur.
1430 3673 1483 3736 Sic
1505 3675 1694 3755 persuadere

338 3766 445 3830 volens
467 3765 636 3828 hominibus
660 3765 888 3840 astronomiam,
916 3783 976 3827 nou
999 3785 1071 3826 usus
1094 3771 1143 3825 est
1164 3763 1265 3826 verbis
1288 3763 1532 3840 transeuntibus,
1557 3765 1616 3826 sed
1641 3785 1695 3826 er-

336 3857 451 3939 pressit
476 3855 554 3917 hanc
582 3873 687 3918 vocem
715 3855 747 3918 iu
776 3861 885 3917 natura
915 3861 946 3916 et
974 3853 1263 3916 commensuratione
1297 3852 1490 3928 coelestium,
1524 3854 1694 3933 geometria

334 3943 582 4026 participantium
604 3963 670 4006 cnm
693 3945 823 4006 humana
844 3951 954 4018 mente,
979 3951 1011 4005 et
1032 3942 1221 4006 institutione
1244 3943 1416 4004 umbramus
1439 3942 1545 4004 Lunae
1570 3951 1604 4005 et
1619 3945 1694 4006 Tel-

339 4034 424 4097 luris.
469 4034 585 4096 Eodem
607 4033 698 4113 igitur
722 4031 846 4096 consilio
869 4034 954 4095 Deus
977 4033 1035 4094 iste
1058 4039 1162 4094 noster
1185 4030 1476 4094 commonefactums
1504 4052 1562 4096 nos
1592 4033 1632 4094 de
1663 4053 1694 4094 re

338 4123 449 4206 aliqua,
472 4123 573 4204 potius
596 4122 750 4203 allegoriis
772 4121 817 4183 uti
840 4122 986 4198 creditur,
1011 4140 1099 4202 quam
1122 4121 1274 4200 expressis
1297 4119 1413 4194 verbis,
1438 4127 1473 4182 ut
1495 4121 1639 4186 homines
1664 4123 1691 4184 in

337 4213 386 4276 his
408 4211 634 4292 temporalibus,
658 4211 737 4293 qnod
759 4216 808 4272 est
829 4211 984 4293 reliquum,
1008 4210 1045 4273 de
1069 4229 1124 4272 suo
1147 4209 1269 4272 addant.

425 4303 509 4363 Haec
531 4301 623 4380 igitur
645 4300 744 4363 dicere
767 4300 794 4362 is
815 4307 934 4380 potest,
959 4299 1010 4380 qui
1032 4299 1214 4362 somniomm
1237 4297 1437 4360 immissorem
1459 4305 1692 4378 portentorum-

325 4409 396 4474 ·que
419 4390 668 4454 consumatorem
690 4391 788 4453 Deum
810 4390 907 4469 ipsum
931 4407 997 4450 esse
1022 4389 1184 4450 contendit
1218 4386 1323 4450 -Arsi
1353 4385 1399 4448 cui
1427 4387 1532 4467 placet
1561 4389 1691 4468 spiritns

338 4479 449 4560 aliquis
470 4478 568 4558 magis
590 4497 767 4558 corporeus,
797 4479 890 4541 habet
918 4477 945 4538 is
975 4475 1107 4539 indidem
1135 4483 1340 4556 argumentum
1362 4477 1494 4538 tuendae
1519 4497 1595 4539 suae
1619 4497 1694 4540 sen·

341 4567 455 4630 tentiae
478 4566 709 4630 accommodum.
755 4566 846 4629 Dicet
868 4567 960 4639 enim,
991 4565 1068 4626 hanc
1096 4565 1308 4628 obscuritatem
1340 4565 1458 4644 signum
1489 4583 1560 4628 esse
1585 4567 1694 4630 termi-

340 4663 429 4718 natae
451 4655 615 4736 potentiae,
639 4657 718 4736 quod
740 4663 878 4718 creatura
901 4655 970 4728 ista,
994 4653 1020 4714 si
1043 4663 1158 4732 posset,
1182 4655 1283 4736 utique
1306 4653 1457 4716 interdum
1476 4654 1561 4718 clare
1584 4657 1694 4738 loque-

339 4749 436 4818 retur,
467 4750 520 4806 ant
545 4743 650 4806 literas
680 4743 828 4807 dilucidas
858 4744 890 4806 in
911 4742 1033 4806 aethere
1057 4751 1211 4818 exararet,
1238 4742 1344 4824 quibus
1374 4741 1423 4816 id,
1453 4745 1534 4825 quod
1557 4765 1610 4808 res
1634 4752 1693 4819 est,

341 4827 471 4894 breviter
494 4841 526 4894 et
546 4831 630 4911 regio
654 4832 733 4914 stylo
757 4829 983 4911 significaretur.
1029 4831 1116 4892 Nunc
1139 4839 1240 4895 autem
1269 4851 1329 4896 nou
1354 4850 1447 4911 posse
1479 4833 1560 4898 hanc
1584 4835 1693 4898 nobis-
