3700 5530
804 263 934 336 oupax.
1482 273 1547 343 647

195 456 296 512 matur
313 448 411 532 ibique
431 445 613 530 aliquamdiu
635 444 771 508 haereat.
818 445 983 529 comparet
1005 447 1136 511 medicus
1160 449 1267 530 aliquis
1290 453 1458 535 exemplum
1478 473 1546 518 me·
1619 457 1622 464 ’

195 540 317 614 moriae,
343 558 402 620 qua
426 536 572 598 facultate
594 555 643 598 res
663 535 845 614 praeteritae
869 537 912 598 sic
927 537 1143 612 custodiuntur,
1169 558 1205 600 ac
1229 540 1329 621 siper
1353 553 1421 605 etuo
1445 551 1549 606 essent

195 635 381 708 praesentes.
427 627 541 705 Magna
563 625 701 706 utrinque
725 625 902 701 similitudo,
932 645 1069 706 magnum
1101 627 1290 690 miraculum:
1325 560 1349 691 d

196 735 232 778 eo
256 716 335 791 solo,
360 715 438 796 quod
462 734 511 778 res
535 733 611 794 quae
635 715 663 776 in
687 715 828 776 memoria
852 716 1001 789 relucent,
1026 717 1074 776 vel
1094 735 1147 795 per
1170 717 1296 798 quinque
1320 737 1426 782 seusus
1441 741 1459 781 a
1474 723 1547 782 loris

194 803 354 866 introrsum
378 805 500 866 inerunt
522 811 684 882 receptae,
702 805 750 864 vel
774 825 793 864 a
815 804 1045 866 ratiocinatione
1070 806 1180 867 actuali
1204 805 1242 868 ab
1265 807 1346 869 intra
1367 808 1546 888 phantasiae

195 894 333 956 oblatae:
358 902 392 955 at
415 894 472 955 has
495 893 613 973 species
636 909 734 954 rerum
757 891 934 956 coelestium
961 894 1077 956 occulta
1101 894 1203 974 aliqua
1225 897 1407 976 percipiendi
1429 899 1547 960 ratione

195 983 362 1048 introrsum
378 981 601 1063 imprimuntur:
625 989 852 1062 proptereaque,
876 989 910 1043 ut
928 1001 1004 1062 quae
1024 991 1094 1044 suut
1108 982 1137 1044 in
1152 984 1304 1058 memoria,
1330 1005 1386 1047 non
1410 997 1548 1048 naturam
1601 1015 1604 1022 ·

195 1071 248 1134 sed
277 1066 538 1136 ratiocinationem
570 1079 771 1132 commovent:
806 1070 850 1132 sic
881 1063 916 1132 hi'
938 1071 1127 1136 characteres
1156 1072 1328 1136 coelestium
1357 1083 1462 1137 contra
1490 1095 1546 1139 uon

194 1161 454 1224 ratiocinationem
475 1159 530 1222 sed
553 1170 692 1221 naturam
712 1158 849 1220 incitant.
888 1161 995 1238 ltaque
1019 1161 1096 1240 qnod
1112 1169 1159 1222 est
1179 1162 1207 1222 iu
1228 1164 1370 1224 memoria
1392 1163 1549 1228 character

194 1251 240 1313 rei
262 1251 346 1312 visas
370 1250 419 1311 vel
442 1249 562 1312 auditae
586 1249 634 1310 vel
657 1247 824 1326 cogitatae,
858 1247 914 1308 hoc
945 1259 992 1310 est
1021 1249 1051 1310 in
1081 1249 1227 1312 facultate
1251 1251 1307 1312 hac
1330 1253 1448 1316 animae
1472 1255 1546 1316 cha·

195 1349 296 1404 racter
318 1338 408 1412 coeli,
444 1338 492 1420 qui
515 1346 649 1416 ternpore
673 1337 844 1398 nativitatis
868 1337 1000 1400 influxit:
1033 1338 1164 1400 vicissim
1188 1340 1265 1420 quod
1285 1350 1334 1403 est
1355 1341 1385 1404 in
1409 1341 1546 1404 reminis-

1346 629 1486 694 iversitas
1518 632 1547 696 in
1625 643 1629 656 ·

194 1427 313 1491 cantiae
337 1425 458 1506 negotio
482 1437 568 1490 actus
590 1427 641 1488 ille
665 1425 903 1488 ratiocinationis
927 1427 975 1487 vel
999 1446 1093 1488 novae
1118 1428 1280 1502 sensionis,
1314 1450 1390 1512 quae
1420 1450 1484 1508 nos,
1509 1432 1548 1494 ad
1649 1462 1658 1480 κ

193 1517 442 1580 reminiscendam
464 1517 594 1596 priorem
613 1525 784 1594 permovet,
809 1515 865 1576 hoc
888 1524 936 1576 est
959 1516 989 1578 in
1013 1517 1069 1578 hac
1093 1517 1212 1578 occulta
1235 1519 1429 1598 impressione
1453 1539 1548 1582 noros

194 1607 269 1670 coeli
298 1615 396 1668 motus
429 1613 461 1668 et
487 1606 676 1686 planetarum
709 1603 854 1666 transitus
877 1623 931 1684 per
956 1606 1022 1666 loca
1046 1605 1195 1670 natalitia.
1246 1609 1357 1671 Verum
1388 1617 1422 1671 ut
1453 1609 1482 1671 iu
1516 1627 1548 1670 re

193 1695 360 1776 perdifficili
383 1703 414 1756 et
438 1695 551 1756 lubrica
573 1714 631 1756 non
656 1691 735 1754 omni
759 1693 982 1756 asseveratione
1006 1695 1202 1770 contendam,
1226 1708 1350 1776 paratus
1370 1697 1472 1762 audire
1490 1697 1547 1760 hac

194 1783 231 1846 de
255 1803 287 1846 re
310 1783 476 1846 sententias
498 1781 786 1863 philosophantium.

283 1871 361 1944 Quid
384 1872 475 1953 igitur
497 1873 538 1936 sit
561 1872 722 1952 triplicitas
737 1872 834 1950 ignea,
860 1871 929 1951 quid
949 1890 1058 1949 magna
1073 1871 1251 1951 conjunctio,
1278 1873 1337 1936 dixi
1361 1882 1544 1955 peratram-

88 2005 96 2033 ,
195 1981 250 2044 que
274 1962 431 2024 scientiam
454 1960 699 2024 mathematicam
721 1969 752 2022 et
775 1961 939 2042 physicam,
964 1968 1105 2040 qnantum
1125 1959 1196 2024 mihi
1210 1963 1383 2026 videbatur:
1407 1972 1546 2044 superest

194 2061 230 2113 nt
252 2051 407 2114 ostendam
432 2070 532 2115 verum
555 2051 633 2128 diem
656 2050 744 2130 hujus
768 2068 895 2128 magnae
924 2049 1151 2130 conjunctionis.

777 2289 960 2307 ,u--a--n

761 2509 880 2609 Caput
909 2508 978 2582 XI.

258 2689 314 2752 De
336 2677 476 2770 tempore*
491 2708 626 2774 maguae
649 2688 883 2776 corrjuoctionie,
907 2707 987 2770 quoe
1008 2687 1203 2768 principium
1217 2687 1299 2772 fecit
1320 2687 1480 2754 reuolutae

257 2785 261 2796 “
705 2776 887 2862 triplicitati
911 2777 1030 2859 ipacce.

281 2935 474 3000 Benelaciam
505 2937 685 3000 adversariis
718 2935 858 3005 delectis,
892 2940 1066 2996 ostensurus
1097 2935 1259 3016 astrologis
1292 2955 1329 2997 ex
1360 2937 1545 3000 astronomia

193 3021 354 3100 sinceriori,
379 3045 467 3107 quam
490 3037 525 3090 ut
545 3028 703 3108 plurimum
727 3025 877 3106 ignorant,
901 3024 972 3086 illud
998 3031 1189 3097 momentum,
1218 3025 1296 3106 quod
1319 3026 1436 3106 magnis
1460 3027 1543 3089 Ara-

194 3113 262 3174 bum
285 3115 516 3180 auctoritatibus
539 3117 625 3178 nobis
649 3115 883 3178 commendatur.
930 3112 1044 3174 iubent
1067 3114 1146 3176 enirn
1168 3113 1306 3194 magistri
1320 3115 1446 3194 gradum
1461 3116 1544 3178 illum

192 3201 350 3281 diligenter
382 3203 545 3285 inspicere,
582 3205 631 3286 qui
667 3205 721 3266 suh
758 3204 854 3283 ipsum
887 3203 1056 3281 scrupulum
1086 3218 1265 3281 congressus
1297 3203 1480 3282 superiorum
1513 3202 1544 3266 in

191 3291 316 3354 oriente'
330 3301 475 3357 versetur.
521 3300 643 3365 (Catani
656 3301 750 3352 crum.
763 3302 789 3350 in
801 3299 865 3350 Prot.
878 3299 925 3356 IV.
940 3297 981 3350 10.
1002 3298 1088 3350 Manu.
1109 3301 1208 3349 nsuon.
1221 3297 1255 3356 11,
1271 3295 1309 3348 16.
1324 3296 1370 3362 a.)
1421 3293 1544 3367 Verum,

191 3397 208 3440 o
232 3398 294 3441 rem
317 3381 458 3446 miseram
483 3392 514 3446 et
537 3385 736 3463 deploratam,
761 3382 929 3464 Cyprianus
944 3379 1100 3442 Leovitius
1120 3399 1186 3442 eam
1210 3381 1303 3441 refert
1325 3380 1365 3448 ad
1388 3382 1543 3444 meridiem

191 3467 250 3529 diei
277 3463 381 3553 19129.
409 3473 495 3548 Dec,
520 3473 661 3553 Maginus
686 3491 722 3534 ex
743 3471 912 3534 Protenicis
937 3469 974 3531 ad
998 3469 1149 3531 meridiem
1179 3461 1282 3551 ttltd.
1303 3469 1377 3534 Dec.
1423 3471 1543 3533 Brahe-

192 3575 266 3617 anus
298 3561 445 3637 calculus,
484 3569 626 3644 quantum
659 3563 685 3624 is
718 3562 814 3623 obiter
847 3560 885 3621 ab
919 3566 1039 3621 auctore
1071 3558 1140 3620 vivo
1173 3558 1325 3619 emendari
1356 3559 1470 3638 potuit,
1504 3561 1543 3622 ad

192 3640 279 3726 9119.
310 3648 401 3711 Deo:
439 3649 504 3732 Ego
536 3652 565 3714 in
595 3647 786 3731 prognostico
818 3650 887 3712 anni
923 3642 1023 3722 1603,
1057 3647 1256 3708 consideratis
1283 3647 1541 3710 observationibus

190 3735 360 3799 Braheanis
384 3745 416 3800 et
439 3739 528 3812 meis,
561 3742 600 3802 ad
628 3731 726 3824 tili,
751 3732 834 3824 7117.
857 3737 906 3799 vel
929 3727 1014 3820 elle.
1038 3735 1113 3799 Dec.
1158 3735 1238 3798 Ecce
1262 3736 1427 3796 vanitatem
1450 3755 1540 3816 prae-

164 3823 286 3903 ¹cepti,
311 3828 390 3907 quod
412 3847 467 3890 nos
486 3829 573 3908 jubet
598 3849 636 3890 ex
667 3831 811 3909 gradihus
842 3827 972 3900 zodiaci,
1004 3841 1127 3908 quorum
1150 3825 1182 3886 iu
1213 3844 1271 3886 uno
1304 3824 1351 3886 die
1384 3825 1542 3886 volvuntur

190 3908 265 3984 361,
289 3935 378 3978 unum
402 3935 525 3999 eumque
549 3937 649 3982 verum
673 3918 801 3998 eligere:
826 3937 892 3980 cum
914 3915 1035 3978 interim
1055 3913 1228 3988 astronomi,
1254 3912 1392 3995 aquibus
1407 3914 1539 3994 petenda

189 4011 239 4066 est
270 4013 403 4068 motuum
433 4007 573 4078 scientia,
606 4008 686 4072 iutra
717 4004 757 4072 13
788 4015 871 4070 totos
898 4006 962 4068 dies
995 4023 1052 4065 non
1076 4002 1274 4064 consentiant.
1321 4001 1363 4064 Et
1386 4002 1540 4084 quisquam

188 4092 295 4156 credat
316 4094 385 4157 huic
408 4097 627 4177 astrologorum
650 4095 756 4160 canoni
779 4094 864 4178 quasi
888 4091 1074 4174 experientia
1097 4092 1272 4166 constituto,
1301 4110 1368 4152 curn
1391 4109 1539 4172 nunquam

188 4181 293 4246 melior
317 4184 407 4247 luerit
430 4186 627 4262 astronomia,
659 4189 746 4268 quarn
779 4193 828 4246 est
860 4182 970 4245 hodie?
1014 4181 1102 4243 Adde
1131 4181 1209 4260 quod
1232 4199 1269 4242 ne
1293 4199 1398 4242 sensus
1421 4181 1540 4261 quidem

186 4273 252 4352 ipse
275 4273 317 4348 (si
340 4273 496 4355 contingat
518 4275 753 4355 conjunctionem
776 4272 869 4335 oculis
893 4269 1024 4350 adspici)
1049 4269 1187 4330 subtilius
1215 4288 1304 4350 quam
1334 4268 1371 4329 de
1396 4269 1443 4329 die
1465 4287 1539 4348 pro-

187 4362 317 4427 nunciet.
363 4363 485 4426 Etenim
508 4363 630 4426 diurnus
653 4361 776 4424 Saturni
806 4369 903 4422 motus
936 4361 993 4423 luit
1015 4357 1056 4432 7‘,
1085 4357 1171 4420 Jovis
1198 4356 1258 4421 13’.
1304 4357 1418 4434 Dietim
1450 4358 1541 4438 igitur

187 4448 306 4530 Jupitdr
328 4451 492 4516 Saturnum
515 4452 670 4534 superavit
691 4472 750 4513 non
772 4451 840 4531 plus
864 4445 911 4513 6⁴:
940 4459 973 4510 at
995 4447 1080 4510 lovis
1104 4466 1211 4525 corpus
1235 4453 1345 4529 aequat
1368 4440 1452 4531 3¹l2‘,
1478 4445 1538 4508 Sa·

187 4541 267 4603 turni
291 4535 366 4627 ²¹l2⁴
390 4537 570 4618 circiter.¹⁴)
616 4541 722 4623 Itaque
753 4559 808 4620 per
833 4540 983 4618 integrum
1015 4537 1092 4598 diem
1124 4536 1303 4599 videbuntur
1332 4533 1481 4598 Saturnus
1508 4541 1540 4596 et

189 4627 308 4711 Jupiter
329 4631 456 4694 invicem
479 4631 653 4712 corporibus
676 4629 838 4691 adhaerere
863 4625 1020 4707 conjuncti.

279 4719 486 4784 Veruntamen
509 4720 580 4803 quid
603 4717 790 4782 observando
814 4717 870 4780 sim
892 4723 1070 4778 consecutus
1093 4712 1211 4792 accipe:
1241 4729 1335 4794 exque
1366 4711 1402 4774 iis
1427 4709 1538 4776 Crabbi

191 4806 271 4870 illius
294 4808 520 4874 ohservationes
543 4809 687 4882 aestima,
712 4825 785 4890 quas
808 4807 859 4870 ille
883 4805 968 4888 quasi
991 4825 1029 4867 ex
1050 4803 1202 4883 Apollinis
1226 4800 1355 4884 Tripode
1379 4801 1536 4882 depromit,
