3718 5528
808 257 891 323 capa
907 257 952 310 vu.
973 255 999 310 s.
1523 257 1587 324 277

224 449 306 506 lenae
328 447 463 518 quaedam
484 463 535 500 eeu
556 447 641 502 dnae
656 451 707 502 ant
726 447 843 502 fissurae
864 447 1021 502 decurram.
1076 435 1112 498 Id
1145 435 1307 500 Reinholdi
1343 436 1425 498 visus
1460 435 1587 500 acumini

229 527 406 590 credendum
430 533 491 598 est,
522 544 608 604 quem
632 525 814 588 Plutarchus
842 524 945 586 libello
970 525 1006 584 de
1039 525 1116 586 facie
1140 525 1244 586 Lunae
1269 525 1443 586 confirmare
1466 525 1586 588 videtur

229 615 277 680 his
298 614 416 676 verbis:
439 627 527 678 Atrae
549 624 578 678 in
598 625 680 680 Luna
701 629 870 694 apparentes
891 623 1017 678 maculae
1039 621 1119 692 quasi
1140 620 1247 676 isthmia
1270 624 1433 692 quibusdam
1454 640 1472 678 e
1492 625 1584 693 splen·

229 708 292 760 dore
312 705 442 760 umbrosa
468 704 606 758 dividente
628 705 669 758 ita
696 705 919 774 distinguuntur,
949 710 980 756 nt
1002 703 1102 756 avulsa
1122 717 1141 756 a
1161 717 1191 756 se
1213 709 1242 754 et
1267 703 1323 756 suis
1351 703 1450 758 finibus
1473 705 1586 758 circum·

229 786 331 855 scripta
350 785 407 838 sint
427 790 456 838 et
475 784 626 838 lucidorum
647 785 675 838 iu
692 786 823 838 umbrosa
842 782 1001 854 penetratio
1023 787 1154 836 texturae
1176 781 1319 854 curjusdam
1333 785 1451 854 liguram
1472 784 1585 840 efficiat.

283 914 313 996 5.
360 931 411 994 De
435 939 568 994 aetate
592 932 718 994 Lunae
748 931 1008 1012 cognoscenda
1031 949 1074 990 ex
1099 930 1266 1009 phaseos
1296 931 1526 1012 quantitate.

312 1055 383 1120 Janu
407 1057 485 1137 qnod
508 1057 547 1118 ad
571 1058 655 1137 ipsas
679 1057 783 1123 Danae
806 1056 919 1134 phases
952 1053 1077 1128 attinet,
1107 1053 1295 1116 Reiuhcldus
1323 1075 1440 1118 rursum
1468 1065 1581 1132 monet,

225 1153 416 1225 augmentum
440 1144 559 1208 luminis
582 1144 797 1225 propemodum
826 1143 1008 1223 respondere
1039 1143 1187 1223 digressui
1211 1143 1316 1204 Lunae
1339 1165 1358 1206 a
1382 1142 1468 1220 Sole,
1504 1147 1582 1224 quod

225 1254 262 1296 cx
285 1234 375 1296 Plinii
399 1235 526 1296 obscuro
550 1236 680 1314 quodam
703 1233 768 1296 loco
792 1239 959 1307 mutuatur,
985 1232 1106 1310 ejusque
1131 1249 1233 1294 verum
1257 1251 1378 1296 sensum
1401 1233 1583 1313 conjecturis

223 1331 360 1386 venatur.
406 1323 482 1384 Mihi
505 1324 595 1402 paulo
620 1321 701 1386 aliud
725 1341 814 1401 quam
838 1321 1008 1383 Reinholdo
1032 1320 1148 1382 Plinius
1173 1321 1272 1384 dicere
1295 1322 1433 1396 videtnr;
1466 1342 1581 1386 summa

224 1421 324 1476 tamen
349 1412 518 1474 sententiae
543 1412 572 1474 in
593 1411 649 1474 hoc
673 1413 770 1490 ipsum
794 1411 914 1472 axioma
937 1411 1091 1474 tendente.
1139 1409 1228 1472 Plinii
1252 1410 1352 1491 itaque
1378 1411 1474 1474 locum
1497 1412 1580 1492 prius

225 1499 392 1580 explicabo.
445 1511 534 1575 Luna,
559 1501 666 1580 inquit,
690 1512 774 1575 lucet,
796 1512 953 1575 dodrantes,
985 1509 1137 1566 semuncias
1158 1509 1288 1564 hermam
1309 1509 1441 1578 adjiciens
1472 1501 1579 1572 (accu-

224 1589 340 1652 mulans
364 1607 436 1650 snae
459 1591 541 1668 parti
563 1590 690 1662 lucenti)
712 1602 749 1654 ab
770 1601 892 1655 secunde
913 1591 1025 1652 aetatis
1049 1608 1122 1651 snae
1147 1587 1213 1648 die:
1244 1605 1312 1648 uam
1336 1597 1407 1650 ante
1432 1589 1510 1650 latet
1533 1590 1580 1652 vel

223 1679 303 1753 silet,
328 1705 414 1758 usque
434 1689 602 1757 adplenum
624 1690 726 1754 orbem,
748 1690 952 1761 detrahensque
976 1679 1065 1760 pleno
1084 1675 1149 1738 orbi
1172 1686 1200 1740 in
1222 1684 1434 1750 diminutionem,
1462 1685 1493 1738 et
1512 1686 1584 1740 tan-

223 1768 290 1830 dem
313 1766 343 1827 iu
367 1767 533 1844 plenariam
557 1767 781 1830 extinctionem.
819 1768 857 1830 Id
880 1775 945 1830 est:
970 1767 1041 1849 quia
1056 1768 1143 1830 Luna
1158 1765 1186 1826 iu
1211 1764 1401 1843 oppositione
1425 1765 1584 1828 duodecim

223 1856 305 1918 horis
326 1863 398 1935 post
419 1853 522 1918 Solem
545 1856 575 1918 in
601 1857 730 1918 medium
762 1856 838 1918 coeli
872 1857 970 1930 venit,
1005 1865 1036 1918 et
1063 1874 1136 1918 vero
1159 1861 1192 1915 ut
1216 1873 1251 1914 as
1279 1852 1325 1914 ita
1355 1863 1454 1914 totum
1477 1855 1582 1917 Lunae

223 1963 330 2022 corpus
353 1945 451 2023 ipsum
482 1963 598 2025 quoqne
621 1945 651 2006 in
675 1945 833 2009 duodecim
865 1955 969 2024 partes
993 1964 1047 2006 seu
1070 1943 1182 2022 digitos
1216 1940 1379 2004 dividitur:
1412 1941 1479 2002 ideo
1509 1953 1582 2024 quot

222 2033 304 2096 horis
327 2032 416 2095 Luna
437 2030 543 2095 aSole
568 2033 672 2108 distat,
697 2041 743 2096 tot
766 2034 862 2096 unciis
878 2054 930 2096 scu
955 2034 1058 2113 digitis
1083 2034 1182 2104 lucet;
1208 2048 1324 2092 acaum
1340 2049 1399 2094 non
1424 2031 1580 2094 duodecim

223 2123 276 2184 sed
300 2121 468 2202 quindecim
491 2121 596 2184 diebus
620 2123 780 2202 impleatur
803 2144 822 2184 a
845 2124 939 2202 primu
965 2130 1086 2194 exortu,
1112 2121 1203 2201 igitur
1228 2138 1286 2180 non
1311 2119 1447 2200 quolibet
1470 2120 1583 2182 aetatis

223 2210 271 2272 die
293 2210 416 2290 integra
438 2210 514 2272 hora
537 2211 634 2272 distat
656 2211 773 2291 longius
790 2233 809 2274 a
828 2209 900 2274 Sole
924 2231 979 2274 nec
1004 2211 1153 2288 integrum
1309 2249 1363 2314 vig.
1384 2247 1427 2301 88.

224 2299 349 2378 digitum
388 2299 492 2380 adjicit
529 2300 609 2379 parti
646 2299 777 2362 lucenti:
818 2301 873 2362 sed
910 2301 1088 2363 dodrantem
1121 2308 1153 2360 et

225 2387 416 2462 semunciam,
441 2388 497 2450 hoc
517 2396 565 2450 est
582 2385 637 2452 45‘
653 2396 683 2449 et
698 2383 784 2470 2¹l,‘‚
810 2389 840 2450 in
863 2388 1033 2452 uuiversum
1051 2385 1093 2451 47
1104 2383 1152 2472 'h‘

224 2477 309 2538 unius
342 2476 449 2556 digiti,
482 2495 517 2540 eo
542 2477 619 2557 qnod
647 2469 730 2559 tut,
765 2479 857 2540 horae
891 2478 1013 2541 minutis
1036 2499 1055 2540 a
1079 2476 1150 2540 Sole

224 2565 390 2643 digreditur
420 2564 544 2628 dietim:
578 2565 748 2628 distributis
782 2567 860 2628 cuim
886 2565 926 2628 12
950 2567 1031 2628 horis
1054 2566 1084 2626 in
1111 2564 1150 2630 15

224 2655 302 2724 dies,
335 2653 459 2715 veniunt
481 2654 532 2716 uni
560 2651 685 2718 disits
718 2654 842 2717 minuta.
859 2651 902 2729 ⁶⁰)
950 2655 1046 2716 Plinio
1079 2674 1150 2716 vero

222 2742 388 2820 praecinier
401 2743 605 2804 denominatio
616 2762 673 2805 non
685 2744 876 2822 suppetebat,
895 2763 983 2824 quam
994 2743 1150 2807 dodrantis

222 2831 404 2893 semunciae.
450 2832 557 2912 Itaque
581 2841 614 2892 et
635 2831 750 2894 Plinius
782 2833 923 2912 agricolis
952 2839 983 2894 et
1013 2833 1150 2912 patribus

223 2919 353 2982 familias
376 2921 512 2999 regulam
535 2919 638 2995 tradit,
664 2939 703 2982 err
725 2920 883 2984 latitudine
907 2923 1036 2986 lucentis
1061 2941 1152 2984 cornu

222 3008 338 3070 discere
371 3016 504 3072 aetatem
528 3009 647 3082 Lunae,
680 3010 737 3070 hcc
760 3017 809 3072 est
836 3010 1054 3089 digressionem
1086 3012 1151 3090 ejus

222 3117 242 3158 a
275 3095 348 3159 Sole
379 3106 462 3160 motu
496 3097 605 3160 medio.
661 3099 748 3160 Hanc
788 3099 924 3178 regulam
954 3099 981 3162 si
1014 3099 1080 3180 quis
1114 3100 1151 3160 ad

221 3185 367 3248 amussim
389 3187 474 3266 sequi
496 3187 581 3261 velit,
599 3186 787 3248 Reinlioldus
810 3195 920 3264 monet,
946 3189 1051 3252 fallere
1075 3193 1150 3250 neu-'

223 3274 307 3336 nihil.
353 3275 418 3338 Nos
442 3282 474 3336 ct
503 3275 567 3338 veri
599 3275 854 3356 propinquitatem
877 3285 910 3338 ct
931 3275 1153 3340 aberrationem

222 3361 380 3426 leviculum
405 3363 676 3426 demonstrabimus
700 3365 757 3426 hcc
780 3366 945 3429 schcmate.

311 3453 340 3512 A
365 3459 468 3513 centro
499 3451 648 3514 scribatur
682 3453 810 3516 circulus
842 3455 988 3516 maximus
1018 3455 1152 3534 corporis

221 3539 327 3602 Lunae
347 3537 440 3616 BCD,
464 3541 495 3603 in
520 3559 555 3603 eo
570 3539 655 3604 BAO
681 3541 855 3619 diametros,
881 3545 965 3624 cique
990 3543 1153 3606 adrectos

221 3628 314 3690 ΕΑΤ.
363 3627 469 3710 Sitque
493 3629 520 3692 Ε
544 3638 678 3692 centrum
703 3629 798 3706 Solis,
829 3651 901 3712 ergo
931 3633 1058 3694 circulus
1081 3633 1153 3696 illu-

223 3715 395 3778 minationis
415 3719 472 3781 erit
495 3718 657 3798 parallelus
677 3721 714 3782 ad
731 3717 825 3796 Bac,
850 3723 967 3784 scilicet
982 3719 1049 3784 PG.
1083 3721 1153 3784 Jam

222 3813 358 3868 sumatur
371 3807 401 3868 H
424 3816 566 3888 puuctum
588 3815 675 3870 extra
698 3810 808 3870 lineam
823 3809 890 3885 ΕΑ,
916 3811 994 3890 quod
1014 3810 1155 3888 designet

222 3896 320 3957 locum
344 3897 373 3956 in
396 3897 553 3976 superficie
572 3897 684 3958 Terrae
704 3899 732 3958 in
759 3917 815 3977 quc
840 3900 922 3960 visus
947 3901 1097 3971 consistit,
1121 3907 1154 3961 ct

222 3984 349 4046 ducatur
372 3985 432 4046 ΔΗ
455 3986 536 4047 linea
559 3986 624 4046 axis
640 3986 743 4048 circuli
766 3987 889 4048 visionis
904 3988 1019 4062 Lunae,
1045 3989 1093 4069 qni
1112 3988 1154 4050 sit

223 4072 288 4147 KL,
305 4079 338 4134 et
351 4080 547 4136 connectatur
564 4073 631 4135 ΕΗ.
667 4073 742 4136 Cum
764 4094 835 4154 ergo
850 4076 878 4136 in
900 4077 1051 4155 triangulo
1066 4077 1154 4139 ΑΕΗ
1198 4112 1200 4121 ‹

223 4161 380 4241 vigecuplo
400 4163 463 4224 iere
488 4162 607 4242 longius
624 4165 666 4225 sit
689 4165 768 4225 latus
784 4164 841 4226 ΑΕ
863 4185 950 4244 quam
965 4166 1034 4242 ΑΗ,
1060 4167 1153 4228 multo

224 4248 315 4328 igitur
338 4251 436 4330 major
455 4252 513 4313 erit
537 4253 664 4332 angulus
682 4253 779 4328 ΑΗΕ,
805 4255 1008 4316 determinans
1034 4255 1153 4336 digres-

223 4337 338 4400 sionem
361 4339 465 4402 Lunae
489 4360 509 4401 a
527 4339 609 4413 Sole,
634 4359 721 4420 quam
746 4343 873 4423 angulus
897 4343 993 4418 ΑΕΗ,
1019 4345 1153 4425 utrisque

224 4445 293 4488 verc
313 4428 429 4507 junctis
453 4428 589 4510 aequalis
611 4437 660 4492 est
678 4432 809 4494 exterior
831 4437 863 4493 et
885 4432 1042 4513 oppositus
1058 4434 1153 4496 TAH.

225 4515 304 4596 Ergo
329 4517 416 4580 TAH
443 4517 541 4598 major
571 4518 691 4596 quidem
721 4529 769 4582 est
796 4521 883 4582 ΑΗΕ
915 4521 1150 4600 digressione)

225 4625 245 4664 a
266 4603 354 4678 Sole,
384 4607 439 4668 sed
463 4608 570 4686 exiguo
595 4607 700 4686 major.
747 4607 808 4670 Sed
834 4611 920 4687 ΤΑΗ
943 4619 992 4672 est
1014 4611 1152 4691 angulus,

227 4710 283 4772 quo
304 4695 486 4758 inclinantur
508 4697 570 4758 ΑΗ
599 4697 665 4758 axis
698 4697 822 4759 visionis
846 4707 877 4760 et
901 4699 958 4762 ΑΕ
982 4700 1047 4760 axis
1081 4699 1151 4761 illu-

227 4780 406 4858 minationis,
432 4786 578 4865 adquam
602 4786 744 4864 angulum
767 4786 896 4850 latitudo
912 4790 1038 4851 lucentis
1062 4807 1153 4852 cornu
