3694 5528
765 313 939 368 xro-xm.
1462 315 1524 382 sar
1582 351 1585 358 -

262 489 367 552 XVII.
417 490 639 571 Propositio.
697 488 768 552 Sole
801 491 914 570 prisma
942 491 1110 572 ¹irradiante
1139 492 1201 554 tria
1232 511 1345 573 genera
1376 492 1527 556 radIornm

175 579 334 652 resultant,
358 579 502 653 sincerus,
527 580 596 641 vitri
622 580 730 655 colore,
756 585 786 640 et
810 581 894 643 Iridis
918 580 1078 644 coloribus.

263 666 313 729 Sit
336 666 414 728 enim
438 676 504 741 (rig.
524 673 552 738 θ)
577 670 603 730 E
625 667 689 730 Sol.
736 669 775 740 Is,
799 668 898 731 radiet
926 669 954 730 iu
982 670 1020 732 D.
1066 667 1124 730 Hic
1157 667 1244 747 quasi
1276 669 1418 734 dividitur
1449 669 1527 732 radIi

174 754 292 820 Solaria
322 755 472 828 densitas,
507 775 582 837 quae
615 755 737 818 minima
760 757 806 819 sui
833 764 921 837 parte
951 757 1150 838 repercutitur
1173 757 1204 818 in
1228 757 1287 827 DI,
1318 758 1427 836 angulo
1450 759 1526 821 ADI

174 843 294 926 aequali
316 844 376 924 Ipsi
396 844 495 920 BDF,
527 863 584 924 qno
614 843 757 924 illabitur.
803 844 960 908 Sincemm
986 847 1079 926 Igitur
1106 845 1222 909 radium
1250 847 1305 908 sed
1333 855 1453 908 tenuem
1474 865 1529 928 per

174 933 219 996 DI
241 933 341 996 vibrat
363 933 392 994 In
416 933 440 993 I.
488 931 629 995 Sincems
654 939 718 1006 est,
743 932 813 1012 quia
835 933 865 995 in
890 933 968 996 vitro
999 936 1111 996 tiuotus
1135 953 1193 996 non
1217 941 1281 1010 est,
1311 935 1395 1014 cujus
1418 953 1527 1014 corpus

176 1041 235 1084 uon
260 1020 434 1102 ingreditur.

262 1107 368 1172 Potior
400 1115 500 1171 autem
530 1127 600 1188 pars
631 1109 668 1168 de
699 1108 850 1172 densitate
881 1109 974 1188 ipsIus
1002 1108 1057 1170 FD
1079 1115 1221 1188 penetrat
1243 1111 1271 1173 D
1295 1118 1327 1174 et
1355 1110 1529 1189 refringitur
1587 1137 1593 1150 ·

174 1199 206 1260 in
227 1197 294 1259 DE.
341 1199 378 1260 In
399 1197 427 1258 Ε
450 1215 521 1260 vero
544 1215 661 1258 rursum
689 1197 832 1260 dividitur
859 1197 976 1260 ratione
1005 1196 1176 1262 densitatis.
1222 1198 1328 1262 Potior
1356 1199 1434 1261 enlm
1456 1216 1528 1279 pars

174 1285 322 1349 transitE
334 1293 366 1348 et
377 1293 501 1366 propter
516 1286 667 1366 geminam
684 1303 822 1364 magnam
838 1286 1173 1350 refractionemcolores
1188 1286 1272 1350 iridis
1282 1286 1476 1367 jaculaturin
1487 1284 1526 1348 G.

264 1373 429 1437 Residuum
458 1373 552 1454 Ipsius
576 1372 632 1436 DE
660 1380 749 1436 tenue
779 1375 938 1437 admodum
966 1375 1164 1453 repercutitur
1191 1395 1210 1436 a
1237 1376 1392 1455 superficie
1415 1373 1473 1437 Ac
1498 1375 1527 1436 in

178 1462 257 1536 EM;
288 1463 393 1543 quodsi
417 1461 473 1524 DE
505 1461 595 1542 paulo
628 1461 776 1542 obliquius
802 1463 832 1524 in
860 1463 918 1526 ΑΕ
948 1462 1069 1538 Incidit,
1102 1463 1250 1543 obliquius
1282 1464 1375 1544 IgItur
1406 1465 1436 1526 In
1468 1462 1530 1524 EM

176 1551 351 1632 refringitur
383 1569 472 1630 quam
501 1550 559 1613 bio.
605 1550 686 1622 Nam
709 1551 734 1611 si
766 1551 883 1614 miuuas
905 1549 1010 1626 DEA,
1042 1552 1099 1612 erit
1122 1559 1153 1614 et
1179 1551 1354 1614 minuendus
1378 1549 1467 1614 MEO
1492 1570 1530 1612 ex

176 1639 245 1717 lege
269 1657 472 1718 repercussus.
510 1638 552 1700 Et
575 1638 619 1700 sio
642 1637 769 1719 denique
792 1639 854 1700 ΕΜ
877 1639 906 1700 in
931 1637 985 1702 ΒΟ
1009 1645 1109 1702 rectus
1133 1640 1254 1714 incidet,
1279 1641 1379 1721 itaque
1402 1639 1475 1701 nihil
1498 1639 1529 1700 In

176 1727 209 1786 Μ
234 1727 426 1805 refringatur.
474 1724 549 1790 Cum
578 1734 678 1788 autem
702 1727 756 1788 ΡΙ)
785 1727 840 1789 hoc
867 1737 958 1806 pacto
987 1728 1034 1789 bis
1067 1729 1276 1807 pertransierit
1307 1747 1414 1808 corpus
1447 1727 1528 1802 vitri,

178 1814 289 1894 quippe
314 1816 406 1877 semel
430 1816 459 1877 In
473 1814 540 1890 DE,
564 1815 673 1877 iterum
696 1815 725 1875 In
740 1814 810 1889 EM,
836 1817 939 1878 exiens
963 1823 1047 1879 recta
1069 1835 1122 1895 per
1140 1817 1173 1876 M
1198 1817 1313 1878 radium
1337 1816 1406 1880 vitri
1429 1817 1529 1878 colore

175 1902 330 1982 jaculatur
352 1905 381 1966 In
396 1903 435 1978 K,
459 1904 571 1966 rectius
594 1910 695 1964 tamen
721 1923 736 1964 e
760 1903 881 1982 regione
905 1905 998 1984 Ipsius
1013 1905 1052 1967 A.
1090 1904 1170 1966 Nam
1194 1905 1335 1968 docemur
1354 1926 1391 1968 ex
1410 1905 1529 1987 opticis,

141 2011 145 2020 ·
179 1991 281 2052 radios
304 1991 419 2054 lucidos
443 1992 521 2072 tingi
542 1992 571 2052 In
594 1990 703 2074 mediis
727 1992 880 2054 coloratis.

267 2079 388 2144 XVIII.
424 2080 652 2160 Propositio.
690 2077 725 2142 Si
748 2079 916 2161 crystallInI
938 2080 987 2142 vel
1009 2079 1098 2141 vitrei
1121 2079 1255 2159 corporis
1279 2079 1406 2157 angulus
1430 2082 1531 2139 rectus

178 2167 283 2242 fuerit,
307 2167 358 2229 ille
382 2168 461 2231 inter·
491 2168 606 2232 oculum
630 2175 663 2228 et
685 2168 802 2230 visibile
830 2168 947 2250 positus
975 2187 1035 2230 non
1062 2167 1251 2230 transmittet
1278 2168 1380 2228 radios
1402 2164 1532 2228 visibilis

178 2256 218 2316 ad
242 2257 375 2330 oculum,
404 2258 461 2318 sed
483 2256 655 2341 superficies
688 2256 825 2338 crystalli
848 2265 953 2318 contra
984 2255 1103 2318 visibile
1126 2257 1227 2337 posita
1256 2254 1412 2336 putabitur
1435 2271 1532 2332 opaca

179 2351 210 2405 et
233 2344 368 2406 colorata
391 2345 490 2407 colora
515 2344 658 2422 corporis.

269 2431 319 2494 Sit
342 2433 420 2494 enirn
438 2439 503 2506 (rig.
523 2438 553 2503 4)
573 2431 674 2496 radius
699 2430 756 2496 CA
779 2433 859 2494 iutra
881 2451 998 2512 corpus,
1022 2431 1049 2493 Is
1072 2437 1125 2494 sut
1148 2429 1315 2510 aequaliter
1338 2427 1532 2492 inclinabitur

179 2539 271 2600 super
294 2521 466 2599 superficies
489 2519 552 2596 FC,
572 2521 636 2594 ΕΔ,
662 2527 716 2583 aut
738 2519 946 2600 inaequaliter.
985 2517 1020 2582 Si
1035 2519 1213 2600 aequaliter,
1236 2518 1304 2597 plus
1327 2518 1419 2597 Igitur
1443 2535 1531 2596 quam

178 2603 241 2670 42⁰
262 2609 464 2684 inchoabitur,
490 2609 597 2691 quippe
617 2605 688 2682 45⁰,
713 2628 771 2670 nou
794 2609 886 2688 Igitur
908 2608 1052 2670 transibit
1073 2609 1120 2669 vel
1145 2625 1233 2668 unam
1255 2606 1305 2668 vel
1328 2603 1454 2687 alteram
1476 2622 1531 2684 per

178 2696 275 2771 Xlll;
300 2699 406 2778 quodsi
429 2699 642 2779 inaequaliter,
667 2698 904 2760 demonstratum
928 2705 976 2758 est
998 2713 1081 2776 prop.
1106 2695 1195 2758 XIII.
1221 2695 1298 2774 quod
1317 2713 1407 2756 unam
1430 2711 1532 2754 earum

180 2803 239 2846 non
264 2793 410 2848 trauseat.
456 2787 526 2848 Non
549 2785 660 2848 transit
689 2786 781 2864 Igitur
809 2786 888 2848 ullus
911 2785 1013 2847 radius
1042 2785 1129 2847 slmul
1158 2791 1313 2862 utramque
1347 2782 1533 2862 superficiem

179 2872 256 2933 recti
280 2875 382 2952 anguli
405 2875 572 2956 crystallini
594 2875 738 2954 corporis.

267 2960 355 3024 XIX.
401 2963 555 3024 Axioma
584 2961 764 3042 Opticum.
802 2961 903 3024 Locus
926 2960 970 3022 rei
1001 2958 1363 3038 aestimaturexploga,
1388 2957 1532 3037 iuquam

179 3049 309 3112 visorius
331 3050 434 3114 radius
458 3071 496 3112 ex
519 3051 604 3114 oculo
627 3051 753 3131 primum
777 3051 858 3126 exit,
889 3049 1027 3130 quicquid
1051 3049 1118 3128 jam
1141 3047 1170 3110 in
1195 3047 1292 3108 medlo
1321 3047 1428 3108 itinere
1453 3046 1531 3107 inter

179 3156 240 3200 rem
264 3145 296 3200 et
318 3139 435 3202 oculum
458 3140 487 3200 in
510 3140 568 3202 bac
595 3140 688 3220 plaga
710 3159 765 3220 per
786 3139 999 3203 refractionem
1027 3137 1105 3199 radii
1132 3143 1271 3198 mutetur.
1319 3132 1401 3205 Quia
1428 3134 1532 3215 nequit

178 3227 280 3290 oculus
303 3227 466 3308 percipere,
491 3228 561 3307 quid
584 3228 677 3290 radiis
700 3247 755 3307 per
777 3246 933 3292 occursum
956 3225 1120 3290 mediorum
1143 3231 1232 3310 extra
1254 3243 1288 3284 se
1312 3223 1450 3285 occidat:
1474 3223 1530 3284 sed

176 3322 267 3395 putat
290 3316 359 3378 illos
381 3335 507 3396 pergere
530 3317 561 3378 In
584 3317 711 3378 eandem
734 3334 853 3395 semper
875 3316 997 3394 plegem
1019 3313 1063 3375 nti
1087 3317 1258 3393 coeperant.

265 3403 338 3467 XX.
362 3403 588 3484 Propositio.
625 3405 787 3467 Prismatis
803 3406 911 3484 angulo
930 3402 1047 3483 supino,
1072 3421 1147 3482 quae
1167 3409 1239 3462 sunt
1256 3405 1370 3475 conca,
1390 3399 1531 3462 videntur

179 3509 281 3570 supra,
305 3509 398 3570 prono
422 3492 510 3568 infra,
535 3493 641 3555 dextro
665 3495 783 3565 dextra,
806 3492 929 3555 sinistro
952 3490 1085 3554 sinistra.

267 3579 450 3642 Resumatnr
472 3582 555 3660 prIor
577 3581 737 3644 delineatio
762 3578 792 3644 6.
818 3589 849 3643 et
872 3587 938 3643 esto
963 3579 1085 3659 supinus
1104 3576 1143 3652 A,
1168 3577 1270 3639 oculus
1289 3577 1325 3638 F.
1371 3575 1453 3653 Ergo
1475 3574 1532 3635 ΡΙ)

180 3667 327 3730 sertorio
351 3668 421 3743 DE,
451 3677 483 3729 et
504 3669 535 3730 in
556 3668 585 3730 D
610 3667 671 3732 20⁰
699 3672 767 3749 (per
794 3670 887 3744 XV.)
916 3669 1090 3731 declinata
1117 3665 1168 3727 via
1197 3665 1266 3727 DII.
1313 3662 1451 3740 Amplius
1473 3660 1531 3722 DE

180 3756 277 3818 fertur
308 3755 339 3816 In
370 3755 439 3829 EG,
469 3775 523 3837 per
555 3756 630 3819 alios
646 3751 715 3822 '20⁰
744 3759 898 3820 declinans
921 3779 941 3818 a
967 3757 1018 3818 via
1049 3756 1105 3816 DE
1138 3762 1169 3816 et
1197 3753 1242 3814 sic
1273 3770 1327 3831 per
1358 3747 1419 3814 40⁰
1441 3769 1461 3810 a
1482 3747 1533 3810 via

180 3844 287 3908 FDH:
321 3843 399 3923 quod
423 3851 470 3906 est
493 3863 568 3925 pene
600 3847 735 3910 semissis
765 3847 867 3925 anguli
889 3845 975 3908 recti.
1022 3842 1097 3906 Cum
1128 3851 1228 3904 tamen
1253 3840 1353 3902 oculus
1377 3839 1421 3914 F,
1438 3837 1531 3918 ‘qnae

178 3941 250 3995 sunt
273 3933 302 3994 in
328 3931 358 3994 G
381 3931 468 4006 Infra,
492 3941 579 4013 putet
602 3953 634 3996 se
658 3935 759 3998 videre
783 3935 813 3996 in
835 3936 865 3996 Η
888 3952 980 4014 supra
1001 3951 1056 4011 per
1077 3931 1166 3994 XIX.
1268 4015 1274 4024 Ι

320 4071 507 4134 Hactenus
531 4075 572 4136 de
595 4075 708 4155 plano
733 4075 941 4156 crystallo:
966 4091 1058 4135 nnnc
1082 4072 1124 4132 de
1148 4067 1386 4132 curvilineis:

684 4161 838 4225 Primum
861 4163 905 4224 de
929 4163 1036 4230 lucc„

264 4283 352 4346 XXI.
399 4283 597 4346 Definitio.
643 4287 746 4348 Motus
778 4284 854 4347 lucis
883 4285 922 4346 ad
952 4285 1050 4346 locum
1080 4279 1262 4361 exprimatur
1289 4295 1362 4340 voce
1392 4295 1528 4358 vergere.

176 4371 368 4451 Gonvergere
399 4371 537 4435 dicuutur
568 4373 663 4448 radii,
696 4374 814 4453 quando
847 4372 1064 4454 progrediendo
1088 4390 1108 4431 a
1135 4369 1218 4430 fonte
1251 4373 1362 4429 coeunt
1393 4366 1472 4428 iuter
1495 4385 1528 4427 se

176 4460 274 4540 magis
294 4468 331 4522 et
339 4461 447 4542 magis.
485 4461 661 4540 Divergere,
686 4462 804 4541 quando
823 4481 842 4524 a
863 4463 945 4524 fonte
963 4456 1182 4542 progrediendo
1206 4453 1413 4535 digrediuntur
1432 4453 1528 4534 magis

178 4555 210 4608 et
232 4548 330 4628 magis
354 4570 373 4611 a
396 4567 429 4612 se
452 4549 590 4610 invicem.
637 4551 742 4630 Itaque
766 4550 815 4630 qui
838 4557 1032 4630 convergunt,
1056 4548 1079 4610 ii
1101 4553 1172 4630 post
1195 4562 1370 4606 concursum
1393 4542 1527 4606 sections

180 4635 263 4698 laeta
285 4655 373 4716 porro
398 4637 568 4716 divergunt.

266 4722 368 4786 XXII.
413 4724 614 4787 DeIInitio.
659 4725 776 4786 Puncta
799 4725 953 4787 radiantia
979 4723 1143 4804 longiuqua
1164 4720 1213 4782 vel
1236 4725 1353 4781 remota
1382 4719 1531 4789 dicuntur,

180 4827 256 4889 quae
279 4818 365 4873 tanto
398 4814 509 4875 absunt
538 4812 717 4888 Intervallo,
750 4821 784 4875 ut
805 4814 936 4894 pupillae
966 4811 1045 4876 oculi
1076 4811 1222 4873 diameter
1245 4809 1285 4870 ad
1313 4807 1387 4870 illud
1418 4807 1532 4870 collata

1257 4909 1318 4962 dl*
