3648 5530
595 297 597 304 Α
666 262 697 313 rs
713 261 782 316 reve
800 259 955 316 ausuram·
973 260 1019 315 ea
1374 325 1382 330 .
1454 266 1520 340 483
1595 235 1597 240 ,

163 435 213 518 qui
236 437 477 517 flagitationibus
500 439 564 500 suis
587 439 671 501 oneri
694 448 766 501 sunt
788 438 891 514 nobis,
920 439 1033 502 nullum
1056 440 1169 504 lucrum
1192 462 1230 504 ex
1254 445 1417 524 scriptione
1442 465 1517 530 cap-

162 525 307 600 tantibus,
333 527 465 590 tenuiter
487 527 669 603 viventibus,
693 528 775 594 tenui
799 527 912 590 salario
927 528 1072 592 subnixis.
1114 530 1182 594 Nisi
1201 532 1291 594 fallor
1315 535 1353 596 ad
1377 534 1518 615 trientem

162 615 248 678 nnius
276 614 382 678 floreni
414 636 434 676 a
466 636 513 678 me
547 635 600 696 pro
631 615 677 678 his
715 617 776 678 tuis
807 616 903 678 literis
936 617 1063 680 redditis
1096 627 1271 698 exegerunt.
1320 620 1393 684 Cum
1425 624 1516 703 igitur

161 711 334 778 metuerem,
358 723 407 777 ne,
430 705 509 784 quod
532 724 624 784 saepe
647 693 720 767 inihi
744 705 867 775 accidit.
893 704 998 767 literas
1022 706 1071 768 vel
1093 726 1151 769 non
1175 709 1344 786 perferrent
1365 710 1515 776 Ratisbo-
1631 789 1638 798 ἱ

160 811 229 854 nam
252 791 302 854 vel
325 793 367 854 ibi
391 794 469 854 male
502 794 765 868 commendarent,
799 793 947 856 nundinas
980 795 1131 858 instantes
1162 799 1368 875 expectandae
1401 801 1514 875 censui,

159 891 194 943 ut
217 889 416 944 mercatorum
440 901 533 962 opera
556 881 690 962 gratuita
713 883 756 944 uti
779 899 911 962 possem.

249 969 492 1050 Propositionem
516 989 605 1051 quarn
628 971 708 1049 petis
732 979 766 1032 ut
779 971 991 1044 demonstrem,
1017 990 1166 1052 nunquam
1186 991 1241 1052 ego
1258 975 1512 1050 demonstravero,

161 1077 220 1120 non
244 1059 271 1120 si
294 1059 362 1139 ipsa
386 1057 562 1130 Geometria
584 1059 711 1138 genibus
735 1060 879 1121 advoluta
907 1077 973 1121 oum
997 1057 1110 1138 Optica
1139 1061 1201 1124 lilia
1233 1063 1337 1125 oonlos
1369 1063 1450 1142 ipsos
1484 1065 1512 1126 in

158 1147 298 1228 lacrymis
323 1149 515 1210 absumentes
530 1147 760 1212 intercederent.
800 1146 932 1210 Causam
949 1148 1066 1209 videbis
1081 1148 1110 1210 in
1125 1151 1345 1230 prolegomenis
1359 1151 1511 1230 Epheme-

157 1235 263 1304 ridum,
288 1230 364 1316 quae
388 1254 465 1298 nunc
488 1243 559 1299 sunt
581 1235 773 1299 Francofurti
795 1236 933 1306 venales,
958 1234 1010 1297 fol.
1030 1233 1079 1299 17.
1104 1257 1183 1300 num.
1207 1233 1243 1312 4,
1268 1239 1317 1301 ubi
1341 1259 1395 1319 pro
1422 1241 1510 1316 „uni-

158 1324 260 1386 cales“
281 1325 348 1404 lege
365 1325 551 1402 „unicales“.
593 1325 662 1388 Non
677 1333 780 1404 potest
798 1324 877 1387 enim
895 1325 924 1385 in
945 1325 1027 1386 hisce
1042 1326 1173 1388 maxima
1187 1327 1339 1419 designari
1355 1327 1510 1405 distantia,

157 1422 191 1474 nt
205 1411 234 1472 in
250 1414 380 1492 sphaera
395 1413 541 1476 maximus
556 1413 695 1488 circulus,
712 1415 765 1476 sed
776 1414 866 1475 datur
875 1421 909 1474 ut
918 1413 947 1474 in
963 1413 1158 1492 longitudine,
1174 1416 1246 1478 utin
1263 1435 1450 1478 numerorum
1461 1419 1510 1482 in·

157 1503 318 1564 crementis
327 1502 537 1581 progressioin
548 1502 704 1564 inlinitum.
720 1501 865 1564 Sumatur
875 1503 953 1563 eninr
962 1503 1113 1564 admanns
1122 1504 1243 1566 schema
1252 1506 1290 1566 ad
1298 1523 1381 1584 prop.
1394 1505 1509 1568 CXIV.

156 1589 329 1670 Dioptrioes
354 1609 438 1652 meae
463 1591 555 1664 (bano
580 1591 658 1652 enim
672 1593 832 1669 Augustae
847 1589 941 1651 Vind.
966 1589 1145 1669 impressam
1172 1611 1249 1655 anno
1276 1589 1356 1656 1611
1383 1601 1413 1656 te
1437 1603 1509 1674 puto

157 1679 345 1758 intelligere,
369 1699 435 1740 cum
462 1679 679 1759 „Optioorum“
704 1698 838 1741 meorum
861 1678 937 1740 lacis
969 1679 1175 1755 mentionem).
1224 1681 1257 1742 ln
1290 1701 1325 1742 eo
1354 1675 1508 1746 schemate

158 1775 229 1829 sunt
252 1767 296 1828 lK
308 1776 339 1828 et
355 1766 414 1830 GH
437 1785 571 1830 concava
595 1767 753 1849 aequalia,
786 1767 840 1828 sed
862 1767 938 1836 DE,
971 1768 1028 1830 AB
1063 1777 1134 1830 sunt
1162 1787 1298 1831 convexa
1326 1771 1508 1850 inaequalia,

157 1855 333 1918 circulorum
361 1857 454 1918 etiam
485 1857 706 1936 inaequalium,
738 1857 864 1918 effectus
894 1856 924 1916 in
954 1857 996 1926 F,
1030 1853 1055 1917 G
1086 1855 1183 1932 idem,
1218 1859 1275 1920 hoe
1307 1877 1366 1920 nno
1398 1860 1509 1932 demto,

158 1945 237 2024 quod
261 1943 287 2005 si
311 1945 367 2006 AB
392 1963 449 2007 uon
473 1952 591 2007 tautum
615 1963 652 2006 ex
676 1943 785 2006 circulo
810 1943 917 2023 majori
940 1943 1032 2006 fuerit
1051 1945 1211 2026 descripta,
1236 1947 1291 2008 sed
1312 1948 1405 2010 etiam
1419 1947 1510 2010 luerit

113 2031 118 2040 “
155 2041 240 2095 tanto
274 2033 363 2095 latior
387 2034 452 2096 lens
485 2053 572 2116 quam
596 2033 663 2108 DE,
688 2040 798 2114 qnauto
830 2033 926 2112 major
957 2041 1006 2095 est
1037 2033 1165 2096 circulus
1189 2033 1244 2098 AB
1268 2055 1356 2116 quam
1380 2036 1509 2098 circulus

154 2119 230 2183 DE:
256 2129 325 2184 tuno
349 2123 386 2183 de
410 2142 468 2184 uno
492 2122 626 2202 quolibet
647 2130 758 2200 puncto
782 2121 826 2183 rei
849 2120 978 2184 visibilis
1001 2122 1069 2200 plus
1088 2123 1239 2186 radiomm
1255 2125 1294 2185 ad
1309 2123 1333 2186 Ο
1350 2127 1509 2202 (puuctum

154 2210 288 2289 picturae
311 2210 340 2271 in
365 2211 510 2272 retilormi
534 2211 719 2290 respondens
753 2217 864 2290 puncto
898 2209 1026 2272 visibilis
1049 2211 1110 2284 rei)
1142 2212 1312 2292 colligitur,
1347 2232 1435 2292 qnam
1469 2213 1509 2274 ad

152 2305 293 2378 punctum
317 2300 351 2361 F.
397 2299 477 2362 Nam
504 2299 658 2380 proportio
691 2298 830 2361 diametri
862 2298 954 2362 lentis
984 2298 1040 2360 AB
1074 2300 1112 2361 ad
1135 2299 1315 2362 diametrum
1338 2301 1428 2363 lentis
1451 2300 1508 2362 DE

153 2388 245 2468 dupla
267 2397 324 2462 est,
350 2395 384 2449 ut
406 2407 479 2450 area
502 2388 658 2450 circularis
681 2389 739 2450 AB
764 2388 802 2450 ad
827 2405 928 2450 aream
952 2387 1128 2450 circularem
1151 2388 1228 2462 DE3
1257 2389 1301 2450 sic
1326 2389 1418 2452 etiam
1442 2390 1506 2451 for·
1549 2467 1552 2472 ἡ

152 2476 249 2537 titudo
273 2476 390 2538 luminis
424 2477 455 2538 in
487 2474 513 2540 Ο
538 2478 577 2540 ad
611 2476 820 2538 fortitudinem
851 2475 970 2539 luminis
1002 2476 1033 2537 in
1055 2477 1090 2539 F.
1143 2474 1402 2547 Quemadmodum
1436 2495 1507 2557 ergo

153 2565 240 2626 datur
257 2565 346 2628 -omni
369 2565 480 2627 circulo
504 2565 561 2627 AB
585 2565 681 2644 major
704 2566 734 2627 in
757 2565 924 2640 inlinitum,
958 2563 1001 2626 sic
1025 2565 1116 2626 datur
1138 2566 1231 2627 etiam
1255 2565 1335 2627 omni
1359 2565 1508 2627 distantia

154 2651 213 2715 GA
237 2654 333 2732 major
357 2653 386 2716 in
409 2653 565 2717 indultum.
612 2655 655 2718 Ut
679 2662 780 2716 autem
803 2654 872 2734 plus
895 2653 987 2714 etiam
1010 2653 1141 2716 scribam
1165 2672 1254 2733 quam
1281 2653 1416 2736 petiisti,
1449 2653 1506 2715 hoc

151 2743 190 2808 ad
214 2743 359 2821 majorem
382 2743 623 2806 informationem
647 2742 797 2823 pertinere
822 2742 956 2814 videtur,
987 2749 1021 2802 ut
1044 2741 1162 2822 positus
1186 2741 1273 2820 huius
1296 2742 1325 2802 iu
1350 2742 1508 2822 proposita

150 2832 245 2910 ligura
269 2832 408 2894 effectum
431 2832 565 2911 pluribus
586 2831 749 2912 explicem.
794 2833 918 2893 Habent
941 2829 1011 2906 DE,
1035 2831 1092 2893 AB
1116 2837 1228 2911 puncta
1251 2849 1413 2892 concursus
1437 2849 1504 2891 nm-

150 2920 230 2982 nium
255 2920 400 2982 linearum
423 2919 557 2999 proxime
581 2939 672 3000 supra
694 2921 720 2982 F
743 2928 775 2982 et
799 2918 843 2994 O,
868 2937 1049 2994 concursus,
1074 2919 1214 2999 inquam,
1237 2918 1336 2992 illius,
1360 2918 1410 2999 qui
1433 2927 1505 2981 ωηο

149 3015 233 3069 esset
260 3009 385 3083 futums,
411 3009 437 3070 si
461 3009 505 3070 lK
528 3015 560 3070 et
584 3007 644 3070 GH
671 3008 761 3089 plane
788 3026 965 3070 concursum
995 3008 1181 3087 appellemus
1215 3007 1350 3070 liberum.
1407 3013 1461 3078 (Sic
1478 3017 1505 3066 ia

147 3095 283 3148 Hansclrio.
319 3095 347 3148 St
374 3097 448 3148 verbo
477 3095 583 3161 ,plane“
603 3097 795 3163 adiungeremus
813 3097 903 3148 rerba:
924 3096 1074 3155 ,abessenta
1093 3095 1159 3146 bunc
1178 3101 1339 3148 concarsnm“
1361 3101 1424 3155 etc,
1444 3101 1505 3148 tnnc

148 3175 187 3226 hle
206 3189 293 3242 param
312 3179 457 3242 perspicuas
478 3177 563 3236 aaut).
605 3167 640 3231 Si
663 3170 703 3230 ad
726 3170 801 3230 haec
824 3177 937 3248 puncta
966 3168 1088 3247 propius
1122 3169 1337 3229 admoveantur
1368 3186 1504 3229 concava

148 3255 204 3329 IK,
221 3254 292 3330 GH,
317 3265 387 3319 ωηο
410 3266 574 3338 sequentur
592 3266 654 3318 tres
678 3257 874 3320 alterationes
898 3256 1040 3318 effectus:
1065 3256 1161 3336 prima
1175 3263 1232 3330 est,
1249 3255 1326 3336 quod
1342 3271 1503 3340 concursus
1531 3287 1532 3292 κ

149 3344 213 3424 ipse
237 3345 367 3407 actualis
392 3347 541 3408 radiorum
565 3345 652 3408 unius
675 3347 779 3428 puncti
801 3344 929 3407 visibilis
960 3344 1105 3406 ascendet
1133 3345 1255 3426 propius
1287 3363 1393 3415 versus
1426 3364 1501 3408 oon-

149 3451 266 3495 onrsnm
290 3435 435 3497 liberum:
469 3435 602 3496 secunda
624 3443 683 3510 est,
717 3435 795 3515 quod
819 3452 877 3496 non
901 3434 1014 3495 serviet
1036 3433 1103 3512 jam
1133 3433 1261 3514 amplius
1285 3433 1383 3495 eidem
1405 3435 1502 3510 oculo,
1534 3447 1537 3452 ‘

149 3522 204 3584 sed
223 3522 282 3598 alii,
307 3524 423 3604 quires
447 3523 624 3602 longinquas
648 3523 778 3604 simplici
801 3524 868 3584 visu
887 3521 970 3583 videt
993 3521 1118 3596 clarins;
1142 3521 1234 3584 tertia
1258 3529 1315 3598 cst,
1340 3523 1418 3601 qnod
1437 3522 1505 3600 jem
1554 3519 1561 3528 ’

148 3609 244 3672 minor
266 3627 338 3688 pars
361 3613 397 3673 de
422 3631 454 3674 re
478 3611 665 3692 visibili-per
689 3613 745 3674 hoe
768 3611 999 3674 instrumentum
1023 3610 1158 3674 venitin
1182 3609 1309 3672 oculum.
1346 3610 1413 3671 Hoc
1428 3610 1502 3671 ulti-

147 3718 228 3762 mum
251 3701 407 3780 explicabo
430 3700 575 3780 pluribus.
623 3699 777 3771 Quamdiu
800 3699 919 3762 scilicet
941 3718 1106 3762 concavum
1137 3707 1185 3760 est
1218 3699 1298 3760 intra
1327 3715 1503 3760 concursum

146 3789 292 3864 liberum,
321 3790 442 3870 propius
466 3807 508 3852 sc.
533 3808 686 3864 convexo,
719 3807 838 3869 semper
860 3790 928 3868 plns
950 3789 1034 3850 cerni
1057 3795 1161 3876 pqtest
1183 3787 1273 3848 dere
1298 3785 1409 3847 visibili
1432 3786 1502 3847 lon-

146 3877 266 3956 ginqua,
292 3896 380 3958 qnam
405 3886 549 3958 quantum
568 3879 634 3940 lens
652 3878 720 3958 ipsa
740 3896 876 3942 convexa
889 3885 1017 3957 tegeret,
1042 3876 1068 3937 si
1085 3875 1289 3956 applicaretur
1311 3873 1354 3935 rei
1377 3873 1520 3936 visibili·

143 3969 190 4036 At
213 3966 239 4026 si
263 3984 427 4030 concavum
451 3967 541 4030 fuerit
564 3967 594 4028 in
617 3966 683 4048 ipso
706 3973 817 4046 puncto
840 3984 1002 4028 concursus
1025 3963 1121 4033 liberi,
1145 3970 1216 4025 tunc
1235 3981 1292 4024 nou
1316 3963 1384 4040 plus
1398 3969 1502 4040 potest

144 4073 198 4135 per
221 4054 453 4118 instrumentum
476 4055 556 4118 intro
586 4056 696 4136 recipi,
729 4075 817 4135 quam
841 4060 985 4136 qnantum
1008 4053 1072 4132 tegi
1095 4058 1198 4132 potest
1231 4051 1267 4112 de
1291 4070 1323 4112 re
1346 4049 1502 4112 visibilia

146 4145 227 4206 lente
251 4162 395 4217 convexa,
422 4143 448 4205 si
467 4145 507 4205 ad
524 4151 696 4207 contactum
719 4145 897 4224 applicetur.
934 4143 1040 4223 Neque
1066 4149 1164 4202 tamen
1189 4139 1233 4200 sio
1257 4136 1400 4200 distinete
1420 4137 1501 4200 cerni

144 4239 247 4312 potest
271 4232 324 4294 illa
346 4233 496 4313 particula
526 4233 568 4294 rei
598 4231 725 4294 visibilis
753 4240 876 4312 propter
904 4231 979 4292 duas
1003 4247 1130 4291 causas:
1169 4226 1500 4307 omousianorum,

145 4321 215 4400 qnia
252 4321 328 4383 radii
366 4321 479 4384 habent
516 4321 647 4383 alienam
684 4321 722 4382 ab
761 4320 846 4382 ooulo
888 4317 1132 4398 convergentiam
1173 4315 1222 4377 vel
1263 4314 1500 4394 divergentiam;

144 4406 180 4482 2)
204 4418 328 4490 propter
358 4409 564 4473 confusionem
595 4408 788 4488 loculatum„
817 4406 983 4478 Quodlibet
1014 4405 1100 4467 enirn-
1124 4411 1266 4484 punctum
1297 4401 1377 4465 illius
1400 4403 1497 4484 parti-

144 4498 233 4560 culae
254 4498 298 4560 rei
322 4497 450 4560 visibilis
474 4497 573 4578 pingit
595 4503 709 4560 certum
733 4494 852 4577 quidem
875 4503 1017 4576 punctum
1040 4492 1181 4566 concaui,
1210 4500 1243 4553 at
1270 4490 1400 4571 trajecto
1423 4509 1498 4553 con-

145 4604 219 4648 cavo
242 4586 341 4666 pingit
364 4587 490 4649 eandem
518 4585 698 4666 particulam
730 4583 894 4648 retiformie
927 4584 956 4645 in
985 4583 1071 4646 oculo
1101 4600 1190 4663 quam
1222 4587 1254 4640 et
1284 4579 1373 4642 alind.
1422 4575 1498 4641 Onm

144 4673 247 4754 itaque
270 4675 433 4740 retitormis
457 4674 561 4736 tunica
583 4672 661 4738 oculi
682 4669 825 4754 pingatur
848 4672 953 4734 eadem
977 4671 1022 4732 sui
1046 4677 1133 4751 parte
1157 4668 1195 4730 ab
1219 4667 1355 4730 omnibns
1377 4667 1497 4748 punctis

134 4759 188 4846 ,rei
213 4759 358 4838 visibilis,
380 4763 425 4836 lit,
448 4770 483 4824 nt
496 4761 604 4826 fortior
618 4761 670 4824 lux
691 4760 794 4844 puncti
812 4759 898 4823 unius
914 4759 1056 4822 obliteret
1078 4756 1251 4819 debiliorem
1270 4763 1324 4818 aut
1345 4756 1497 4822 miscean-

1225 4855 1286 4916 ³1³t
