3674 5538
356 251 398 320 72
775 256 876 306 Literae
893 253 995 318 Kepleri
1015 254 1165 319 aliorumque
1182 261 1282 304 mutuae

356 433 421 484 siem
438 434 464 482 in
489 429 628 496 principio?
655 428 817 496 Respondes:
845 431 902 496 quia
926 429 1009 480 radius
1031 429 1127 482 iurauit
1154 429 1248 480 nnllam
1275 430 1430 496 superficiem
1450 434 1510 480 actu
1527 431 1594 482 intra
1611 443 1706 495 corpur,

357 505 394 555 rel
413 504 434 554 si
452 503 496 563 ris,
515 502 573 566 quia
589 501 683 551 invenit
700 502 770 566 quasi
792 500 902 552 infinitas
920 501 1076 564 superficies,
1092 501 1206 552 videlicet
1224 501 1249 549 iu
1269 503 1334 552 omni
1357 501 1490 566 positione,
1514 502 1594 550 nescit
1615 503 1707 559 radius,

357 590 405 641 quo
424 589 451 624 se
469 579 551 624 vertat
570 577 596 623 et
613 573 668 622 ideo
686 579 743 635 post
760 574 864 636 primam
882 573 1027 622 fractionem
1040 574 1065 622 in
1083 571 1211 636 superficie
1229 573 1340 637 procedit
1352 575 1405 624 sine
1423 571 1475 621 alia
1492 572 1598 621 flexione
1618 573 1709 622 directe

358 647 391 696 ad
409 650 528 710 punctum
547 644 576 692 G.
613 642 694 698 Dico,
720 643 784 706 quod
811 645 891 708 magis
919 651 986 694 esset
1003 659 1046 708 pro
1072 644 1199 693 commodo
1226 644 1306 701 radii,
1333 651 1362 694 ut
1384 643 1477 693 directe
1504 643 1650 706 procederet
1667 659 1710 706 per

357 717 449 768 lineam
467 715 514 766 BD
533 715 559 764 in
576 715 704 777 principio,
723 727 796 777 quam
814 713 893 764 ffacte
911 714 1044 771 declinare,
1064 729 1120 765 rum
1137 714 1231 764 nullam
1250 727 1352 764 causam
1374 713 1483 764 invenire
1501 719 1589 777 potest·
1601 715 1626 762 in
1644 715 1708 776 prin-

359 789 433 852 cipio,
452 787 510 851 quin
530 785 617 835 eadem
636 785 746 834 obviaret
763 786 788 834 iu
812 787 931 844 transitu,
955 786 1050 836 scilicet
1075 785 1277 848 impedimentum
1299 785 1471 840 resistenm
1500 790 1599 834 etcum
1624 785 1709 834 eadem

359 859 391 908 sit
409 858 498 922 ubique
516 855 669 913 resistentia,
694 856 782 906 eadem
801 860 867 906 esse't
885 855 989 907 dedexio
1007 863 1133 920 perpetue.
1171 855 1220 907 Sed
1239 855 1363 920 quidhoc
1382 862 1408 906 et
1429 854 1571 920 quomodo?
1601 855 1712 919 Expecta

361 936 387 981 et
406 927 508 978 attende
526 939 664 990 parumper.
701 925 866 977 Revertamur
884 930 917 978 ad
935 929 1031 978 initium
1049 929 1090 977 ubi
1108 927 1295 990 incipiebamus.
1324 926 1431 988 Quando
1449 925 1533 975 radius
1546 926 1590 976 AB
1609 927 1712 976 feriebat
1779 920 1780 942 ³

359 999 513 1064 superficiem
532 997 601 1048 densi
619 997 738 1060 diaphani
755 999 781 1048 iu
800 1004 891 1063 puncto
909 999 931 1048 Β
951 1005 977 1048 et
994 999 1178 1063 ingrediebatur
1194 1000 1309 1057 retraete,
1328 1011 1433 1064 quaero,
1453 1011 1486 1046 an
1505 995 1592 1047 eodem
1611 998 1713 1045 instanti

360 1072 391 1120 ab
420 1069 505 1119 eodem
532 1073 624 1131 puncto
652 1067 674 1116 B
701 1069 846 1120 reflectatur
872 1065 974 1121 necuei
1013 1070 1085 1132 Quod
1112 1069 1247 1120 reflectitur
1278 1069 1414 1121 secuudum
1441 1067 1560 1133 angulum
1585 1067 1712 1132 acqumem

360 1140 521 1196 incidentiae,
540 1154 590 1188 non
609 1145 648 1188 est
666 1139 847 1198 dubitandums
875 1143 1028 1205 experientia
1046 1143 1121 1191 etiam
1141 1140 1225 1198 docet,
1254 1141 1317 1190 oculi
1336 1140 1436 1190 rident:
1455 1139 1499 1189 sed
1517 1137 1618 1188 dubium
1637 1145 1714 1188 restat

360 1212 391 1262 de
410 1210 542 1260 identitate
569 1211 685 1272 temporis
710 1217 736 1260 et
760 1212 853 1274 puncti.
890 1212 948 1262 iam
974 1227 1025 1263 non
1053 1213 1151 1262 dabitur
1177 1213 1302 1274 responsio
1328 1213 1381 1263 sine
1409 1209 1522 1261 absurdo.
1559 1209 1626 1260 Nam
1651 1210 1713 1258 idem

359 1287 478 1348 punctum
497 1289 563 1331 esset
590 1281 659 1330 radio
687 1283 796 1344 peruium
815 1287 841 1330 et
862 1283 991 1333 resistibiie
1019 1282 1107 1334 eodem
1124 1285 1243 1345 instante,
1270 1288 1296 1332 et
1324 1283 1412 1332 eadem
1434 1294 1493 1346 pars
1520 1282 1584 1331 radii
1608 1289 1675 1330 esset
1691 1281 1714 1328 in

362 1353 456 1404 duobus
474 1351 535 1402 locis
554 1351 642 1411 simul,
670 1353 709 1400 rel
732 1353 758 1401 iu
783 1353 884 1402 dirersis
911 1355 1075 1412 instantibnsr
1102 1361 1230 1418 utrumque
1257 1359 1367 1404 mutaret
1393 1359 1516 1403 naturam.
1554 1351 1622 1413 Quid
1645 1353 1716 1417 igitur

361 1421 580 1487 respondendum?
609 1421 672 1472 Cum
690 1436 741 1472 una
766 1437 823 1487 pars
851 1425 1052 1476 conmadictionis
1071 1431 1110 1474 est
1136 1425 1208 1484 ialsa,
1237 1425 1377 1476 necessario
1403 1425 1513 1488 sequitu
1541 1425 1647 1473 alteram
1665 1437 1715 1472 esse

361 1507 453 1544 reram.
490 1491 583 1543 Restat
602 1493 741 1552 dicendum,
760 1495 826 1544 idern
845 1503 963 1558 punctum
982 1511 1030 1546 nou
1049 1510 1103 1545 esse
1121 1495 1190 1546 radio
1208 1499 1317 1559 persium
1336 1502 1362 1548 et
1385 1493 1527 1549 resistibile‚
1544 1507 1593 1544 nee
1614 1493 1714 1544 eundem

364 1565 460 1615 radium
479 1579 580 1614 numero
599 1565 724 1615 reflectio
741 1566 871 1630 superficie
888 1568 957 1617 densi
977 1567 1094 1631 diaphani
1109 1581 1139 1617 ac
1157 1568 1229 1617 simul
1247 1567 1322 1630 recipi
1340 1567 1407 1616 iutra
1425 1579 1518 1630 corpus.
1546 1564 1613 1630 Ergo
1633 1579 1715 1628 corpus

366 1637 471 1686 densum
490 1635 649 1698 diaphanum,
670 1637 734 1699 quod
752 1651 827 1687 sensu
845 1636 940 1688 ridetur
958 1653 1012 1688 esse
1031 1641 1173 1688 continuum
1186 1653 1230 1702 per
1247 1653 1332 1688 omnes
1349 1643 1441 1702 partes,
1460 1651 1486 1686 re
1499 1649 1557 1686 vera
1575 1637 1716 1686 continuum

364 1721 415 1757 non
429 1711 478 1763 est,
490 1706 534 1756 sed
546 1705 623 1756 habet
636 1713 719 1770 partes
733 1722 869 1772 corporeas,
890 1723 953 1772 quae
965 1709 1042 1759 radiis
1060 1711 1186 1766 resistunt,
1205 1715 1231 1758 et
1241 1715 1326 1774 partes
1343 1711 1500 1772 incorporeas
1516 1707 1592 1756 radiis
1611 1707 1716 1770 pervias:

366 1780 404 1828 ita
421 1784 450 1828 ut
468 1777 584 1828 redactio
603 1776 664 1828 nihii
683 1778 750 1828 aliud
769 1780 802 1827 sit
820 1793 894 1844 qnam
912 1781 1011 1831 interna
1028 1782 1136 1838 reflexio,
1156 1788 1182 1830 et
1198 1794 1255 1844 pars
1272 1780 1335 1830 radii
1352 1780 1416 1830 intro
1429 1783 1539 1842 recepta,
1559 1779 1608 1828 etsi
1626 1777 1718 1826 ridetur

365 1849 450 1900 sensui
469 1861 524 1897 esse
542 1854 620 1904 recta,
640 1854 782 1899 esttamen
801 1852 938 1915 composita
956 1867 986 1902 ex
1003 1853 1094 1902 mulus.
1130 1850 1178 1902 Hic
1197 1852 1265 1900 sisto.

456 1917 498 1967 Ita
515 1917 609 1982 placuit
622 1920 646 1968 in
667 1922 863 1985 argumentando
881 1922 975 1972 ludere.
1006 1921 1032 1974 Si
1046 1925 1128 1986 inepte
1140 1923 1197 1979 iecl,
1216 1924 1322 1986 imputes
1340 1921 1464 1984 praesenti
1477 1933 1549 1970 meae
1568 1917 1717 1972 infirmium

362 1989 420 2040 loco
439 1988 578 2040 medicinae
604 1991 701 2040 animus
728 1990 874 2056 quandoque
902 1993 1011 2044 reficitur
1037 1993 1161 2060 ungendo.
1197 1993 1255 2044 Jaru
1273 1992 1331 2042 duxi
1348 1998 1373 2042 te
1393 1991 1425 2041 ad
1447 1991 1512 2040 iores
1542 1989 1718 2038 domiciliorum

364 2066 479 2119 naturae,
499 2059 541 2109 nbi
560 2060 641 2111 latent
659 2063 713 2124 ejus
732 2076 835 2113 arcena.
869 2062 895 2113 Si
913 2080 963 2116 non
981 2066 1059 2130 possis
1077 2067 1169 2115 intrare
1188 2070 1286 2128 prepter
1302 2061 1399 2112 illarum
1418 2062 1556 2128 cumanae,
1575 2065 1606 2108 tu
1624 2059 1717 2108 matbe-

365 2133 459 2182 matice
478 2130 595 2181 abstrahe
614 2138 640 2181 et
658 2131 778 2184 contrahe
796 2141 822 2185 te
839 2135 920 2198 ipsum
938 2137 963 2186 in
983 2143 1099 2196 atomum,
1119 2143 1146 2186 et
1163 2136 1265 2186 intrabis
1287 2134 1370 2184 iaciie.
1407 2133 1441 2183 Et
1458 2138 1591 2198 postquam
1610 2143 1718 2196 egressus

364 2218 401 2258 es,
419 2202 459 2253 dic
476 2200 535 2250 mihi
554 2215 618 2267 quae
636 2203 759 2254 mirabilia
776 2205 864 2256 vidisti

456 2271 528 2333 Quod
548 2273 580 2322 ad
599 2273 725 2325 colores
745 2277 851 2334 attinet,
870 2279 896 2326 in
913 2277 1010 2328 illorum
1033 2279 1130 2328 ratione
1154 2290 1247 2342 magna
1265 2282 1322 2327 sunt
1340 2276 1459 2339 mysteria
1476 2288 1525 2323 non
1543 2273 1611 2322 illico
1631 2285 1717 2336 erpan-

367 2343 458 2394 denda.
494 2342 546 2393 Sed
565 2345 663 2409 qnando
682 2347 828 2411 rescripsero
847 2347 878 2397 de
896 2349 995 2406 iride,
1014 2348 1106 2399 ridebis
1125 2345 1202 2412 (quae
1214 2361 1309 2398 nauca
1325 2345 1509 2411 peripatheticir
1523 2358 1572 2393 uon
1586 2340 1718 2402 credenda)

365 2416 476 2466 rationes
505 2419 532 2464 et
560 2428 649 2466 musas
677 2419 730 2479 ejus
757 2418 880 2480 formales,
908 2421 1076 2483 proximaret
1101 2419 1272 2474 immedietas,
1301 2424 1327 2468 et
1352 2418 1464 2467 similiter
1481 2416 1512 2466 de
1536 2415 1624 2465 multis
1651 2415 1719 2463 rebus

289 2487 294 2498 '
364 2485 483 2552 phynicia
502 2487 553 2536 suis
565 2487 626 2536 locis
644 2489 792 2547 tractandis,
811 2490 833 2539 si
845 2488 915 2540 Deus
928 2490 971 2540 det
988 2491 1058 2541 nohis
1076 2491 1152 2540 otium
1166 2497 1192 2540 et
1209 2489 1323 2539 salutem.
1350 2487 1453 2539 Interim
1470 2487 1598 2551 patienter
1610 2491 1717 2549 expecta

366 2558 420 2608 Hoc
439 2559 574 2616 tamende
593 2558 653 2608 iride
672 2573 739 2609 nunc
757 2560 821 2618 dico,
840 2561 905 2625 quod
917 2575 995 2612 causa
1014 2561 1207 2612 demonstranda
1225 2565 1263 2610 est
1275 2562 1300 2610 iu
1312 2574 1365 2611 una
1382 2559 1489 2624 guttula,
1508 2572 1552 2622 per
1563 2557 1719 2608 rederiomrn

366 2631 392 2678 in
412 2641 524 2678 concava
541 2630 671 2694 superficie
690 2637 716 2680 et
734 2629 907 2683 refractionem
927 2635 952 2682 iu
972 2647 1088 2683 convexa.
1113 2630 1181 2682 Nihil
1199 2637 1284 2682 tamen
1297 2631 1346 2682 dixi
1361 2631 1392 2682 ob
1410 2631 1535 2694 mysteria.
1554 2627 1718 2696 quesissent.

366 2699 458 2750 Cetera
476 2699 613 2750 differenda
630 2701 656 2751 iu
676 2701 743 2751 alind
760 2707 865 2766 tempus.
1470 2699 1472 2702 ’

453 2769 524 2821 Bene
542 2771 617 2822 Vale.
654 2772 761 2824 Lundini
779 2773 802 2824 d.
823 2771 848 2822 2.
867 2770 930 2824 Dec.
953 2769 1031 2822 1606.

455 2893 650 2975 Responsum
683 2903 785 2971 tuum,
809 2906 922 2956 rescribit
938 2905 1110 2969 Keplerus,
1129 2896 1271 2960 Harriote
1295 2896 1500 2973 celeberrime,
1525 2894 1630 2975 magni
1653 2893 1718 2956 the·

367 2984 449 3046 sauri
472 2985 539 3046 loco
564 2992 596 3045 et
620 2987 777 3066 amplexus
802 3007 867 3049 sum
891 2995 924 3048 et
946 2985 1124 3048 custodiam.
1323 2989 1330 3002 '

456 3071 558 3134 Multa
584 3071 615 3134 in
647 3074 762 3136 tabella
794 3095 860 3138 sum
890 3073 1031 3148 miratus,
1060 3093 1135 3155 quae
1168 3079 1260 3135 antea
1290 3071 1436 3154 ignoravi.
1491 3070 1620 3134 Clavem
1652 3069 1721 3132 mihi

367 3169 539 3242 porrectam
567 3161 674 3242 opinor
701 3163 740 3224 ad
768 3163 959 3246 inquirendas
991 3165 1123 3226 latentes
1148 3181 1302 3242 corporum
1326 3168 1462 3224 naturas.
1518 3158 1598 3232 Quis
1623 3159 1720 3221 credi-

370 3250 482 3326 disset,
508 3249 634 3330 spiritus
662 3251 721 3312 vini
751 3253 894 3333 majorem
918 3271 985 3314 esse
1009 3251 1218 3314 refractionem
1243 3271 1331 3331 quam
1354 3249 1518 3313 fontanae?
1554 3249 1600 3311 Et
1623 3258 1719 3310 temen

369 3336 510 3418 analogia
532 3347 668 3417 perstat,
694 3342 787 3420 qnod,
812 3340 863 3402 ubi
886 3341 972 3403 mixti
1004 3348 1075 3402 suut
1102 3339 1227 3420 spiritus
1250 3339 1311 3401 vini
1335 3347 1367 3401 et
1395 3357 1474 3418 aqua
1503 3338 1622 3411 (vinum
1646 3337 1720 3398 enuu

369 3446 407 3488 ex
430 3424 467 3486 iis
490 3426 618 3488 mixtum
649 3447 715 3489 esse
746 3428 860 3491 indicat
892 3428 1070 3510 separatio),
1095 3427 1136 3491 ibi
1160 3435 1192 3489 et
1214 3427 1355 3491 retractio
1379 3426 1575 3489 intermediae
1601 3424 1720 3506 quanti-

368 3512 456 3577 tatis.
504 3512 626 3577 Salsam
649 3536 669 3577 a
693 3517 818 3579 fontana
848 3516 1006 3580 credebam
1039 3518 1153 3578 distare
1186 3517 1252 3578 sola
1275 3515 1457 3578 admistione
1480 3515 1722 3594 corpusculorum

368 3601 443 3666 salis
466 3601 752 3684 heterogeneorum:
778 3605 809 3668 id
832 3606 858 3668 ei
883 3615 973 3680 esset,
998 3625 1057 3668 uon
1082 3606 1202 3668 diversa
1225 3612 1310 3667 esset
1332 3603 1483 3678 refractio,
1507 3603 1561 3664 sed
1585 3602 1617 3664 in
1641 3602 1722 3663 salsa

368 3693 577 3756 tantummodo
608 3693 762 3756 obscurior
785 3695 836 3756 lux
859 3694 1023 3770 incideret,
1057 3693 1243 3774 corpusculis
1267 3693 1341 3756 salis
1368 3692 1502 3755 umbram
1531 3691 1720 3753 iacientibus.

260 3841 263 3848 .
368 3783 414 3844 At
433 3779 507 3859 jum·
522 3779 611 3843 video
635 3783 771 3845 diversas
795 3783 1003 3858 retractiones,
1029 3791 1117 3845 eruut
1137 3783 1227 3863 igitur
1247 3789 1280 3844 et
1309 3781 1446 3843 diversae
1471 3780 1721 3858 homogeneornm

367 3874 511 3944 naturae,
541 3877 573 3930 et
604 3871 688 3932 salsa
716 3871 849 3934 nativum
886 3872 1014 3934 colorem
1039 3871 1201 3942 obtinebit,
1238 3890 1304 3933 cum
1328 3871 1447 3932 videam
1475 3868 1588 3942 calida,
1623 3867 1722 3930 idest

368 3959 483 4030 cleosa,
507 3959 617 4020 ceteris
631 3959 754 4040 paribus
768 3960 945 4038 grandiores
964 3960 1075 4022 babere
1098 3959 1304 4022 retractiones.
1342 3957 1450 4021 Oleum
1468 3955 1721 4019 therebinthinnm

368 4044 533 4129 aequilibre
556 4055 605 4108 est
627 4067 725 4130 aquae
756 4047 912 4124 fontanae,
942 4049 1141 4130 nequeenim
1168 4048 1313 4127 mergitur
1343 4065 1438 4128 neque
1467 4050 1650 4125 supernatat
1671 4043 1722 4104 sed

367 4135 476 4217 ubique
500 4134 615 4197 haeret.
654 4135 774 4199 Mariua
796 4155 867 4200 vero
892 4157 970 4218 aqua
992 4135 1114 4218 gravior
1128 4143 1177 4199 est
1199 4137 1325 4198 fontane
1344 4143 1376 4196 et
1391 4141 1493 4197 tamen
1517 4131 1616 4195 minor
1639 4132 1722 4211 hujus

367 4222 510 4287 retractio
535 4241 624 4302 quam
647 4225 739 4288 iliius.
787 4225 872 4287 idem
901 4227 1007 4290 mirum
1031 4225 1111 4288 circa
1137 4225 1315 4306 crystallum
1339 4231 1371 4285 et
1394 4223 1555 4286 succinum.
1603 4219 1721 4300 Ergone

367 4309 509 4374 retractio
533 4313 704 4376 oleositatis
728 4321 776 4376 est
800 4315 944 4377 affectio?
967 4314 1013 4379 At
1036 4314 1106 4395 quid
1130 4312 1300 4376 oleositatis
1325 4312 1354 4374 in
1379 4311 1526 4373 fontana?
1555 4311 1638 4373 Num
1661 4309 1721 4370 ior-

368 4407 451 4462 tasse
475 4398 687 4464 lentitudinis?
710 4403 820 4483 Atqui
839 4403 985 4466 lentitudo
999 4404 1030 4465 in
1045 4401 1152 4481 spiritu
1166 4400 1251 4463 viui?
1275 4397 1360 4470 Quae
1379 4399 1453 4461 item
1471 4398 1628 4479 proportio
1647 4397 1722 4458 inter

369 4487 510 4549 fontanae
530 4496 563 4549 et
582 4491 694 4553 succini
714 4490 924 4566 lentitudines,
945 4511 1021 4572 quae
1041 4508 1107 4552 curn
1128 4489 1319 4571 proportione
1338 4487 1551 4551 refractionem
1576 4485 1618 4548 12
1638 4493 1670 4546 et
1682 4479 1716 4546 il

370 4575 535 4655 comparari
554 4579 676 4656 possit?
699 4578 835 4660 Denique
856 4599 922 4642 cum
945 4581 1005 4642 vini
1025 4587 1056 4642 et
1076 4579 1155 4642 aceti
1179 4577 1376 4640 retractiones
1395 4577 1485 4659 paulo
1505 4574 1625 4637 varient
1643 4577 1723 4636 utet

370 4679 476 4740 aquae,
496 4664 638 4728 retractio
653 4688 712 4730 non
727 4676 776 4730 est
790 4668 931 4731 accidens
950 4669 1108 4750 specificae
1124 4667 1229 4731 horum
1243 4667 1398 4730 humorum
1417 4663 1615 4728 differentiae.
1640 4662 1721 4723 Haec

371 4755 403 4809 et
421 4749 483 4814 alia
500 4753 595 4814 multa
613 4757 791 4838 suppeditat
810 4756 884 4820 mihi
905 4757 1124 4822 consideranda
1143 4755 1258 4820 tabella
1277 4762 1340 4819 tua.
1373 4753 1536 4836 Reliquisti
1554 4771 1603 4815 me
1623 4759 1721 4814 tamen
