3684 5518
1449 309 1514 379 eet

164 503 235 564 eree
250 489 296 554 dt
320 483 501 564 retinentur
523 485 563 547 ad
585 485 863 567 perpendicularem
882 487 921 548 ln
944 486 1160 560 continuatam,
1183 506 1274 568 quere
1296 488 1327 553 iu
1348 515 1387 572 op
1408 509 1514 557 versus

166 573 323 647 exteriora,
347 583 379 639 et
400 575 431 651 ιβ
453 591 559 641 rerem
582 575 619 652 λβ
641 574 848 641 coadunatam
871 575 1038 654 iterumque
1060 575 1090 636 in
1114 577 1266 640 ortodora
1287 579 1318 642 in
1341 583 1387 659 tto,
1411 581 1515 662 sicque

166 667 223 736 dc,
242 663 274 739 ql
292 662 434 742 medodi
465 663 562 744 prins,
593 663 659 741 jem
688 665 903 728 divaricantes.
949 663 993 726 Et
1015 663 1087 744 qnia
1108 670 1141 743 γᾶ
1163 683 1239 728 cara
1270 670 1442 746 superficies
1467 677 1516 732 est

166 750 311 818 densiorbs
331 750 431 825 leodii,
455 767 511 820 see
533 769 669 817 murena
692 753 823 828 remoris,
848 759 950 814 ceutm
973 775 1004 828 μ,
1029 771 1101 832 ergo
1124 775 1160 832 cp
1181 755 1363 835 refringatur
1386 777 1405 819 a
1426 781 1462 838 pp
1484 759 1514 820 iu

164 835 245 920 plat
261 841 300 917 dd
324 859 343 900 a
365 845 405 914 tn
426 839 457 901 in
474 845 520 918 tu,
544 840 642 919 magis
666 840 757 919 igitur
780 840 1025 904 divariceboutur
1043 838 1082 920 γζ,
1098 844 1142 919 dn,
1167 843 1243 904 adeo
1266 853 1300 906 nt
1323 847 1515 911 continuatae

164 927 379 1007 emmenum
400 936 582 992 concurrant
604 929 634 992 in
659 951 682 990 s.
727 929 835 1010 Itaque
863 927 1056 992 remotissimi
1077 932 1182 1010 puncti
1209 932 1394 998 radiatiouee
1418 935 1462 998 sic
1484 935 1516 998 iu

163 1016 276 1083 uuum
298 1035 356 1083 een
377 1035 519 1081 eoeneum
543 1013 576 1094 ζη
598 1017 735 1092 influent,
758 1037 794 1080 ac
817 1017 843 1078 si
866 1017 1006 1082 venirent
1027 1039 1047 1080 a
1068 1020 1204 1097 proximo
1227 1032 1336 1099 puncto
1361 1044 1386 1084 a.
1434 1023 1515 1097 Quid

159 1105 223 1184 jam
253 1105 337 1168 intra
365 1105 464 1186 ipsum
496 1106 614 1168 oculum
636 1104 665 1166 in
698 1107 797 1169 retina
823 1106 876 1167 fiat
900 1123 954 1186 per
984 1107 1304 1186 appropinquationem
1326 1111 1391 1184 (rel
1415 1112 1516 1191 qussi)

161 1194 263 1272 pacui
287 1193 448 1266 radiantis,
472 1211 566 1272 supra
583 1193 776 1273 explicatum,
799 1194 977 1273 praesertim
996 1211 1080 1273 prop.
1097 1192 1148 1260 27.
1172 1197 1351 1276 praemisse.
1386 1197 1516 1261 Rursum

162 1301 233 1344 m
257 1283 300 1344 ait
322 1281 479 1362 manilium
502 1299 683 1352 convenam,
715 1291 858 1362 punctum
881 1303 902 1342 c
924 1282 1039 1354 rediet,
1071 1283 1256 1346 ramaoones
1279 1294 1368 1350 sunto
1393 1309 1440 1360 oo,
1464 1309 1516 1352 nu.

161 1367 248 1440 Quas
281 1370 354 1450 qnia
382 1370 519 1436 incidunt
549 1369 579 1432 in
612 1387 794 1441 convexum,
826 1378 935 1430 coeunt
965 1387 1071 1430 versus
1103 1372 1365 1448 perpendiculares
1397 1397 1446 1452 or,
1469 1395 1515 1457 ns,

160 1456 422 1539 mfriugnuturque
445 1459 474 1520 iu
499 1479 544 1533 or,
567 1477 615 1534 ue,
640 1456 723 1520 ethi
752 1455 868 1536 egressi
890 1456 921 1518 in
944 1477 977 1518 ue
1006 1474 1112 1518 cavam
1140 1459 1262 1521 rarioris
1289 1463 1378 1527 medii
1408 1482 1515 1544 super.

161 1545 255 1610 belem
279 1545 400 1622 fugium
422 1565 441 1606 a
463 1545 758 1624 perpendicularibus
780 1566 831 1623 pn,
864 1564 900 1622 pe
922 1543 1126 1617 continuatis,
1145 1545 1347 1627 refringuntur
1369 1551 1461 1630 igitur
1484 1552 1513 1616 in

93 1669 97 1676 ·
161 1631 202 1706 ni,
217 1653 281 1698 oo:
307 1633 411 1712 sicque
434 1640 595 1696 occurrunt
610 1652 738 1697 corneae
752 1634 782 1698 in
797 1630 850 1708 ξω,
874 1652 910 1694 ue
926 1633 951 1694 si
966 1652 986 1692 a
998 1642 1110 1711 puncto
1134 1634 1326 1712 longissimae
1350 1640 1515 1702 discentiae

160 1737 212 1800 per
233 1719 278 1803 χε,
305 1741 350 1782 oo
371 1721 585 1800 propemodum
607 1722 769 1802 parallelos
798 1730 902 1785 essent
924 1719 1043 1800 allapsi.
1089 1721 1220 1786 Rursum
1246 1725 1361 1806 itaque,
1390 1727 1463 1808 quid
1486 1729 1515 1792 in

161 1828 310 1874 coneum
332 1809 534 1874 omanorum
558 1810 637 1890 apud
660 1811 791 1874 retinam
811 1809 986 1874 emendetur
1009 1809 1066 1874 bac
1086 1811 1157 1875 licta
1179 1813 1342 1878 remotione
1366 1818 1468 1896 puncti
1488 1837 1518 1891 c,

164 1897 231 1960 ride
253 1916 349 1978 snpra
370 1898 549 1977 prasertim
573 1917 658 1978 prop.
683 1895 736 1962 te.
760 1898 940 1978 praemissa.

246 1986 294 2054 Et
322 1987 468 2056 hactenns
498 1986 619 2066 quidem
645 1987 863 2053 demonstratio
892 2005 1008 2062 eorum,
1038 2005 1114 2067 qaae
1147 2006 1240 2068 sopra
1270 2010 1390 2058 numero
1414 1990 1444 2058 2.
1477 1994 1516 2056 ds

162 2075 340 2157 equollion
363 2075 445 2139 emta
468 2081 548 2141 enni.

195 2212 225 2278 l.
261 2211 532 2278 Consideratio
557 2233 690 2290 eorum,
716 2213 947 2364 qulaedoptioi
971 2222 1009 2277 et
1033 2219 1235 2283 anatomici
1259 2221 1301 2282 de
1325 2219 1483 2284 visionis

684 2322 737 2364 mo
770 2321 787 2363 o
836 2303 995 2366 inerunt.

247 2428 320 2492 Non
342 2427 464 2507 singula
486 2427 740 2506 percensebimus,
765 2427 819 2490 sed
843 2425 1015 2506 potissime,
1040 2447 1095 2493 nec
1118 2431 1248 2496 omnium
1276 2436 1458 2510 menime,
1482 2455 1520 2497 ns

162 2515 364 2582 conlundatur
388 2517 491 2580 lenter.
530 2515 658 2580 Vitellio
681 2524 713 2576 et
735 2533 773 2578 ex
795 2533 832 2577 eo
854 2513 1011 2579 Jersenius
1035 2536 1102 2580 eum
1124 2538 1266 2584 ereuesrn
1290 2530 1323 2582 et
1346 2523 1373 2584 in
1397 2543 1436 2584 ea
1450 2543 1519 2604 ory-

162 2605 319 2675 rteilinurn
341 2623 382 2671 sn
403 2604 551 2669 retilormi
575 2622 726 2684 nervoque
749 2603 934 2676 renuissent,
959 2605 1137 2683 potissimas
1159 2609 1307 2671 sentiendi
1328 2620 1434 2687 partes
1452 2611 1521 2674 huic

162 2693 279 2759 berneri
304 2694 448 2759 tribuunt.
495 2692 575 2756 Fieri
598 2693 677 2756 enim
701 2691 868 2754 seusiomm
893 2711 945 2756 eeu
973 2692 1129 2766 visionem,
1163 2713 1228 2757 oum
1261 2697 1338 2761 radii
1371 2717 1409 2761 ex
1430 2699 1520 2765 rebus

164 2781 332 2847 visibilibus
348 2781 475 2857 tunicas,
500 2780 688 2860 potissimum
712 2799 784 2844 vero
807 2780 976 2860 crystallini
999 2781 1091 2844 telem
1115 2783 1325 2848 nonenoeane
1346 2787 1520 2866 spumetque

162 2869 343 2952 cnsmlliuo
375 2870 563 2951 imprimatur
596 2871 688 2944 adeo,
716 2877 751 2933 ut
783 2869 993 2943 inhaerescat3
1028 2888 1114 2948 quem
1147 2871 1175 2932 in
1210 2871 1296 2935 tinem
1328 2873 1432 2937 homor
1462 2874 1519 2938 iste

162 2959 383 3024 messiusculur
405 2959 448 3041 sit
471 2959 580 3022 lactus.
627 2959 671 3024 Ut
692 2965 801 3020 sotem.
817 2956 961 3020 distincte
983 2958 1038 3020 bat
1059 2958 1143 3034 visio,
1168 2961 1429 3038 perpendiculares
1453 2981 1521 3029 esee

163 3047 275 3110 debere
299 3047 400 3112 radios
431 3047 461 3112 iu
490 3047 660 3128 crystallini
691 3046 871 3108 antenorem
904 3047 1100 3125 superficiem.
1145 3047 1414 3127 Perpendiculares
1442 3051 1522 3115 enirn

163 3135 313 3209 ordinari,
344 3144 379 3198 ut
401 3145 472 3199 sont
493 3136 523 3198 in
548 3155 579 3198 re
603 3143 714 3216 puncta
736 3134 887 3197 ordinata.
935 3135 1003 3197 Nisi
1027 3137 1105 3198 euim
1128 3135 1201 3200 solis
1225 3137 1521 3216 perpendicularibue

164 3224 240 3288 risio
264 3224 327 3300 liat,
353 3225 484 3288 luterum
507 3233 542 3286 ut
560 3223 759 3288 confundatur
783 3223 868 3296 visio,
894 3222 973 3286 siout
997 3234 1029 3286 et
1051 3224 1237 3288 radiationes
1259 3227 1523 3305 perpendiculares

163 3313 295 3394 obliquis
318 3314 545 3378 contendantur.
591 3313 634 3374 Et
656 3320 757 3376 temen
781 3312 894 3392 aliquid
928 3313 1019 3375 etiam
1043 3313 1172 3392 obliquis
1196 3313 1310 3388 tribuit,
1335 3317 1523 3394 experientis

164 3400 351 3467 validissime
383 3402 554 3475 condolere,
586 3400 681 3464 videri
714 3399 844 3480 amplius
867 3418 956 3482 quam
979 3410 1123 3482 quantum
1146 3403 1184 3464 da
1206 3401 1427 3482 hemisphaerio
1450 3423 1522 3484 per-

164 3488 400 3570 pendiculariter
428 3491 548 3554 oculoru
576 3489 758 3569 ,ingreditus
811 3489 880 3552 Jarn
911 3489 1040 3554 vitreum
1072 3490 1118 3552 alt
1150 3490 1277 3554 Vitellio
1310 3491 1523 3556 nutrimentum

165 3597 233 3642 esse
257 3580 437 3662 crystallini,
462 3597 589 3659 squeum
611 3595 684 3640 vero
709 3577 845 3656 ejusdem
869 3589 1101 3654 excrementum,
1124 3579 1226 3642 forsan
1242 3579 1374 3642 medicos
1390 3590 1522 3646 secutos.

167 3685 236 3733 narn
258 3668 339 3733 idem
362 3668 521 3732 Feruelius
543 3685 583 3730 ex
610 3667 735 3741 iisdem3
759 3665 941 3746 pellucidos,
966 3668 1053 3744 hunc,
1076 3674 1113 3728 ut
1135 3667 1250 3746 ingredi
1274 3668 1372 3746 possit
1395 3669 1522 3747 species,

165 3757 260 3833 illurn,
284 3765 319 3818 ut
342 3758 460 3838 speeies
478 3758 543 3837 jarn
565 3774 658 3820 sensa
680 3753 857 3836 crystallino
880 3773 934 3834 per
958 3757 1084 3820 vitreum
1107 3763 1140 3818 et
1161 3773 1215 3834 per
1238 3755 1361 3834 spiritus
1377 3757 1521 3818 substan-

166 3845 240 3910 tiam
263 3846 301 3908 ad
334 3863 511 3910 concursum
541 3844 625 3906 nervi
657 3842 816 3923 perveniat
847 3841 946 3923 ibique
971 3866 989 3908 a
1013 3844 1157 3906 facultate
1180 3863 1234 3906 eeu
1262 3862 1351 3904 senec
1375 3843 1523 3908 summani

168 3942 356 4014 semenator.
402 3935 512 4014 Itaque
540 3931 717 4013 crystallino
744 3931 901 4016 planitiem
935 3935 1035 4014 (prop.
1060 3929 1114 3994 23.
1139 3931 1191 3994 lib.
1216 3933 1290 4004 ΙΙΙ.)
1324 3931 1525 4013 apostoriori

168 4029 252 4100 perte
274 4021 382 4088 tribuit
402 4031 553 4104 negatque
584 4038 759 4084 conmittere
783 4021 893 4084 debere
917 4023 1018 4084 radios
1041 4039 1156 4096 rerum,
1189 4039 1226 4082 ue
1255 4020 1363 4082 dextra
1387 4021 1524 4087 sinistris

168 4117 372 4190 permutentur
394 4112 426 4174 iu
450 4112 620 4191 simulacro.
667 4109 710 4172 Et
741 4109 860 4172 omnino
888 4119 989 4190 putat,
1019 4109 1185 4189 perlectam
1218 4107 1348 4187 speciem
1373 4110 1415 4172 rei
1438 4109 1524 4173 visse

169 4199 322 4278 metire
345 4201 491 4280 usquein
513 4217 691 4262 concursum
714 4197 806 4260 uerri.

254 4288 340 4350 Haec
369 4296 437 4352 tota
468 4287 621 4353 sententia
658 4286 811 4366 (quamvis
841 4304 873 4346 se
907 4293 1032 4348 anctore
1060 4287 1161 4366 jactet
1191 4286 1379 4361 Aristotele,
1410 4285 1461 4367 qui
1490 4307 1526 4348 sa

171 4375 302 4454 dumnoc
331 4397 367 4440 eo
391 4373 528 4456 ὁραωιω
556 4371 666 4445 ὕδατος
697 4393 766 4438 esse
798 4373 842 4436 eit
874 4392 942 4453 cap.
972 4371 1002 4435 2.
1037 4375 1074 4437 de
1098 4395 1187 4438 sensu
1211 4383 1244 4436 et
1270 4375 1427 4449 sensibus)
1450 4393 1523 4453 pro-

172 4467 320 4540 sternitur,
343 4473 462 4529 resecto
486 4463 661 4546 crystallino
686 4483 706 4524 a
725 4481 818 4526 nervo
842 4471 874 4523 et
898 4483 917 4524 a
940 4463 1054 4538 retius,
1079 4482 1215 4544 ueroque
1237 4481 1306 4526 cum
1329 4483 1421 4537 oves,
1445 4463 1523 4542 quod

172 4571 259 4635 eupre
277 4573 320 4619 ex
342 4555 465 4618 Plntero
488 4563 643 4616 osmnsum
666 4559 724 4614 eet.
771 4549 853 4622 Quid
877 4551 984 4614 deiude
1009 4553 1047 4613 de
1068 4553 1126 4614 hac
1153 4553 1326 4614 introducta
1353 4551 1524 4614 nutridouis

172 4649 203 4704 et
219 4643 404 4711 amulonis
428 4643 524 4708 torma
546 4640 745 4713 sentiendum,
770 4639 924 4719 disputent
954 4639 1079 4704 medici:
1114 4648 1195 4702 certe
1220 4639 1247 4702 si
1269 4640 1369 4704 nudus
1392 4659 1432 4702 ex
1453 4657 1526 4702 een·

172 4731 252 4798 ribus
274 4741 322 4794 ert
344 4731 548 4795 admirabilior
573 4735 604 4790 et
628 4727 766 4791 subtilior
789 4747 878 4808 quem
903 4728 1001 4802 visus,
1026 4729 1150 4808 indigna
1175 4737 1246 4790 sunt
1269 4729 1364 4800 haec,
1387 4747 1464 4808 quae
1489 4727 1525 4787 dc

174 4820 235 4883 obn
258 4828 442 4884 statuantur.
489 4819 563 4882 Tum
586 4823 688 4900 autem
713 4815 820 4878 tunicis
848 4833 968 4878 sonsum
991 4817 1065 4878 lucis
1089 4815 1266 4896 trapscribit
1289 4835 1328 4878 ex
1351 4825 1444 4878 tactu.
1491 4815 1525 4877 Si

225 4923 311 4974 repul
324 4925 402 4974 opera
424 4924 452 4964 ιι.
1283 4920 1312 4969 r?
