3652 5532
356 265 419 334 742
826 265 866 318 De
885 265 963 318 Stella
980 265 1051 318 Nova
1069 233 1217 332 Serpeutadl

352 443 593 522 circumstantias
621 434 827 524 consequitur,
851 444 905 506 sed
928 443 1080 524 componit
1102 443 1190 524 signa
1217 443 1377 506 multorum
1399 448 1585 524 temporum:
1614 443 1703 526 qnod

350 533 453 616 Tyeho
475 532 611 596 Brabeus
634 531 664 593 in
686 532 846 614 Progymn.
871 534 964 596 Temo
987 533 1012 595 I.
1035 532 1087 594 fol.
1112 529 1176 596 556
1200 532 1230 594 in
1254 532 1381 596 Gemma
1403 533 1563 614 praecipue
1586 551 1700 615 repre-

349 623 463 686 hendit.
501 624 634 684 Fuerunt
654 620 755 701 igitur,
778 621 829 703 qui
851 622 983 684 infausto
1006 621 1103 684 omine
1127 641 1165 684 ex
1184 620 1363 684 occidentali
1385 622 1555 702 clarissima
1579 624 1701 684 factam

350 730 417 773 esse
442 709 617 774 orientalem
639 709 763 772 lividam
786 719 981 773 annotarent:
1007 731 1042 772 ac
1059 711 1086 772 si
1108 709 1157 772 vel
1172 709 1300 774 Latinae
1323 709 1469 774 ecclesiae
1491 713 1540 775 vel
1563 711 1699 793 imperio

349 798 526 873 occidentis,
550 817 604 880 pro
629 817 664 860 ec
688 806 770 862 statu
793 819 851 880 quo
873 819 950 862 nunc
974 799 1074 874 floret,
1099 799 1287 863 orientalium
1313 800 1491 881 populorum
1512 800 1702 864 tristissima

348 889 478 952 conditio
496 889 734 968 portenderetur.
770 889 855 952 Haec
870 889 1095 952 circumstantia
1109 896 1216 970 posset
1229 897 1261 952 et
1274 889 1362 952 aliter
1377 889 1531 971 explicari,
1551 890 1700 952 nimirum

348 999 397 1042 res
420 999 440 1040 a
462 977 552 1040 stella
574 977 758 1058 significatas
781 978 859 1042 inter
881 979 968 1042 initia
989 979 1054 1042 iore
1077 979 1240 1053 maximas,
1267 986 1374 1059 postea
1400 979 1568 1042 interventu
1591 979 1700 1060 magi-

348 1075 471 1142 stratus,
496 1067 546 1148 qui
568 1087 587 1130 a
609 1066 691 1130 Solis
720 1086 845 1129 accessu
868 1068 906 1130 ad
930 1068 1051 1130 stellam
1078 1067 1283 1142 denotabitur,
1306 1067 1356 1149 qui
1379 1088 1398 1129 a
1420 1067 1503 1132 Solis
1531 1069 1700 1150 splendore

348 1157 545 1236 significetur,
580 1155 761 1220 occultatum
788 1175 882 1238 exque
911 1156 1063 1219 hominum
1090 1157 1197 1220 animis
1225 1164 1257 1219 et
1284 1157 1468 1220 sermonibus
1500 1167 1637 1240 ereptum
1664 1165 1702 1220 at

348 1265 407 1308 non
430 1243 576 1307 abolitum
598 1244 651 1320 iri,
682 1245 735 1306 sed
758 1253 830 1326 post
860 1246 976 1328 aliquas
1007 1265 1108 1310 moras
1137 1247 1234 1308 factas
1265 1265 1383 1308 rursum
1414 1265 1603 1323 emersuras,
1631 1266 1700 1310 non

348 1341 450 1396 tamen
478 1334 509 1396 in
541 1353 576 1396 eo
609 1334 712 1413 vigore
735 1355 793 1418 quo
816 1335 901 1398 initio
925 1343 1095 1416 coeperant.
1147 1335 1295 1398 Nimirum
1327 1335 1386 1398 buc
1419 1337 1613 1400 accommoda
1643 1356 1698 1399 res

273 1443 277 1458 ·
349 1422 559 1502 Hungaricas:
585 1441 638 1504 spe
660 1422 745 1504 pacis
768 1423 927 1504 interjecta
949 1432 1046 1487 metus
1068 1423 1221 1506 paulisper
1243 1425 1370 1500 differri,
1393 1425 1488 1488 donec
1509 1435 1698 1490 vanescente

348 1512 434 1592 pacis
457 1511 638 1574 tractatione
660 1513 881 1575 recrudescant.
920 1515 965 1576 At
985 1532 1103 1579 rursum
1121 1519 1156 1576 ut
1172 1513 1269 1589 initio,
1293 1513 1320 1576 si
1334 1514 1470 1577 naturale
1489 1523 1545 1592 est,
1569 1513 1699 1578 stellam

349 1620 457 1664 novam
488 1601 634 1681 paulatim
664 1602 856 1688 languescere
880 1610 911 1663 et
933 1603 1059 1684 denique
1090 1603 1199 1678 emori,
1228 1601 1375 1666 naturalis
1396 1603 1458 1667 ista
1484 1604 1636 1680 conditio,
1663 1612 1698 1666 ut

350 1709 426 1771 quae
449 1710 508 1752 non
531 1690 668 1772 quaesita
690 1690 731 1753 sit
753 1712 771 1752 a
792 1693 868 1766 Deo,
893 1691 1028 1754 ominosa
1051 1711 1118 1754 esse
1141 1710 1202 1754 non
1223 1693 1343 1772 poterit.
1726 1769 1731 1774 .

437 1778 625 1850 Quibusdam
647 1779 754 1842 mirum
777 1779 808 1842 in
829 1781 948 1843 modurn
970 1781 1086 1862 placuit
1106 1779 1234 1843 historia
1256 1789 1397 1856 motuum,
1421 1800 1502 1843 ame
1522 1781 1553 1844 in
1575 1783 1696 1863 scripto

351 1865 532 1930 Germanico
547 1887 601 1949 per
617 1869 709 1931 verba
730 1868 891 1932 sircurana
907 1869 938 1930 in
952 1869 1030 1932 hunc
1053 1871 1172 1933 modum
1193 1873 1388 1934 concinnata:
1414 1869 1551 1934 Comitiis
1565 1871 1697 1936 Saturni

347 1957 509 2038 praefracti
533 1958 613 2020 senis
637 1965 668 2020 et
689 1957 777 2021 Jovis
800 1959 919 2040 superbi
946 1959 1115 2042 Martisque
1146 1960 1291 2041 pugnacis
1321 1959 1352 2023 in
1380 1959 1468 2022 domo
1497 1979 1550 2022 seu
1576 1960 1696 2042 templo

345 2046 432 2110 Jovis
456 2046 628 2119 celebratis,
650 2048 758 2111 Jovem
783 2055 815 2108 et
828 2049 959 2110 Martem
982 2049 1153 2111 secessione
1168 2050 1251 2112 sacta
1268 2047 1382 2129 junctis
1405 2049 1557 2130 suffragiis
1579 2069 1696 2112 novam

347 2135 468 2198 stellam
491 2136 630 2214 elegisse,
654 2155 744 2217 quam
763 2136 867 2198 eadem
889 2137 1058 2200 humilitate
1081 2145 1304 2213 venerarentur,
1328 2157 1387 2219 qua
1401 2139 1565 2202 Saturnum
1587 2147 1692 2203 antea

348 2223 415 2296 Quo
438 2224 519 2285 lacto
542 2224 719 2286 discessisse
743 2225 774 2288 in
798 2245 882 2288 suurn
909 2244 1053 2308 quemque
1076 2227 1264 2290 curriculum.
1310 2226 1471 2290 Saturnum
1499 2247 1570 2291 vero
1593 2229 1693 2310 pede-

346 2313 452 2374 tentim
484 2312 617 2392 accingi,
649 2321 683 2375 ut
706 2313 734 2376 in
758 2315 875 2377 Novam
906 2316 1131 2396 proficiscatur:
1163 2325 1196 2380 at
1218 2318 1282 2379 sore
1304 2324 1340 2378 ut
1363 2317 1465 2379 ethic
1493 2336 1591 2380 novae
1621 2335 1693 2380 sese

346 2399 513 2476 submittat,
539 2401 686 2484 siquidem
707 2402 762 2465 illa
784 2404 880 2478 duret,
904 2412 935 2466 et
959 2405 1013 2468 sub
1037 2424 1073 2468 ea
1096 2405 1154 2468 etsi
1176 2426 1236 2469 non
1258 2405 1351 2470 multo
1373 2405 1515 2470 humilior
1539 2414 1692 2470 transeat

346 2492 582 2571 Temporaneum
604 2491 660 2554 hoc
683 2491 802 2574 quidem
825 2511 906 2568 esse,
931 2500 963 2556 et
985 2494 1139 2557 discedere
1166 2495 1306 2576 planetas
1335 2503 1473 2558 manente
1496 2497 1604 2559 Nova:
1636 2495 1695 2558 sed

281 2597 283 2602 ’
345 2588 445 2642 tamen
469 2588 500 2643 et
521 2598 705 2656 reversuras,
723 2582 811 2643 Nova
833 2589 903 2644 tunc
925 2584 1029 2664 procul
1052 2584 1141 2646 dubio
1164 2585 1323 2646 exstincta.
1347 2591 1379 2652 (Ι,
1398 2588 1472 2656 475.)
1519 2585 1604 2650 Nihil
1626 2593 1695 2647 tam

345 2670 454 2733 leviter
468 2669 500 2730 in
514 2669 571 2731 boc
594 2687 704 2749 genere
727 2669 845 2746 dicitur,
868 2671 899 2733 in
914 2691 972 2752 quo
991 2691 1051 2734 nou
1070 2673 1206 2737 labescat
1220 2674 1311 2754 vulgo
1327 2673 1523 2754 conjectando
1547 2674 1692 2755 experiri.

348 2758 455 2833 Credo,
480 2767 514 2822 ut
535 2759 636 2840 pueris
660 2759 779 2838 ingrata
801 2759 885 2842 quies
915 2762 1068 2842 corporis,
1092 2763 1136 2824 sic
1164 2763 1298 2825 universi
1329 2771 1491 2844 quaerunt,
1520 2764 1551 2826 in
1572 2782 1632 2845 quc
1658 2781 1693 2826 se

346 2847 526 2927 conjecturis
549 2856 726 2924 exerceant;
751 2867 809 2911 non
833 2856 867 2910 ut
884 2868 986 2912 verum
1003 2851 1165 2926 inveniant,
1190 2851 1244 2914 sed
1266 2859 1300 2914 ut
1321 2859 1437 2934 tempus
1461 2852 1571 2915 fallant
1592 2853 1695 2916 ratio-

344 2937 472 3000 cinando
496 2937 760 3020 conjectandoque.
797 2938 845 3000 Ita
867 2937 916 3000 bic
939 2939 1031 3001 stella
1051 2941 1179 3020 primum
1201 2959 1249 3003 me
1264 2940 1460 3022 interpretem
1482 2941 1609 3024 accepit,
1633 2959 1694 3022 ego

345 3026 403 3087 mei
434 3025 693 3106 interpretamenti
725 3026 835 3088 multos
867 3027 943 3090 alios
975 3036 1081 3091 nactus
1105 3035 1171 3091 s'um
1201 3029 1383 3110 interpretes
1418 3031 1553 3114 interque
1580 3031 1638 3094 bos
1663 3039 1696 3092 et

344 3114 524 3178 Fabricium.
570 3115 634 3177 Nee
671 3115 751 3177 male
787 3117 1091 3190 accommodabantur
1121 3137 1169 3180 res
1192 3118 1399 3200 Hungaricae,
1431 3119 1458 3182 si
1488 3120 1695 3184 Caesarianos

345 3201 495 3264 exercitus
523 3203 621 3265 Turca
649 3204 843 3284 aStrigonio
875 3207 997 3286 repulso
1020 3206 1051 3267 in
1083 3207 1266 3288 superiorem
1288 3207 1475 3289 Hungariam
1506 3217 1613 3272 euntes
1636 3207 1694 3271 sub
1721 3241 1724 3246 ·

344 3310 475 3371 persona
490 3291 613 3355 Saturni
637 3291 799 3373 intelligas.
836 3295 932 3377 Atqui
955 3313 1073 3357 rursum
1087 3314 1146 3358 non
1164 3303 1293 3377 possunt
1315 3299 1466 3362 coelorum
1483 3307 1582 3363 motus
1605 3305 1695 3362 tanta

345 3399 413 3444 oum
436 3378 602 3443 subtilitate
626 3381 657 3442 in
680 3401 766 3444 omen
789 3383 878 3444 trabi.
926 3383 1004 3448 Sunt
1031 3384 1109 3447 enirn
1137 3385 1317 3462 necessarii,
1350 3408 1409 3450 non
1437 3387 1611 3465 arbitrarii,
1633 3407 1695 3450 uon

348 3469 566 3554 accommodati
590 3470 627 3531 de
651 3469 807 3534 industria.
846 3472 888 3534 Et
910 3491 1083 3536 monueram
1105 3473 1136 3536 in
1159 3475 1272 3556 scripto
1297 3475 1488 3554 Germanico,
1511 3497 1558 3540 mc
1582 3477 1695 3540 unda

349 3559 443 3622 menti
474 3560 539 3621 loco
569 3577 680 3640 ponere
710 3561 820 3623 falsum
851 3560 942 3638 illud,
976 3563 1096 3626 stellam
1118 3582 1156 3626 ex
1188 3565 1395 3645 conjunctione
1417 3567 1505 3631 Jovis
1528 3575 1560 3630 et
1580 3566 1695 3630 Martis

347 3649 500 3711 incensam
531 3648 719 3710 naturaliter.
765 3649 845 3712 Illud
875 3650 966 3713 etiam
999 3651 1237 3716 inculcaveram:
1272 3673 1329 3736 quo
1359 3663 1494 3738 tempore
1526 3655 1696 3720 astronomi

346 3745 410 3799 tres
435 3737 620 3800 clarissimas
644 3738 761 3814 stellas,
776 3737 910 3814 Saturni,
933 3741 1021 3804 Jovis
1041 3750 1072 3803 et
1086 3742 1196 3806 Martis
1214 3761 1275 3805 una
1292 3746 1401 3825 copula
1418 3746 1541 3826 junctos
1564 3763 1695 3826 exspec-

348 3827 472 3902 tabant,
503 3827 602 3889 subito
633 3825 730 3890 tribus
753 3827 815 3890 illis
843 3829 1041 3893 intervenisse
1073 3839 1210 3912 quartam
1243 3832 1379 3896 altiorem
1402 3841 1434 3896 et
1456 3834 1630 3897 clariorem:
1664 3840 1697 3896 et

349 3924 538 3979 astronomos
561 3915 663 3978 missis
687 3916 749 3979 illis
775 3919 956 3998 perennibus
978 3919 1010 3982 in
1031 3921 1150 3982 Novam
1176 3921 1253 3985 banc
1285 3924 1491 3987 transitoriam
1521 3923 1695 4005 respexisse

347 4004 459 4086 potius.
522 4004 590 4077 Qua
618 4004 736 4086 pictura
768 4005 929 4086 significari
962 4008 1049 4072 nobis
1077 4009 1214 4087 videtur,
1246 4031 1305 4076 non
1336 4019 1455 4076 tautum
1485 4033 1539 4094 per
1567 4021 1695 4076 naturae

347 4095 477 4170 modum,
500 4101 535 4156 ut
558 4113 650 4176 supra
672 4115 736 4177 cap.
761 4093 814 4159 28.
839 4098 970 4174 dictum,
990 4099 1044 4161 sed
1067 4099 1158 4162 etiam
1180 4119 1218 4164 ex
1239 4099 1306 4180 ipso
1338 4097 1536 4182 significantis
1559 4121 1613 4166 seu
1634 4100 1695 4166 Dei

351 4201 405 4244 seu
427 4183 633 4264 praepotentis
657 4184 781 4265 spiritus
801 4185 927 4248 arbitrio
949 4206 1060 4249 novum
1079 4188 1192 4270 aliquid
1212 4190 1243 4252 in
1257 4190 1346 4253 rebus
1369 4191 1506 4256 humanis
1529 4190 1695 4255 exhibitum

352 4273 399 4347 iri,
422 4272 453 4334 in
476 4292 533 4354 quo
556 4272 675 4354 plurimi
699 4284 879 4354 occupentur
901 4275 1047 4355 neglectis
1070 4277 1197 4358 privatis
1219 4279 1359 4359 negotiis.

435 4361 534 4424 Lubet
556 4381 627 4424 vero
652 4363 743 4424 etiam
766 4364 891 4426 mortuis
919 4365 1092 4445 praedicere
1115 4385 1153 4427 ex
1176 4387 1231 4429 sua
1261 4367 1462 4450 philosophia.
1510 4371 1621 4434 Notum
1645 4380 1697 4434 est

353 4450 462 4530 dogma
483 4450 686 4533 Pythagorae,
710 4451 826 4515 animas
848 4453 972 4516 heroum
992 4473 1047 4534 per
1070 4455 1148 4516 viam
1172 4456 1302 4519 lacteam
1324 4460 1487 4522 ascendere
1511 4468 1542 4536 et
1564 4461 1694 4524 descen-

347 4539 437 4600 dere:
463 4547 494 4602 et
511 4547 629 4621 portam
655 4540 782 4622 quidem,
802 4562 860 4623 qua
878 4543 1039 4604 ascendere
1063 4543 1216 4626 incipiunt,
1241 4545 1271 4608 in
1290 4546 1474 4628 Capricorno
1495 4557 1610 4631 patere,
1635 4569 1695 4634 qua

348 4646 421 4688 vero
446 4628 644 4706 descendunt,
676 4629 706 4691 in
732 4630 858 4694 Cancro.
903 4633 969 4694 Hoc
996 4640 1130 4714 ternpore
1162 4635 1268 4698 melius
1301 4655 1402 4700 secum
1432 4637 1501 4720 ipsa
1523 4639 1598 4703 facit
1618 4639 1694 4702 baec

348 4716 515 4792 sententia,
548 4737 605 4799 quo
637 4719 689 4782 via
716 4719 816 4781 lactea
845 4720 1008 4801 porrigitur
1039 4741 1077 4784 ex
1100 4723 1266 4804 Sagittario
1295 4726 1326 4788 in
1350 4726 1584 4807 Capricornum,
1617 4747 1694 4811 quae

349 4802 421 4865 clim
442 4825 495 4886 per
519 4805 679 4888 Scorpium
701 4816 732 4871 et
754 4807 953 4890 Sagittarium
984 4811 1172 4876 tendebatur.
1217 4814 1314 4894 Igitur
1343 4815 1435 4880 stella
1456 4817 1489 4882 in
1514 4817 1566 4904 ria
1594 4818 1694 4882 lactea
