<?xml version="1.0" encoding="UTF-8"?>
<!DOCTYPE html PUBLIC "-//W3C//DTD XHTML 1.0 Transitional//EN"
    "http://www.w3.org/TR/xhtml1/DTD/xhtml1-transitional.dtd">
<html xmlns="http://www.w3.org/1999/xhtml" xml:lang="en" lang="en">
 <head>
  <title>
</title>
<meta http-equiv="Content-Type" content="text/html;charset=utf-8" />
  <meta name='ocr-system' content='tesseract 3.04.00' />
  <meta name='ocr-capabilities' content='ocr_page ocr_carea ocr_par ocr_line ocrx_word'/>
</head>
<body>
  <div class='ocr_page' id='page_1' title='image "./joanniskepleria02unkngoog/joanniskepleria02unkngoog_0722.png"; bbox 0 0 3566 5536; ppageno 0'>
   <div class='ocr_carea' id='block_1_1' title="bbox 750 311 1506 382">
    <p class='ocr_par' dir='ltr' id='par_1_1' title="bbox 750 311 1506 382">
     <span class='ocr_line' id='line_1_1' title="bbox 750 311 1506 382; baseline 0 0"><span class='ocrx_word' id='word_1_1' title='bbox 750 313 833 382; x_wconf 79' lang='lat' dir='ltr'><strong>capus</strong></span> <span class='ocrx_word' id='word_1_2' title='bbox 850 311 905 366; x_wconf 55' lang='grc' dir='ltr'><strong>Ἠ</strong></span> <span class='ocrx_word' id='word_1_3' title='bbox 1442 313 1506 382; x_wconf 82' lang='grc'><strong>685</strong></span> 
     </span>
    </p>
   </div>
   <div class='ocr_carea' id='block_1_2' title="bbox 152 489 1532 2612">
    <p class='ocr_par' dir='ltr' id='par_1_2' title="bbox 152 489 1507 832">
     <span class='ocr_line' id='line_1_2' title="bbox 153 489 1506 574; baseline 0.002 -20"><span class='ocrx_word' id='word_1_4' title='bbox 153 511 212 574; x_wconf 91' lang='lat' dir='ltr'><strong>qua</strong></span> <span class='ocrx_word' id='word_1_5' title='bbox 224 489 309 556; x_wconf 83' lang='lat' dir='ltr'><strong>Dens</strong></span> <span class='ocrx_word' id='word_1_6' title='bbox 324 497 421 556; x_wconf 86' lang='lat' dir='ltr'><strong>totum</strong></span> <span class='ocrx_word' id='word_1_7' title='bbox 444 489 530 556; x_wconf 87' lang='lat' dir='ltr'><strong>initio</strong></span> <span class='ocrx_word' id='word_1_8' title='bbox 554 493 695 555; x_wconf 90' lang='lat' dir='ltr'><strong>muudum</strong></span> <span class='ocrx_word' id='word_1_9' title='bbox 710 499 758 555; x_wconf 84' lang='lat' dir='ltr'><strong>est</strong></span> <span class='ocrx_word' id='word_1_10' title='bbox 773 491 959 556; x_wconf 71' lang='lat' dir='ltr'><strong>fabricatus:</strong></span> <span class='ocrx_word' id='word_1_11' title='bbox 983 511 1037 554; x_wconf 91' lang='lat' dir='ltr'><strong>seu</strong></span> <span class='ocrx_word' id='word_1_12' title='bbox 1060 491 1230 554; x_wconf 77' lang='lat' dir='ltr'>consistant</span> <span class='ocrx_word' id='word_1_13' title='bbox 1245 489 1347 572; x_wconf 87' lang='lat' dir='ltr'><strong>aliqua</strong></span> <span class='ocrx_word' id='word_1_14' title='bbox 1365 493 1506 558; x_wconf 88' lang='lat' dir='ltr'><strong>coelestis</strong></span> 
     </span>
     <span class='ocr_line' id='line_1_3' title="bbox 152 581 1507 664; baseline 0.001 -22"><span class='ocrx_word' id='word_1_15' title='bbox 152 581 347 657; x_wconf 88' lang='lat' dir='ltr'><strong>naturaevi,</strong></span> <span class='ocrx_word' id='word_1_16' title='bbox 372 581 500 644; x_wconf 90' lang='lat' dir='ltr'><strong>adeum</strong></span> <span class='ocrx_word' id='word_1_17' title='bbox 525 581 658 656; x_wconf 92' lang='lat' dir='ltr'><strong>modum,</strong></span> <span class='ocrx_word' id='word_1_18' title='bbox 684 599 742 662; x_wconf 92' lang='lat' dir='ltr'><strong>quo</strong></span> <span class='ocrx_word' id='word_1_19' title='bbox 766 583 795 644; x_wconf 94' lang='lat' dir='ltr'><strong>in</strong></span> <span class='ocrx_word' id='word_1_20' title='bbox 819 583 876 645; x_wconf 92' lang='lat' dir='ltr'><strong>hoc</strong></span> <span class='ocrx_word' id='word_1_21' title='bbox 909 581 1063 644; x_wconf 86' lang='lat' dir='ltr'><strong>sublunari</strong></span> <span class='ocrx_word' id='word_1_22' title='bbox 1087 587 1157 643; x_wconf 81' lang='lat' dir='ltr'><strong>aere</strong></span> <span class='ocrx_word' id='word_1_23' title='bbox 1190 581 1358 644; x_wconf 88' lang='lat' dir='ltr'><strong>consistunt</strong></span> <span class='ocrx_word' id='word_1_24' title='bbox 1379 585 1507 664; x_wconf 76' lang='lat' dir='ltr'><strong>pingues</strong></span> 
     </span>
     <span class='ocr_line' id='line_1_4' title="bbox 152 667 1507 752; baseline 0.001 -20"><span class='ocrx_word' id='word_1_25' title='bbox 152 669 224 732; x_wconf 89' lang='lat' dir='ltr'><strong>illae</strong></span> <span class='ocrx_word' id='word_1_26' title='bbox 247 689 301 733; x_wconf 92' lang='lat' dir='ltr'><strong>seu</strong></span> <span class='ocrx_word' id='word_1_27' title='bbox 323 669 419 732; x_wconf 85' lang='lat' dir='ltr'><strong>mavis</strong></span> <span class='ocrx_word' id='word_1_28' title='bbox 443 669 546 732; x_wconf 86' lang='lat' dir='ltr'><strong>aridae</strong></span> <span class='ocrx_word' id='word_1_29' title='bbox 570 671 778 733; x_wconf 86' lang='lat' dir='ltr'><strong>exhalationes</strong></span> <span class='ocrx_word' id='word_1_30' title='bbox 786 690 796 748; x_wconf 89' lang='lat'>;</span> <span class='ocrx_word' id='word_1_31' title='bbox 821 691 897 752; x_wconf 88' lang='lat' dir='ltr'><strong>quae</strong></span> <span class='ocrx_word' id='word_1_32' title='bbox 921 669 1122 752; x_wconf 78' lang='lat' dir='ltr'>conglobatae</span> <span class='ocrx_word' id='word_1_33' title='bbox 1146 669 1175 731; x_wconf 81' lang='lat' dir='ltr'><strong>ui</strong></span> <span class='ocrx_word' id='word_1_34' title='bbox 1195 667 1323 750; x_wconf 83' lang='lat' dir='ltr'><strong>frigoris,</strong></span> <span class='ocrx_word' id='word_1_35' title='bbox 1348 671 1379 734; x_wconf 94' lang='lat' dir='ltr'><strong>in</strong></span> <span class='ocrx_word' id='word_1_36' title='bbox 1399 673 1507 734; x_wconf 88' lang='lat' dir='ltr'><strong>stellas</strong></span> 
     </span>
     <span class='ocr_line' id='line_1_5' title="bbox 153 755 646 832; baseline 0 -10"><span class='ocrx_word' id='word_1_37' title='bbox 153 759 355 822; x_wconf 77' lang='lat' dir='ltr'><strong>discurrentes</strong></span> <span class='ocrx_word' id='word_1_38' title='bbox 379 755 646 832; x_wconf 74' lang='lat' dir='ltr'><strong>convertuntur.*)</strong></span> 
     </span>
    </p>

    <p class='ocr_par' dir='ltr' id='par_1_3' title="bbox 153 847 1532 2612">
     <span class='ocr_line' id='line_1_6' title="bbox 241 847 1508 928; baseline 0.001 -17"><span class='ocrx_word' id='word_1_39' title='bbox 241 847 331 912; x_wconf 88' lang='lat' dir='ltr'><strong>Illam</strong></span> <span class='ocrx_word' id='word_1_40' title='bbox 362 848 544 910; x_wconf 87' lang='lat' dir='ltr'><strong>seutentiam</strong></span> <span class='ocrx_word' id='word_1_41' title='bbox 576 847 709 928; x_wconf 74' lang='lat' dir='ltr'><strong>theologi</strong></span> <span class='ocrx_word' id='word_1_42' title='bbox 743 848 930 928; x_wconf 88' lang='lat' dir='ltr'><strong>potissimum</strong></span> <span class='ocrx_word' id='word_1_43' title='bbox 963 848 1201 927; x_wconf 63' lang='lat' dir='ltr'><strong>amplectentum</strong></span> <span class='ocrx_word' id='word_1_44' title='bbox 1238 854 1270 910; x_wconf 88' lang='lat' dir='ltr'><strong>et</strong></span> <span class='ocrx_word' id='word_1_45' title='bbox 1302 847 1437 928; x_wconf 88' lang='lat' dir='ltr'><strong>disputat</strong></span> <span class='ocrx_word' id='word_1_46' title='bbox 1469 851 1508 912; x_wconf 93' lang='lat' dir='ltr'><strong>ad</strong></span> 
     </span>
     <span class='ocr_line' id='line_1_7' title="bbox 154 935 1507 1018; baseline 0.002 -20"><span class='ocrx_word' id='word_1_47' title='bbox 154 937 218 1015; x_wconf 87' lang='lat' dir='ltr'><strong>ejus</strong></span> <span class='ocrx_word' id='word_1_48' title='bbox 242 947 376 999; x_wconf 87' lang='lat' dir='ltr'><strong>tenorem</strong></span> <span class='ocrx_word' id='word_1_49' title='bbox 400 937 513 1000; x_wconf 89' lang='lat' dir='ltr'><strong>amicus</strong></span> <span class='ocrx_word' id='word_1_50' title='bbox 536 955 621 999; x_wconf 92' lang='lat' dir='ltr'><strong>meus</strong></span> <span class='ocrx_word' id='word_1_51' title='bbox 635 936 791 1000; x_wconf 82' lang='lat' dir='ltr'><strong>Fabricius</strong></span> <span class='ocrx_word' id='word_1_52' title='bbox 815 946 847 999; x_wconf 91' lang='lat' dir='ltr'><strong>et</strong></span> <span class='ocrx_word' id='word_1_53' title='bbox 865 937 931 1018; x_wconf 88' lang='lat' dir='ltr'><strong>ipse</strong></span> <span class='ocrx_word' id='word_1_54' title='bbox 951 937 1120 1016; x_wconf 88' lang='lat' dir='ltr'><strong>theologus,</strong></span> <span class='ocrx_word' id='word_1_55' title='bbox 1144 935 1245 1016; x_wconf 89' lang='lat' dir='ltr'><strong>itaque</strong></span> <span class='ocrx_word' id='word_1_56' title='bbox 1270 935 1309 998; x_wconf 89' lang='lat' dir='ltr'><strong>ad</strong></span> <span class='ocrx_word' id='word_1_57' title='bbox 1328 937 1507 1001; x_wconf 76' lang='lat' dir='ltr'><strong>traditiones</strong></span> 
     </span>
     <span class='ocr_line' id='line_1_8' title="bbox 153 1025 1507 1108; baseline 0.001 -20"><span class='ocrx_word' id='word_1_58' title='bbox 153 1025 386 1106; x_wconf 63' lang='lat' dir='ltr'><strong>haeresiarcam</strong></span> <span class='ocrx_word' id='word_1_59' title='bbox 417 1025 611 1106; x_wconf 87' lang='lat' dir='ltr'><strong>propensior,</strong></span> <span class='ocrx_word' id='word_1_60' title='bbox 645 1026 724 1106; x_wconf 92' lang='lat' dir='ltr'><strong>qnod</strong></span> <span class='ocrx_word' id='word_1_61' title='bbox 746 1027 776 1087; x_wconf 95' lang='lat' dir='ltr'><strong>in</strong></span> <span class='ocrx_word' id='word_1_62' title='bbox 800 1025 991 1104; x_wconf 79' lang='lat' dir='ltr'><strong>astrologicis</strong></span> <span class='ocrx_word' id='word_1_63' title='bbox 1014 1035 1048 1088; x_wconf 92' lang='lat' dir='ltr'><strong>ut</strong></span> <span class='ocrx_word' id='word_1_64' title='bbox 1071 1026 1121 1108; x_wconf 92' lang='lat' dir='ltr'><strong>qui</strong></span> <span class='ocrx_word' id='word_1_65' title='bbox 1152 1025 1282 1086; x_wconf 85' lang='lat' dir='ltr'><strong>maxime</strong></span> <span class='ocrx_word' id='word_1_66' title='bbox 1311 1025 1507 1090; x_wconf 88' lang='lat' dir='ltr'><strong>demonstrat.</strong></span> 
     </span>
     <span class='ocr_line' id='line_1_9' title="bbox 153 1113 1508 1196; baseline -0.001 -18"><span class='ocrx_word' id='word_1_67' title='bbox 153 1115 264 1195; x_wconf 89' lang='lat' dir='ltr'><strong>Aquo</strong></span> <span class='ocrx_word' id='word_1_68' title='bbox 287 1133 346 1176; x_wconf 91' lang='lat' dir='ltr'><strong>uon</strong></span> <span class='ocrx_word' id='word_1_69' title='bbox 378 1113 556 1194; x_wconf 83' lang='lat' dir='ltr'><strong>indignante</strong></span> <span class='ocrx_word' id='word_1_70' title='bbox 580 1113 634 1176; x_wconf 89' lang='lat' dir='ltr'><strong>sed</strong></span> <span class='ocrx_word' id='word_1_71' title='bbox 666 1115 817 1193; x_wconf 80' lang='lat' dir='ltr'><strong>gaudente</strong></span> <span class='ocrx_word' id='word_1_72' title='bbox 841 1123 873 1177; x_wconf 88' lang='lat' dir='ltr'><strong>et</strong></span> <span class='ocrx_word' id='word_1_73' title='bbox 900 1115 1121 1194; x_wconf 81' lang='lat' dir='ltr'><strong>applaudente,</strong></span> <span class='ocrx_word' id='word_1_74' title='bbox 1154 1113 1292 1194; x_wconf 89' lang='lat' dir='ltr'><strong>ultroque</strong></span> <span class='ocrx_word' id='word_1_75' title='bbox 1325 1124 1508 1196; x_wconf 87' lang='lat' dir='ltr'><strong>provocante</strong></span> 
     </span>
     <span class='ocr_line' id='line_1_10' title="bbox 153 1201 1507 1284; baseline 0.001 -20"><span class='ocrx_word' id='word_1_76' title='bbox 153 1213 243 1284; x_wconf 85' lang='lat' dir='ltr'><strong>atque</strong></span> <span class='ocrx_word' id='word_1_77' title='bbox 266 1202 345 1266; x_wconf 88' lang='lat' dir='ltr'><strong>idem</strong></span> <span class='ocrx_word' id='word_1_78' title='bbox 362 1211 468 1266; x_wconf 88' lang='lat' dir='ltr'><strong>contra</strong></span> <span class='ocrx_word' id='word_1_79' title='bbox 490 1203 629 1278; x_wconf 87' lang='lat' dir='ltr'><strong>iaciente,</strong></span> <span class='ocrx_word' id='word_1_80' title='bbox 654 1203 732 1266; x_wconf 89' lang='lat' dir='ltr'><strong>sicut</strong></span> <span class='ocrx_word' id='word_1_81' title='bbox 755 1203 942 1266; x_wconf 84' lang='lat' dir='ltr'><strong>creberrimis</strong></span> <span class='ocrx_word' id='word_1_82' title='bbox 961 1202 1116 1266; x_wconf 90' lang='lat' dir='ltr'><strong>literarum</strong></span> <span class='ocrx_word' id='word_1_83' title='bbox 1140 1201 1410 1284; x_wconf 86' lang='lat' dir='ltr'><strong>permutationibus</strong></span> <span class='ocrx_word' id='word_1_84' title='bbox 1434 1206 1507 1266; x_wconf 89' lang='lat' dir='ltr'><strong>suh-</strong></span> 
     </span>
     <span class='ocr_line' id='line_1_11' title="bbox 153 1289 1506 1373; baseline 0.001 -21"><span class='ocrx_word' id='word_1_85' title='bbox 153 1289 222 1355; x_wconf 92' lang='lat' dir='ltr'><strong>inde</strong></span> <span class='ocrx_word' id='word_1_86' title='bbox 246 1291 406 1354; x_wconf 84' lang='lat' dir='ltr'><strong>dissentire</strong></span> <span class='ocrx_word' id='word_1_87' title='bbox 439 1291 539 1367; x_wconf 92' lang='lat' dir='ltr'><strong>soleo,</strong></span> <span class='ocrx_word' id='word_1_88' title='bbox 573 1291 617 1352; x_wconf 87' lang='lat' dir='ltr'><strong>ita</strong></span> <span class='ocrx_word' id='word_1_89' title='bbox 646 1291 730 1354; x_wconf 92' lang='lat' dir='ltr'><strong>dabit</strong></span> <span class='ocrx_word' id='word_1_90' title='bbox 762 1293 833 1354; x_wconf 91' lang='lat' dir='ltr'><strong>mihi</strong></span> <span class='ocrx_word' id='word_1_91' title='bbox 865 1292 1001 1366; x_wconf 88' lang='lat' dir='ltr'><strong>veniam,</strong></span> <span class='ocrx_word' id='word_1_92' title='bbox 1029 1292 1055 1353; x_wconf 93' lang='lat' dir='ltr'><strong>si</strong></span> <span class='ocrx_word' id='word_1_93' title='bbox 1079 1291 1260 1354; x_wconf 88' lang='lat' dir='ltr'><strong>sententiam</strong></span> <span class='ocrx_word' id='word_1_94' title='bbox 1292 1291 1369 1354; x_wconf 87' lang='lat' dir='ltr'><strong>hauc</strong></span> <span class='ocrx_word' id='word_1_95' title='bbox 1402 1292 1506 1373; x_wconf 88' lang='lat' dir='ltr'><strong>ipsius,</strong></span> 
     </span>
     <span class='ocr_line' id='line_1_12' title="bbox 154 1378 1508 1462; baseline 0 -18"><span class='ocrx_word' id='word_1_96' title='bbox 154 1399 229 1462; x_wconf 88' lang='lat' dir='ltr'><strong>quae</strong></span> <span class='ocrx_word' id='word_1_97' title='bbox 249 1399 317 1444; x_wconf 92' lang='lat' dir='ltr'><strong>sese</strong></span> <span class='ocrx_word' id='word_1_98' title='bbox 333 1399 370 1442; x_wconf 84' lang='lat' dir='ltr'><strong>ex</strong></span> <span class='ocrx_word' id='word_1_99' title='bbox 388 1380 501 1442; x_wconf 90' lang='lat' dir='ltr'><strong>nostris</strong></span> <span class='ocrx_word' id='word_1_100' title='bbox 524 1378 652 1460; x_wconf 87' lang='lat' dir='ltr'><strong>privatis</strong></span> <span class='ocrx_word' id='word_1_101' title='bbox 676 1381 814 1460; x_wconf 87' lang='lat' dir='ltr'><strong>epistolis</strong></span> <span class='ocrx_word' id='word_1_102' title='bbox 833 1381 864 1444; x_wconf 94' lang='lat' dir='ltr'><strong>iu</strong></span> <span class='ocrx_word' id='word_1_103' title='bbox 879 1381 1027 1462; x_wconf 91' lang='lat' dir='ltr'><strong>publicum</strong></span> <span class='ocrx_word' id='word_1_104' title='bbox 1046 1380 1200 1460; x_wconf 88' lang='lat' dir='ltr'><strong>proripuit,</strong></span> <span class='ocrx_word' id='word_1_105' title='bbox 1226 1381 1331 1443; x_wconf 90' lang='lat' dir='ltr'><strong>eodem</strong></span> <span class='ocrx_word' id='word_1_106' title='bbox 1349 1381 1508 1444; x_wconf 82' lang='lat' dir='ltr'><strong>refutando</strong></span> 
     </span>
     <span class='ocr_line' id='line_1_13' title="bbox 153 1468 1532 1552; baseline 0 -21"><span class='ocrx_word' id='word_1_107' title='bbox 153 1487 326 1550; x_wconf 86' lang='lat' dir='ltr'><strong>persequar.</strong></span> <span class='ocrx_word' id='word_1_108' title='bbox 370 1469 503 1532; x_wconf 90' lang='lat' dir='ltr'><strong>Primum</strong></span> <span class='ocrx_word' id='word_1_109' title='bbox 536 1487 660 1530; x_wconf 82' lang='lat' dir='ltr'><strong>exorsus</strong></span> <span class='ocrx_word' id='word_1_110' title='bbox 688 1470 738 1532; x_wconf 92' lang='lat' dir='ltr'><strong>ille</strong></span> <span class='ocrx_word' id='word_1_111' title='bbox 763 1491 782 1530; x_wconf 89' lang='lat' dir='ltr'><strong>a</strong></span> <span class='ocrx_word' id='word_1_112' title='bbox 804 1468 968 1550; x_wconf 88' lang='lat' dir='ltr'><strong>theologis,</strong></span> <span class='ocrx_word' id='word_1_113' title='bbox 1001 1470 1147 1532; x_wconf 89' lang='lat' dir='ltr'><strong>rationem</strong></span> <span class='ocrx_word' id='word_1_114' title='bbox 1180 1487 1281 1532; x_wconf 89' lang='lat' dir='ltr'><strong>eorum</strong></span> <span class='ocrx_word' id='word_1_115' title='bbox 1309 1471 1346 1531; x_wconf 90' lang='lat' dir='ltr'><strong>de</strong></span> <span class='ocrx_word' id='word_1_116' title='bbox 1375 1471 1532 1552; x_wconf 84' lang='lat' dir='ltr'><strong>requiete·</strong></span> 
     </span>
     <span class='ocr_line' id='line_1_14' title="bbox 154 1555 1508 1641; baseline 0.001 -23"><span class='ocrx_word' id='word_1_117' title='bbox 154 1558 211 1620; x_wconf 90' lang='lat' dir='ltr'><strong>Dei</strong></span> <span class='ocrx_word' id='word_1_118' title='bbox 234 1565 305 1638; x_wconf 91' lang='lat' dir='ltr'><strong>post</strong></span> <span class='ocrx_word' id='word_1_119' title='bbox 327 1557 405 1620; x_wconf 88' lang='lat' dir='ltr'><strong>diem</strong></span> <span class='ocrx_word' id='word_1_120' title='bbox 438 1557 598 1638; x_wconf 85' lang='lat' dir='ltr'><strong>septimum</strong></span> <span class='ocrx_word' id='word_1_121' title='bbox 622 1557 687 1640; x_wconf 88' lang='lat' dir='ltr'><strong>ipse</strong></span> <span class='ocrx_word' id='word_1_122' title='bbox 711 1576 826 1641; x_wconf 91' lang='lat' dir='ltr'><strong>quoque</strong></span> <span class='ocrx_word' id='word_1_123' title='bbox 850 1555 1031 1620; x_wconf 84' lang='lat' dir='ltr'><strong>imbecillem</strong></span> <span class='ocrx_word' id='word_1_124' title='bbox 1059 1558 1178 1640; x_wconf 82' lang='lat' dir='ltr'><strong>arguit3</strong></span> <span class='ocrx_word' id='word_1_125' title='bbox 1213 1565 1334 1620; x_wconf 88' lang='lat' dir='ltr'><strong>secutus</strong></span> <span class='ocrx_word' id='word_1_126' title='bbox 1363 1559 1508 1620; x_wconf 90' lang='lat' dir='ltr'><strong>hactenus</strong></span> 
     </span>
     <span class='ocr_line' id='line_1_15' title="bbox 154 1646 1509 1728; baseline 0.001 -20"><span class='ocrx_word' id='word_1_127' title='bbox 154 1665 287 1709; x_wconf 90' lang='lat' dir='ltr'><strong>mearum</strong></span> <span class='ocrx_word' id='word_1_128' title='bbox 309 1646 462 1708; x_wconf 87' lang='lat' dir='ltr'><strong>literarum</strong></span> <span class='ocrx_word' id='word_1_129' title='bbox 486 1646 566 1708; x_wconf 85' lang='lat' dir='ltr'><strong>filum</strong></span> <span class='ocrx_word' id='word_1_130' title='bbox 585 1651 620 1718; x_wconf 79' lang='lat' dir='ltr'><strong>(v.</strong></span> <span class='ocrx_word' id='word_1_131' title='bbox 646 1669 666 1705; x_wconf 84' lang='lat' dir='ltr'><strong>s.</strong></span> <span class='ocrx_word' id='word_1_132' title='bbox 689 1671 715 1719; x_wconf 80' lang='lat' dir='ltr'><strong>p.</strong></span> <span class='ocrx_word' id='word_1_133' title='bbox 735 1653 811 1718; x_wconf 82' lang='lat' dir='ltr'><strong>too).</strong></span> <span class='ocrx_word' id='word_1_134' title='bbox 857 1646 909 1710; x_wconf 90' lang='lat' dir='ltr'><strong>Sic</strong></span> <span class='ocrx_word' id='word_1_135' title='bbox 933 1649 1011 1709; x_wconf 89' lang='lat' dir='ltr'><strong>euim</strong></span> <span class='ocrx_word' id='word_1_136' title='bbox 1036 1665 1091 1728; x_wconf 92' lang='lat' dir='ltr'><strong>ego</strong></span> <span class='ocrx_word' id='word_1_137' title='bbox 1115 1647 1183 1728; x_wconf 91' lang='lat' dir='ltr'><strong>ipsi,</strong></span> <span class='ocrx_word' id='word_1_138' title='bbox 1207 1647 1409 1726; x_wconf 87' lang='lat' dir='ltr'><strong>theologicam</strong></span> <span class='ocrx_word' id='word_1_139' title='bbox 1432 1648 1509 1709; x_wconf 90' lang='lat' dir='ltr'><strong>hanc</strong></span> 
     </span>
     <span class='ocr_line' id='line_1_16' title="bbox 154 1734 1507 1818; baseline 0 -20"><span class='ocrx_word' id='word_1_140' title='bbox 154 1735 428 1817; x_wconf 83' lang='lat' dir='ltr'><strong>interpellationem</strong></span> <span class='ocrx_word' id='word_1_141' title='bbox 442 1753 479 1796; x_wconf 87' lang='lat' dir='ltr'><strong>ex</strong></span> <span class='ocrx_word' id='word_1_142' title='bbox 495 1734 619 1798; x_wconf 90' lang='lat' dir='ltr'><strong>aliorum</strong></span> <span class='ocrx_word' id='word_1_143' title='bbox 643 1736 794 1798; x_wconf 88' lang='lat' dir='ltr'><strong>sententia</strong></span> <span class='ocrx_word' id='word_1_144' title='bbox 807 1737 994 1817; x_wconf 87' lang='lat' dir='ltr'><strong>proponenti,</strong></span> <span class='ocrx_word' id='word_1_145' title='bbox 1018 1735 1256 1818; x_wconf 88' lang='lat' dir='ltr'><strong>respondebam:</strong></span> <span class='ocrx_word' id='word_1_146' title='bbox 1281 1745 1393 1798; x_wconf 89' lang='lat' dir='ltr'><strong>metum</strong></span> <span class='ocrx_word' id='word_1_147' title='bbox 1411 1735 1507 1798; x_wconf 89' lang='lat' dir='ltr'><strong>videri</strong></span> 
     </span>
     <span class='ocr_line' id='line_1_17' title="bbox 156 1823 1509 1904; baseline 0.001 -18"><span class='ocrx_word' id='word_1_148' title='bbox 156 1841 213 1886; x_wconf 90' lang='lat' dir='ltr'><strong>non</strong></span> <span class='ocrx_word' id='word_1_149' title='bbox 238 1823 453 1896; x_wconf 87' lang='lat' dir='ltr'><strong>necessarium,</strong></span> <span class='ocrx_word' id='word_1_150' title='bbox 487 1843 525 1885; x_wconf 91' lang='lat' dir='ltr'><strong>ne</strong></span> <span class='ocrx_word' id='word_1_151' title='bbox 548 1823 645 1886; x_wconf 86' lang='lat' dir='ltr'><strong>Deum</strong></span> <span class='ocrx_word' id='word_1_152' title='bbox 669 1824 698 1886; x_wconf 93' lang='lat' dir='ltr'><strong>in</strong></span> <span class='ocrx_word' id='word_1_153' title='bbox 722 1844 830 1886; x_wconf 86' lang='lat' dir='ltr'><strong>novum</strong></span> <span class='ocrx_word' id='word_1_154' title='bbox 854 1825 970 1887; x_wconf 90' lang='lat' dir='ltr'><strong>scilicet</strong></span> <span class='ocrx_word' id='word_1_155' title='bbox 993 1825 1125 1888; x_wconf 91' lang='lat' dir='ltr'><strong>laborem</strong></span> <span class='ocrx_word' id='word_1_156' title='bbox 1149 1823 1357 1904; x_wconf 86' lang='lat' dir='ltr'><strong>conjiciamus,</strong></span> <span class='ocrx_word' id='word_1_157' title='bbox 1390 1825 1415 1887; x_wconf 91' lang='lat' dir='ltr'><strong>si</strong></span> <span class='ocrx_word' id='word_1_158' title='bbox 1440 1825 1509 1888; x_wconf 89' lang='lat' dir='ltr'><strong>novi</strong></span> 
     </span>
     <span class='ocr_line' id='line_1_18' title="bbox 156 1911 1508 1994; baseline 0.001 -20"><span class='ocrx_word' id='word_1_159' title='bbox 156 1913 224 1994; x_wconf 92' lang='lat' dir='ltr'><strong>qnid</strong></span> <span class='ocrx_word' id='word_1_160' title='bbox 249 1921 341 1975; x_wconf 90' lang='lat' dir='ltr'><strong>creet.</strong></span> <span class='ocrx_word' id='word_1_161' title='bbox 387 1911 484 1994; x_wconf 85' lang='lat' dir='ltr'><strong>Atqui</strong></span> <span class='ocrx_word' id='word_1_162' title='bbox 509 1911 534 1972; x_wconf 92' lang='lat' dir='ltr'><strong>si</strong></span> <span class='ocrx_word' id='word_1_163' title='bbox 558 1913 606 1974; x_wconf 89' lang='lat' dir='ltr'><strong>vel</strong></span> <span class='ocrx_word' id='word_1_164' title='bbox 630 1933 649 1974; x_wconf 90' lang='lat' dir='ltr'><strong>a</strong></span> <span class='ocrx_word' id='word_1_165' title='bbox 671 1913 816 1994; x_wconf 89' lang='lat' dir='ltr'><strong>principio</strong></span> <span class='ocrx_word' id='word_1_166' title='bbox 840 1914 1009 1976; x_wconf 89' lang='lat' dir='ltr'><strong>consistant</strong></span> <span class='ocrx_word' id='word_1_167' title='bbox 1032 1915 1093 1976; x_wconf 89' lang='lat' dir='ltr'><strong>ista</strong></span> <span class='ocrx_word' id='word_1_168' title='bbox 1116 1933 1250 1994; x_wconf 88' lang='lat' dir='ltr'><strong>corpora,</strong></span> <span class='ocrx_word' id='word_1_169' title='bbox 1276 1933 1385 1977; x_wconf 90' lang='lat' dir='ltr'><strong>novum</strong></span> <span class='ocrx_word' id='word_1_170' title='bbox 1407 1921 1508 1977; x_wconf 88' lang='lat' dir='ltr'><strong>tamen</strong></span> 
     </span>
     <span class='ocr_line' id='line_1_19' title="bbox 155 2000 1508 2084; baseline 0.001 -21"><span class='ocrx_word' id='word_1_171' title='bbox 155 2009 186 2063; x_wconf 85' lang='lat' dir='ltr'><strong>et</strong></span> <span class='ocrx_word' id='word_1_172' title='bbox 209 2002 265 2063; x_wconf 93' lang='lat' dir='ltr'><strong>hoc</strong></span> <span class='ocrx_word' id='word_1_173' title='bbox 288 2000 463 2074; x_wconf 82' lang='lat' dir='ltr'><strong>latendum,</strong></span> <span class='ocrx_word' id='word_1_174' title='bbox 488 2002 565 2081; x_wconf 92' lang='lat' dir='ltr'><strong>quod</strong></span> <span class='ocrx_word' id='word_1_175' title='bbox 590 2020 665 2081; x_wconf 87' lang='lat' dir='ltr'><strong>quae</strong></span> <span class='ocrx_word' id='word_1_176' title='bbox 685 2002 756 2064; x_wconf 90' lang='lat' dir='ltr'><strong>olim</strong></span> <span class='ocrx_word' id='word_1_177' title='bbox 779 2001 889 2065; x_wconf 90' lang='lat' dir='ltr'><strong>lumine</strong></span> <span class='ocrx_word' id='word_1_178' title='bbox 913 2003 1068 2078; x_wconf 89' lang='lat' dir='ltr'><strong>carebant,</strong></span> <span class='ocrx_word' id='word_1_179' title='bbox 1088 2003 1153 2083; x_wconf 91' lang='lat' dir='ltr'><strong>jam</strong></span> <span class='ocrx_word' id='word_1_180' title='bbox 1176 2003 1396 2065; x_wconf 86' lang='lat' dir='ltr'><strong>illuminentur:</strong></span> <span class='ocrx_word' id='word_1_181' title='bbox 1421 2021 1508 2084; x_wconf 89' lang='lat' dir='ltr'><strong>quam</strong></span> 
     </span>
     <span class='ocr_line' id='line_1_20' title="bbox 155 2089 1508 2171; baseline 0.001 -20"><span class='ocrx_word' id='word_1_182' title='bbox 155 2090 304 2152; x_wconf 85' lang='lat' dir='ltr'><strong>actionem</strong></span> <span class='ocrx_word' id='word_1_183' title='bbox 328 2089 378 2169; x_wconf 87' lang='lat' dir='ltr'><strong>qui</strong></span> <span class='ocrx_word' id='word_1_184' title='bbox 400 2089 467 2152; x_wconf 88' lang='lat' dir='ltr'><strong>Deo</strong></span> <span class='ocrx_word' id='word_1_185' title='bbox 491 2089 694 2165; x_wconf 88' lang='lat' dir='ltr'><strong>transscribit,</strong></span> <span class='ocrx_word' id='word_1_186' title='bbox 721 2099 886 2153; x_wconf 88' lang='lat' dir='ltr'><strong>creatorem</strong></span> <span class='ocrx_word' id='word_1_187' title='bbox 910 2109 964 2171; x_wconf 86' lang='lat' dir='ltr'><strong>per</strong></span> <span class='ocrx_word' id='word_1_188' title='bbox 993 2111 1057 2152; x_wconf 87' lang='lat' dir='ltr'><strong>eam</strong></span> <span class='ocrx_word' id='word_1_189' title='bbox 1081 2090 1240 2154; x_wconf 90' lang='lat' dir='ltr'><strong>constitnit</strong></span> <span class='ocrx_word' id='word_1_190' title='bbox 1267 2091 1337 2154; x_wconf 87' lang='lat' dir='ltr'><strong>novi</strong></span> <span class='ocrx_word' id='word_1_191' title='bbox 1370 2091 1508 2170; x_wconf 87' lang='lat' dir='ltr'><strong>alicujus.</strong></span> 
     </span>
     <span class='ocr_line' id='line_1_21' title="bbox 155 2177 1509 2260; baseline 0.001 -20"><span class='ocrx_word' id='word_1_192' title='bbox 155 2177 235 2250; x_wconf 83' lang='lat' dir='ltr'><strong>Quid</strong></span> <span class='ocrx_word' id='word_1_193' title='bbox 258 2177 360 2240; x_wconf 85' lang='lat' dir='ltr'><strong>euim?</strong></span> <span class='ocrx_word' id='word_1_194' title='bbox 396 2177 548 2260; x_wconf 88' lang='lat' dir='ltr'><strong>Numquid</strong></span> <span class='ocrx_word' id='word_1_195' title='bbox 571 2197 625 2240; x_wconf 84' lang='lat' dir='ltr'><strong>sex</strong></span> <span class='ocrx_word' id='word_1_196' title='bbox 655 2179 759 2242; x_wconf 91' lang='lat' dir='ltr'><strong>diebus</strong></span> <span class='ocrx_word' id='word_1_197' title='bbox 792 2179 907 2242; x_wconf 87' lang='lat' dir='ltr'><strong>creavit</strong></span> <span class='ocrx_word' id='word_1_198' title='bbox 930 2181 1011 2242; x_wconf 91' lang='lat' dir='ltr'><strong>Deus</strong></span> <span class='ocrx_word' id='word_1_199' title='bbox 1037 2179 1161 2244; x_wconf 85' lang='lat' dir='ltr'><strong>Ocelum</strong></span> <span class='ocrx_word' id='word_1_200' title='bbox 1185 2190 1216 2242; x_wconf 91' lang='lat' dir='ltr'><strong>et</strong></span> <span class='ocrx_word' id='word_1_201' title='bbox 1239 2181 1387 2242; x_wconf 83' lang='lat' dir='ltr'><strong>Terram?</strong></span> <span class='ocrx_word' id='word_1_202' title='bbox 1428 2179 1509 2252; x_wconf 83' lang='lat' dir='ltr'><strong>Quid</strong></span> 
     </span>
     <span class='ocr_line' id='line_1_22' title="bbox 154 2267 1506 2350; baseline 0.001 -20"><span class='ocrx_word' id='word_1_203' title='bbox 154 2267 246 2347; x_wconf 87' lang='lat' dir='ltr'><strong>igitur</strong></span> <span class='ocrx_word' id='word_1_204' title='bbox 268 2267 316 2330; x_wconf 92' lang='lat' dir='ltr'><strong>die</strong></span> <span class='ocrx_word' id='word_1_205' title='bbox 339 2267 459 2345; x_wconf 90' lang='lat' dir='ltr'><strong>primo?</strong></span> <span class='ocrx_word' id='word_1_206' title='bbox 483 2267 569 2330; x_wconf 88' lang='lat' dir='ltr'><strong>Dixit</strong></span> <span class='ocrx_word' id='word_1_207' title='bbox 582 2267 674 2344; x_wconf 88' lang='lat' dir='ltr'><strong>Dens,</strong></span> <span class='ocrx_word' id='word_1_208' title='bbox 698 2269 795 2350; x_wconf 92' lang='lat' dir='ltr'><strong>inquit</strong></span> <span class='ocrx_word' id='word_1_209' title='bbox 818 2268 935 2332; x_wconf 88' lang='lat' dir='ltr'><strong>divinus</strong></span> <span class='ocrx_word' id='word_1_210' title='bbox 950 2269 1112 2350; x_wconf 82' lang='lat' dir='ltr'><strong>Propheta,</strong></span> <span class='ocrx_word' id='word_1_211' title='bbox 1137 2270 1191 2332; x_wconf 88' lang='lat' dir='ltr'><strong>liat</strong></span> <span class='ocrx_word' id='word_1_212' title='bbox 1205 2269 1276 2331; x_wconf 82' lang='lat' dir='ltr'><strong>lux:</strong></span> <span class='ocrx_word' id='word_1_213' title='bbox 1302 2277 1393 2350; x_wconf 88' lang='lat' dir='ltr'><strong>atque</strong></span> <span class='ocrx_word' id='word_1_214' title='bbox 1416 2269 1506 2349; x_wconf 87' lang='lat' dir='ltr'><strong>hujus</strong></span> 
     </span>
     <span class='ocr_line' id='line_1_23' title="bbox 156 2355 1525 2439; baseline 0.002 -21"><span class='ocrx_word' id='word_1_215' title='bbox 156 2355 345 2420; x_wconf 91' lang='lat' dir='ltr'><strong>institutione</strong></span> <span class='ocrx_word' id='word_1_216' title='bbox 367 2355 463 2418; x_wconf 85' lang='lat' dir='ltr'><strong>linivit</strong></span> <span class='ocrx_word' id='word_1_217' title='bbox 484 2355 568 2418; x_wconf 90' lang='lat' dir='ltr'><strong>Deus</strong></span> <span class='ocrx_word' id='word_1_218' title='bbox 592 2355 678 2418; x_wconf 63' lang='lat' dir='ltr'><strong>diemv</strong></span> <span class='ocrx_word' id='word_1_219' title='bbox 692 2359 826 2437; x_wconf 92' lang='lat' dir='ltr'><strong>primum.</strong></span> <span class='ocrx_word' id='word_1_220' title='bbox 873 2359 979 2439; x_wconf 87' lang='lat' dir='ltr'><strong>Itaque</strong></span> <span class='ocrx_word' id='word_1_221' title='bbox 1003 2359 1098 2420; x_wconf 90' lang='lat' dir='ltr'><strong>lucem</strong></span> <span class='ocrx_word' id='word_1_222' title='bbox 1126 2359 1289 2437; x_wconf 90' lang='lat' dir='ltr'><strong>producere</strong></span> <span class='ocrx_word' id='word_1_223' title='bbox 1320 2377 1424 2420; x_wconf 89' lang='lat' dir='ltr'><strong>creare</strong></span> <span class='ocrx_word' id='word_1_224' title='bbox 1447 2361 1525 2421; x_wconf 83' lang='lat' dir='ltr'><strong>est&#39;</strong></span> 
     </span>
     <span class='ocr_line' id='line_1_24' title="bbox 155 2444 1508 2527; baseline 0 -17"><span class='ocrx_word' id='word_1_225' title='bbox 155 2445 222 2510; x_wconf 76' lang='lat' dir='ltr'><strong>Nisi</strong></span> <span class='ocrx_word' id='word_1_226' title='bbox 246 2445 324 2508; x_wconf 86' lang='lat' dir='ltr'><strong>iorte</strong></span> <span class='ocrx_word' id='word_1_227' title='bbox 348 2445 445 2508; x_wconf 89' lang='lat' dir='ltr'><strong>lucem</strong></span> <span class='ocrx_word' id='word_1_228' title='bbox 467 2462 526 2508; x_wconf 93' lang='lat' dir='ltr'><strong>non</strong></span> <span class='ocrx_word' id='word_1_229' title='bbox 550 2463 657 2508; x_wconf 88' lang='lat' dir='ltr'><strong>novam</strong></span> <span class='ocrx_word' id='word_1_230' title='bbox 689 2444 771 2508; x_wconf 89' lang='lat' dir='ltr'><strong>intus</strong></span> <span class='ocrx_word' id='word_1_231' title='bbox 794 2447 823 2506; x_wconf 96' lang='lat' dir='ltr'><strong>in</strong></span> <span class='ocrx_word' id='word_1_232' title='bbox 848 2447 939 2508; x_wconf 88' lang='lat' dir='ltr'><strong>stella</strong></span> <span class='ocrx_word' id='word_1_233' title='bbox 971 2448 1103 2522; x_wconf 88' lang='lat' dir='ltr'><strong>creavit,</strong></span> <span class='ocrx_word' id='word_1_234' title='bbox 1127 2447 1179 2508; x_wconf 92' lang='lat' dir='ltr'><strong>sed</strong></span> <span class='ocrx_word' id='word_1_235' title='bbox 1209 2446 1451 2527; x_wconf 88' lang='lat' dir='ltr'><strong>impedimentum</strong></span> <span class='ocrx_word' id='word_1_236' title='bbox 1475 2455 1508 2512; x_wconf 86' lang='lat' dir='ltr'><strong>et</strong></span> 
     </span>
     <span class='ocr_line' id='line_1_25' title="bbox 155 2531 1505 2612; baseline 0.001 -17"><span class='ocrx_word' id='word_1_237' title='bbox 155 2535 358 2598; x_wconf 89' lang='lat' dir='ltr'><strong>umbraculum</strong></span> <span class='ocrx_word' id='word_1_238' title='bbox 382 2539 536 2596; x_wconf 86' lang='lat' dir='ltr'><strong>externum</strong></span> <span class='ocrx_word' id='word_1_239' title='bbox 559 2535 711 2596; x_wconf 83' lang='lat' dir='ltr'><strong>removit?</strong></span> <span class='ocrx_word' id='word_1_240' title='bbox 743 2531 839 2604; x_wconf 83' lang='lat' dir='ltr'><strong>Quasi</strong></span> <span class='ocrx_word' id='word_1_241' title='bbox 862 2553 934 2596; x_wconf 88' lang='lat' dir='ltr'><strong>vero</strong></span> <span class='ocrx_word' id='word_1_242' title='bbox 957 2535 1014 2596; x_wconf 90' lang='lat' dir='ltr'><strong>hoc</strong></span> <span class='ocrx_word' id='word_1_243' title='bbox 1037 2534 1102 2597; x_wconf 91' lang='lat' dir='ltr'><strong>Deo</strong></span> <span class='ocrx_word' id='word_1_244' title='bbox 1127 2534 1221 2596; x_wconf 83' lang='lat' dir='ltr'><strong>levius</strong></span> <span class='ocrx_word' id='word_1_245' title='bbox 1251 2535 1380 2596; x_wconf 80' lang='lat' dir='ltr'><strong>fortasse</strong></span> <span class='ocrx_word' id='word_1_246' title='bbox 1405 2536 1505 2612; x_wconf 87' lang='lat' dir='ltr'><strong>inerit,</strong></span> 
     </span>
    </p>
   </div>
   <div class='ocr_carea' id='block_1_3' title="bbox 156 2621 1632 2704">
    <p class='ocr_par' dir='ltr' id='par_1_4' title="bbox 156 2621 1632 2704">
     <span class='ocr_line' id='line_1_26' title="bbox 156 2621 1632 2704; baseline 0.001 -19"><span class='ocrx_word' id='word_1_247' title='bbox 156 2641 243 2704; x_wconf 89' lang='lat' dir='ltr'><strong>qnam</strong></span> <span class='ocrx_word' id='word_1_248' title='bbox 267 2641 370 2687; x_wconf 90' lang='lat' dir='ltr'><strong>creare</strong></span> <span class='ocrx_word' id='word_1_249' title='bbox 402 2640 510 2683; x_wconf 89' lang='lat' dir='ltr'><strong>novum</strong></span> <span class='ocrx_word' id='word_1_250' title='bbox 543 2621 672 2702; x_wconf 81' lang='lat' dir='ltr'><strong>aliquid3</strong></span> <span class='ocrx_word' id='word_1_251' title='bbox 705 2631 758 2685; x_wconf 87' lang='lat' dir='ltr'><strong>ant</strong></span> <span class='ocrx_word' id='word_1_252' title='bbox 780 2622 867 2704; x_wconf 89' lang='lat' dir='ltr'><strong>quasi</strong></span> <span class='ocrx_word' id='word_1_253' title='bbox 889 2623 947 2684; x_wconf 94' lang='lat' dir='ltr'><strong>hoc</strong></span> <span class='ocrx_word' id='word_1_254' title='bbox 970 2642 1027 2684; x_wconf 94' lang='lat' dir='ltr'><strong>non</strong></span> <span class='ocrx_word' id='word_1_255' title='bbox 1059 2623 1212 2704; x_wconf 82' lang='lat' dir='ltr'><strong>pertineat</strong></span> <span class='ocrx_word' id='word_1_256' title='bbox 1235 2623 1272 2684; x_wconf 87' lang='lat' dir='ltr'><strong>ad</strong></span> <span class='ocrx_word' id='word_1_257' title='bbox 1301 2623 1507 2686; x_wconf 82' lang='lat' dir='ltr'><strong>creationem?</strong></span> <span class='ocrx_word' id='word_1_258' title='bbox 1628 2687 1632 2692; x_wconf 74' lang='grc'><strong>,</strong></span> 
     </span>
    </p>
   </div>
   <div class='ocr_carea' id='block_1_4' title="bbox 151 2709 1511 4210">
    <p class='ocr_par' dir='ltr' id='par_1_5' title="bbox 151 2709 1511 4210">
     <span class='ocr_line' id='line_1_27' title="bbox 155 2709 1506 2793; baseline 0.001 -18"><span class='ocrx_word' id='word_1_259' title='bbox 155 2711 234 2776; x_wconf 86' lang='lat' dir='ltr'><strong>Nam</strong></span> <span class='ocrx_word' id='word_1_260' title='bbox 267 2711 338 2793; x_wconf 88' lang='lat' dir='ltr'><strong>qnid</strong></span> <span class='ocrx_word' id='word_1_261' title='bbox 370 2728 486 2772; x_wconf 89' lang='lat' dir='ltr'><strong>rursum</strong></span> <span class='ocrx_word' id='word_1_262' title='bbox 507 2709 555 2772; x_wconf 94' lang='lat' dir='ltr'><strong>die</strong></span> <span class='ocrx_word' id='word_1_263' title='bbox 578 2711 709 2773; x_wconf 87' lang='lat' dir='ltr'><strong>secundo</strong></span> <span class='ocrx_word' id='word_1_264' title='bbox 741 2711 857 2773; x_wconf 89' lang='lat' dir='ltr'><strong>creavit</strong></span> <span class='ocrx_word' id='word_1_265' title='bbox 878 2711 985 2774; x_wconf 81' lang='lat' dir='ltr'><strong>Deus?</strong></span> <span class='ocrx_word' id='word_1_266' title='bbox 1018 2712 1088 2792; x_wconf 88' lang='lat' dir='ltr'><strong>quid</strong></span> <span class='ocrx_word' id='word_1_267' title='bbox 1121 2711 1204 2774; x_wconf 88' lang='lat' dir='ltr'><strong>aliud</strong></span> <span class='ocrx_word' id='word_1_268' title='bbox 1230 2711 1289 2774; x_wconf 91' lang='lat' dir='ltr'><strong>nisi</strong></span> <span class='ocrx_word' id='word_1_269' title='bbox 1318 2712 1395 2792; x_wconf 90' lang='lat' dir='ltr'><strong>quod</strong></span> <span class='ocrx_word' id='word_1_270' title='bbox 1425 2713 1506 2776; x_wconf 90' lang='lat' dir='ltr'><strong>iacto</strong></span> 
     </span>
     <span class='ocr_line' id='line_1_28' title="bbox 156 2798 1508 2883; baseline 0 -21"><span class='ocrx_word' id='word_1_271' title='bbox 156 2801 341 2862; x_wconf 87' lang='lat' dir='ltr'><strong>firmamento</strong></span> <span class='ocrx_word' id='word_1_272' title='bbox 374 2798 528 2878; x_wconf 86' lang='lat' dir='ltr'><strong>separavit</strong></span> <span class='ocrx_word' id='word_1_273' title='bbox 559 2817 654 2880; x_wconf 86' lang='lat' dir='ltr'><strong>squas</strong></span> <span class='ocrx_word' id='word_1_274' title='bbox 682 2799 721 2860; x_wconf 92' lang='lat' dir='ltr'><strong>ab</strong></span> <span class='ocrx_word' id='word_1_275' title='bbox 754 2799 864 2880; x_wconf 86' lang='lat' dir='ltr'><strong>aquis?</strong></span> <span class='ocrx_word' id='word_1_276' title='bbox 900 2800 1007 2881; x_wconf 88' lang='lat' dir='ltr'><strong>Itaque</strong></span> <span class='ocrx_word' id='word_1_277' title='bbox 1039 2800 1119 2863; x_wconf 90' lang='lat' dir='ltr'><strong>iuter</strong></span> <span class='ocrx_word' id='word_1_278' title='bbox 1151 2799 1300 2863; x_wconf 88' lang='lat' dir='ltr'><strong>secundae</strong></span> <span class='ocrx_word' id='word_1_279' title='bbox 1328 2799 1388 2863; x_wconf 93' lang='lat' dir='ltr'><strong>diei</strong></span> <span class='ocrx_word' id='word_1_280' title='bbox 1415 2819 1508 2883; x_wconf 89' lang='lat' dir='ltr'><strong>opera</strong></span> 
     </span>
     <span class='ocr_line' id='line_1_29' title="bbox 155 2885 1509 2972; baseline -0.001 -21"><span class='ocrx_word' id='word_1_281' title='bbox 155 2890 275 2952; x_wconf 84' lang='lat' dir='ltr'><strong>fuerunt</strong></span> <span class='ocrx_word' id='word_1_282' title='bbox 297 2895 328 2949; x_wconf 87' lang='lat' dir='ltr'><strong>ct</strong></span> <span class='ocrx_word' id='word_1_283' title='bbox 350 2885 420 2959; x_wconf 88' lang='lat' dir='ltr'><strong>ista,</strong></span> <span class='ocrx_word' id='word_1_284' title='bbox 444 2887 604 2965; x_wconf 86' lang='lat' dir='ltr'><strong>conjuncta</strong></span> <span class='ocrx_word' id='word_1_285' title='bbox 627 2905 778 2967; x_wconf 88' lang='lat' dir='ltr'><strong>separare,</strong></span> <span class='ocrx_word' id='word_1_286' title='bbox 804 2889 960 2952; x_wconf 84' lang='lat' dir='ltr'><strong>obstantia</strong></span> <span class='ocrx_word' id='word_1_287' title='bbox 982 2906 1145 2951; x_wconf 88' lang='lat' dir='ltr'><strong>removere.</strong></span> <span class='ocrx_word' id='word_1_288' title='bbox 1192 2889 1267 2950; x_wconf 78' lang='lat' dir='ltr'><strong>&#39;lum</strong></span> <span class='ocrx_word' id='word_1_289' title='bbox 1292 2896 1393 2953; x_wconf 87' lang='lat' dir='ltr'><strong>autem</strong></span> <span class='ocrx_word' id='word_1_290' title='bbox 1415 2888 1509 2972; x_wconf 89' lang='lat' dir='ltr'><strong>polli-</strong></span> 
     </span>
     <span class='ocr_line' id='line_1_30' title="bbox 154 2975 1509 3061; baseline 0 -21"><span class='ocrx_word' id='word_1_291' title='bbox 154 2985 238 3040; x_wconf 88' lang='lat' dir='ltr'><strong>cetur</strong></span> <span class='ocrx_word' id='word_1_292' title='bbox 261 2977 343 3040; x_wconf 88' lang='lat' dir='ltr'><strong>Deus</strong></span> <span class='ocrx_word' id='word_1_293' title='bbox 366 2975 440 3055; x_wconf 90' lang='lat' dir='ltr'><strong>ipse,</strong></span> <span class='ocrx_word' id='word_1_294' title='bbox 466 2995 567 3038; x_wconf 88' lang='lat' dir='ltr'><strong>creare</strong></span> <span class='ocrx_word' id='word_1_295' title='bbox 591 2995 698 3038; x_wconf 91' lang='lat' dir='ltr'><strong>novum</strong></span> <span class='ocrx_word' id='word_1_296' title='bbox 723 2977 838 3040; x_wconf 90' lang='lat' dir='ltr'><strong>coelum</strong></span> <span class='ocrx_word' id='word_1_297' title='bbox 861 2985 893 3040; x_wconf 91' lang='lat' dir='ltr'><strong>et</strong></span> <span class='ocrx_word' id='word_1_298' title='bbox 922 2996 1031 3039; x_wconf 87' lang='lat' dir='ltr'><strong>novam</strong></span> <span class='ocrx_word' id='word_1_299' title='bbox 1058 2985 1181 3039; x_wconf 87' lang='lat' dir='ltr'><strong>terram.</strong></span> <span class='ocrx_word' id='word_1_300' title='bbox 1224 2978 1326 3061; x_wconf 89' lang='lat' dir='ltr'><strong>Atque</strong></span> <span class='ocrx_word' id='word_1_301' title='bbox 1350 2979 1406 3040; x_wconf 92' lang='lat' dir='ltr'><strong>boc</strong></span> <span class='ocrx_word' id='word_1_302' title='bbox 1429 2979 1509 3042; x_wconf 88' lang='lat' dir='ltr'><strong>iuter</strong></span> 
     </span>
     <span class='ocr_line' id='line_1_31' title="bbox 151 3063 1509 3148; baseline 0.002 -21"><span class='ocrx_word' id='word_1_303' title='bbox 151 3067 330 3148; x_wconf 88' lang='lat' dir='ltr'><strong>praecipuos</strong></span> <span class='ocrx_word' id='word_1_304' title='bbox 350 3063 544 3127; x_wconf 89' lang='lat' dir='ltr'><strong>Christianae</strong></span> <span class='ocrx_word' id='word_1_305' title='bbox 572 3065 725 3146; x_wconf 81' lang='lat' dir='ltr'><strong>religionis</strong></span> <span class='ocrx_word' id='word_1_306' title='bbox 748 3065 891 3128; x_wconf 89' lang='lat' dir='ltr'><strong>articulos</strong></span> <span class='ocrx_word' id='word_1_307' title='bbox 914 3066 1043 3128; x_wconf 90' lang='lat' dir='ltr'><strong>relatum</strong></span> <span class='ocrx_word' id='word_1_308' title='bbox 1067 3066 1193 3128; x_wconf 87' lang='lat' dir='ltr'><strong>credunt</strong></span> <span class='ocrx_word' id='word_1_309' title='bbox 1211 3084 1316 3129; x_wconf 89' lang='lat' dir='ltr'><strong>omues</strong></span> <span class='ocrx_word' id='word_1_310' title='bbox 1339 3066 1509 3130; x_wconf 86' lang='lat' dir='ltr'><strong>orthodoxi.</strong></span> 
     </span>
     <span class='ocr_line' id='line_1_32' title="bbox 152 3152 1508 3237; baseline -0.001 -18"><span class='ocrx_word' id='word_1_311' title='bbox 152 3155 260 3223; x_wconf 86' lang='lat' dir='ltr'><strong>Adde,</strong></span> <span class='ocrx_word' id='word_1_312' title='bbox 289 3153 368 3236; x_wconf 90' lang='lat' dir='ltr'><strong>quod</strong></span> <span class='ocrx_word' id='word_1_313' title='bbox 391 3152 480 3216; x_wconf 90' lang='lat' dir='ltr'><strong>iidem</strong></span> <span class='ocrx_word' id='word_1_314' title='bbox 504 3153 547 3216; x_wconf 90' lang='lat' dir='ltr'><strong>illi</strong></span> <span class='ocrx_word' id='word_1_315' title='bbox 570 3153 717 3235; x_wconf 79' lang='lat' dir='ltr'><strong>theologi,</strong></span> <span class='ocrx_word' id='word_1_316' title='bbox 747 3155 797 3237; x_wconf 93' lang='lat' dir='ltr'><strong>qni</strong></span> <span class='ocrx_word' id='word_1_317' title='bbox 820 3155 885 3216; x_wconf 92' lang='lat' dir='ltr'><strong>Deo</strong></span> <span class='ocrx_word' id='word_1_318' title='bbox 917 3163 1102 3235; x_wconf 89' lang='lat' dir='ltr'><strong>potestatem</strong></span> <span class='ocrx_word' id='word_1_319' title='bbox 1124 3155 1153 3215; x_wconf 90' lang='lat' dir='ltr'><strong>in</strong></span> <span class='ocrx_word' id='word_1_320' title='bbox 1178 3155 1261 3217; x_wconf 91' lang='lat' dir='ltr'><strong>coelo</strong></span> <span class='ocrx_word' id='word_1_321' title='bbox 1295 3155 1416 3218; x_wconf 90' lang='lat' dir='ltr'><strong>creandi</strong></span> <span class='ocrx_word' id='word_1_322' title='bbox 1438 3155 1508 3218; x_wconf 92' lang='lat' dir='ltr'><strong>novi</strong></span> 
     </span>
     <span class='ocr_line' id='line_1_33' title="bbox 155 3239 1509 3325; baseline 0 -19"><span class='ocrx_word' id='word_1_323' title='bbox 155 3241 264 3306; x_wconf 87' lang='lat' dir='ltr'><strong>sideris</strong></span> <span class='ocrx_word' id='word_1_324' title='bbox 296 3241 498 3322; x_wconf 88' lang='lat' dir='ltr'><strong>abrogamnt,</strong></span> <span class='ocrx_word' id='word_1_325' title='bbox 533 3251 702 3323; x_wconf 85' lang='lat' dir='ltr'><strong>agnoscunt</strong></span> <span class='ocrx_word' id='word_1_326' title='bbox 731 3243 937 3325; x_wconf 88' lang='lat' dir='ltr'><strong>quotidianam</strong></span> <span class='ocrx_word' id='word_1_327' title='bbox 972 3244 1106 3323; x_wconf 79' lang='lat' dir='ltr'><strong>eJnsdem</strong></span> <span class='ocrx_word' id='word_1_328' title='bbox 1138 3239 1280 3324; x_wconf 78' lang='lat' dir='ltr'><strong>isapyaror</strong></span> <span class='ocrx_word' id='word_1_329' title='bbox 1307 3245 1337 3306; x_wconf 93' lang='lat' dir='ltr'><strong>iu</strong></span> <span class='ocrx_word' id='word_1_330' title='bbox 1371 3243 1509 3307; x_wconf 87' lang='lat' dir='ltr'><strong>creandis</strong></span> 
     </span>
     <span class='ocr_line' id='line_1_34' title="bbox 154 3331 1511 3415; baseline -0.001 -19"><span class='ocrx_word' id='word_1_331' title='bbox 154 3334 240 3396; x_wconf 89' lang='lat' dir='ltr'><strong>novis</strong></span> <span class='ocrx_word' id='word_1_332' title='bbox 273 3331 441 3394; x_wconf 89' lang='lat' dir='ltr'><strong>animabus.</strong></span> <span class='ocrx_word' id='word_1_333' title='bbox 496 3333 562 3394; x_wconf 88' lang='lat' dir='ltr'><strong>Hoc</strong></span> <span class='ocrx_word' id='word_1_334' title='bbox 592 3349 648 3411; x_wconf 89' lang='lat' dir='ltr'><strong>ego</strong></span> <span class='ocrx_word' id='word_1_335' title='bbox 679 3332 716 3394; x_wconf 87' lang='lat' dir='ltr'><strong>iis</strong></span> <span class='ocrx_word' id='word_1_336' title='bbox 746 3333 928 3414; x_wconf 87' lang='lat' dir='ltr'><strong>objeceram,</strong></span> <span class='ocrx_word' id='word_1_337' title='bbox 961 3333 1136 3415; x_wconf 92' lang='lat' dir='ltr'><strong>quibuscum</strong></span> <span class='ocrx_word' id='word_1_338' title='bbox 1164 3339 1231 3395; x_wconf 87' lang='lat' dir='ltr'><strong>erat</strong></span> <span class='ocrx_word' id='word_1_339' title='bbox 1258 3333 1328 3395; x_wconf 90' lang='lat' dir='ltr'><strong>mibi</strong></span> <span class='ocrx_word' id='word_1_340' title='bbox 1359 3352 1418 3396; x_wconf 90' lang='lat' dir='ltr'><strong>res.</strong></span> <span class='ocrx_word' id='word_1_341' title='bbox 1465 3334 1511 3396; x_wconf 81' lang='lat' dir='ltr'><strong>Ac</strong></span> 
     </span>
     <span class='ocr_line' id='line_1_35' title="bbox 154 3419 1509 3504; baseline -0.001 -20"><span class='ocrx_word' id='word_1_342' title='bbox 154 3420 311 3484; x_wconf 81' lang='lat' dir='ltr'><strong>Fabricius</strong></span> <span class='ocrx_word' id='word_1_343' title='bbox 341 3420 418 3482; x_wconf 92' lang='lat' dir='ltr'><strong>idem</strong></span> <span class='ocrx_word' id='word_1_344' title='bbox 445 3419 590 3499; x_wconf 89' lang='lat' dir='ltr'><strong>objiciens</strong></span> <span class='ocrx_word' id='word_1_345' title='bbox 614 3427 749 3497; x_wconf 83' lang='lat' dir='ltr'><strong>enervat,</strong></span> <span class='ocrx_word' id='word_1_346' title='bbox 773 3421 857 3484; x_wconf 90' lang='lat' dir='ltr'><strong>litem</strong></span> <span class='ocrx_word' id='word_1_347' title='bbox 877 3422 913 3483; x_wconf 91' lang='lat' dir='ltr'><strong>de</strong></span> <span class='ocrx_word' id='word_1_348' title='bbox 938 3421 1094 3483; x_wconf 87' lang='lat' dir='ltr'><strong>animabus</strong></span> <span class='ocrx_word' id='word_1_349' title='bbox 1113 3422 1142 3484; x_wconf 93' lang='lat' dir='ltr'><strong>in</strong></span> <span class='ocrx_word' id='word_1_350' title='bbox 1158 3439 1304 3502; x_wconf 87' lang='lat' dir='ltr'><strong>suspenso</strong></span> <span class='ocrx_word' id='word_1_351' title='bbox 1323 3422 1509 3504; x_wconf 76' lang='lat' dir='ltr'><strong>relinqueus3</strong></span> 
     </span>
     <span class='ocr_line' id='line_1_36' title="bbox 156 3509 1508 3590; baseline 0.001 -20"><span class='ocrx_word' id='word_1_352' title='bbox 156 3510 233 3590; x_wconf 92' lang='lat' dir='ltr'><strong>quod</strong></span> <span class='ocrx_word' id='word_1_353' title='bbox 261 3527 385 3571; x_wconf 88' lang='lat' dir='ltr'><strong>necesse</strong></span> <span class='ocrx_word' id='word_1_354' title='bbox 418 3527 475 3572; x_wconf 93' lang='lat' dir='ltr'><strong>uon</strong></span> <span class='ocrx_word' id='word_1_355' title='bbox 505 3516 572 3574; x_wconf 88' lang='lat' dir='ltr'><strong>erat</strong></span> <span class='ocrx_word' id='word_1_356' title='bbox 601 3509 704 3590; x_wconf 86' lang='lat' dir='ltr'><strong>agenti</strong></span> <span class='ocrx_word' id='word_1_357' title='bbox 737 3529 802 3572; x_wconf 90' lang='lat' dir='ltr'><strong>cum</strong></span> <span class='ocrx_word' id='word_1_358' title='bbox 836 3518 919 3572; x_wconf 89' lang='lat' dir='ltr'><strong>certo</strong></span> <span class='ocrx_word' id='word_1_359' title='bbox 951 3510 1135 3572; x_wconf 88' lang='lat' dir='ltr'><strong>adversario.</strong></span> <span class='ocrx_word' id='word_1_360' title='bbox 1181 3509 1224 3573; x_wconf 85' lang='lat' dir='ltr'><strong>Et</strong></span> <span class='ocrx_word' id='word_1_361' title='bbox 1245 3511 1392 3573; x_wconf 90' lang='lat' dir='ltr'><strong>hactenus</strong></span> <span class='ocrx_word' id='word_1_362' title='bbox 1416 3511 1453 3572; x_wconf 91' lang='lat' dir='ltr'><strong>de</strong></span> <span class='ocrx_word' id='word_1_363' title='bbox 1477 3527 1508 3572; x_wconf 92' lang='lat' dir='ltr'><strong>re</strong></span> 
     </span>
     <span class='ocr_line' id='line_1_37' title="bbox 156 3596 1509 3680; baseline 0.001 -21"><span class='ocrx_word' id='word_1_364' title='bbox 156 3597 223 3677; x_wconf 91' lang='lat' dir='ltr'><strong>ipsa</strong></span> <span class='ocrx_word' id='word_1_365' title='bbox 237 3596 318 3659; x_wconf 87' lang='lat' dir='ltr'><strong>iuter</strong></span> <span class='ocrx_word' id='word_1_366' title='bbox 330 3617 385 3658; x_wconf 90' lang='lat' dir='ltr'><strong>nos</strong></span> <span class='ocrx_word' id='word_1_367' title='bbox 409 3615 583 3662; x_wconf 88' lang='lat' dir='ltr'><strong>cousensus.</strong></span> <span class='ocrx_word' id='word_1_368' title='bbox 621 3597 734 3661; x_wconf 89' lang='lat' dir='ltr'><strong>Statim</strong></span> <span class='ocrx_word' id='word_1_369' title='bbox 753 3599 823 3663; x_wconf 92' lang='lat' dir='ltr'><strong>hinc</strong></span> <span class='ocrx_word' id='word_1_370' title='bbox 840 3599 1003 3680; x_wconf 88' lang='lat' dir='ltr'><strong>digressus,</strong></span> <span class='ocrx_word' id='word_1_371' title='bbox 1028 3599 1211 3662; x_wconf 90' lang='lat' dir='ltr'><strong>sententiam</strong></span> <span class='ocrx_word' id='word_1_372' title='bbox 1230 3597 1375 3662; x_wconf 89' lang='lat' dir='ltr'><strong>hacteuus</strong></span> <span class='ocrx_word' id='word_1_373' title='bbox 1391 3615 1509 3679; x_wconf 85' lang='lat' dir='ltr'><strong>oppug-</strong></span> 
     </span>
     <span class='ocr_line' id='line_1_38' title="bbox 154 3685 1510 3770; baseline -0.001 -23"><span class='ocrx_word' id='word_1_374' title='bbox 154 3691 258 3748; x_wconf 88' lang='lat' dir='ltr'><strong>natam</strong></span> <span class='ocrx_word' id='word_1_375' title='bbox 281 3685 408 3766; x_wconf 84' lang='lat' dir='ltr'><strong>suscipit</strong></span> <span class='ocrx_word' id='word_1_376' title='bbox 430 3687 662 3750; x_wconf 84' lang='lat' dir='ltr'><strong>moderandam:</strong></span> <span class='ocrx_word' id='word_1_377' title='bbox 695 3689 814 3751; x_wconf 87' lang='lat' dir='ltr'><strong>noviter</strong></span> <span class='ocrx_word' id='word_1_378' title='bbox 836 3689 955 3770; x_wconf 91' lang='lat' dir='ltr'><strong>quidem</strong></span> <span class='ocrx_word' id='word_1_379' title='bbox 979 3689 1078 3750; x_wconf 90' lang='lat' dir='ltr'><strong>lucere</strong></span> <span class='ocrx_word' id='word_1_380' title='bbox 1102 3687 1164 3749; x_wconf 91' lang='lat' dir='ltr'><strong>ista</strong></span> <span class='ocrx_word' id='word_1_381' title='bbox 1186 3687 1303 3758; x_wconf 87' lang='lat' dir='ltr'><strong>sidera,</strong></span> <span class='ocrx_word' id='word_1_382' title='bbox 1336 3688 1510 3767; x_wconf 90' lang='lat' dir='ltr'><strong>corporibus</strong></span> 
     </span>
     <span class='ocr_line' id='line_1_39' title="bbox 154 3775 1510 3858; baseline -0.001 -22"><span class='ocrx_word' id='word_1_383' title='bbox 154 3793 233 3836; x_wconf 88' lang='lat' dir='ltr'><strong>nova</strong></span> <span class='ocrx_word' id='word_1_384' title='bbox 256 3793 314 3836; x_wconf 92' lang='lat' dir='ltr'><strong>non</strong></span> <span class='ocrx_word' id='word_1_385' title='bbox 339 3791 416 3838; x_wconf 88' lang='lat' dir='ltr'><strong>esse.</strong></span> <span class='ocrx_word' id='word_1_386' title='bbox 462 3775 594 3839; x_wconf 89' lang='lat' dir='ltr'><strong>Primum</strong></span> <span class='ocrx_word' id='word_1_387' title='bbox 626 3777 858 3840; x_wconf 88' lang='lat' dir='ltr'><strong>astronomicam</strong></span> <span class='ocrx_word' id='word_1_388' title='bbox 880 3783 970 3857; x_wconf 84' lang='lat' dir='ltr'><strong>putat</strong></span> <span class='ocrx_word' id='word_1_389' title='bbox 1002 3776 1190 3858; x_wconf 88' lang='lat' dir='ltr'><strong>opinionem,</strong></span> <span class='ocrx_word' id='word_1_390' title='bbox 1223 3793 1351 3856; x_wconf 88' lang='lat' dir='ltr'><strong>corpora</strong></span> <span class='ocrx_word' id='word_1_391' title='bbox 1379 3775 1510 3837; x_wconf 91' lang='lat' dir='ltr'><strong>siderum</strong></span> 
     </span>
     <span class='ocr_line' id='line_1_40' title="bbox 154 3862 1508 3945; baseline -0.001 -21"><span class='ocrx_word' id='word_1_392' title='bbox 154 3863 259 3924; x_wconf 85' lang='lat' dir='ltr'><strong>horum</strong></span> <span class='ocrx_word' id='word_1_393' title='bbox 283 3863 319 3924; x_wconf 91' lang='lat' dir='ltr'><strong>de</strong></span> <span class='ocrx_word' id='word_1_394' title='bbox 344 3881 421 3923; x_wconf 89' lang='lat' dir='ltr'><strong>novo</strong></span> <span class='ocrx_word' id='word_1_395' title='bbox 444 3863 584 3926; x_wconf 85' lang='lat' dir='ltr'><strong>existere.</strong></span> <span class='ocrx_word' id='word_1_396' title='bbox 629 3864 820 3945; x_wconf 88' lang='lat' dir='ltr'><strong>Negaveram</strong></span> <span class='ocrx_word' id='word_1_397' title='bbox 843 3867 872 3928; x_wconf 94' lang='lat' dir='ltr'><strong>in</strong></span> <span class='ocrx_word' id='word_1_398' title='bbox 898 3867 1008 3939; x_wconf 89' lang='lat' dir='ltr'><strong>literis,</strong></span> <span class='ocrx_word' id='word_1_399' title='bbox 1038 3863 1273 3926; x_wconf 90' lang='lat' dir='ltr'><strong>astronomicum</strong></span> <span class='ocrx_word' id='word_1_400' title='bbox 1297 3883 1364 3926; x_wconf 89' lang='lat' dir='ltr'><strong>esse</strong></span> <span class='ocrx_word' id='word_1_401' title='bbox 1389 3862 1508 3942; x_wconf 88' lang='lat' dir='ltr'><strong>dogma,</strong></span> 
     </span>
     <span class='ocr_line' id='line_1_41' title="bbox 155 3949 1509 4034; baseline 0.001 -22"><span class='ocrx_word' id='word_1_402' title='bbox 155 3952 204 4032; x_wconf 88' lang='lat' dir='ltr'><strong>qni</strong></span> <span class='ocrx_word' id='word_1_403' title='bbox 227 3949 355 4032; x_wconf 89' lang='lat' dir='ltr'><strong>primum</strong></span> <span class='ocrx_word' id='word_1_404' title='bbox 388 3959 479 4032; x_wconf 86' lang='lat' dir='ltr'><strong>atque</strong></span> <span class='ocrx_word' id='word_1_405' title='bbox 504 3951 655 4016; x_wconf 89' lang='lat' dir='ltr'><strong>alumine</strong></span> <span class='ocrx_word' id='word_1_406' title='bbox 688 3955 883 4028; x_wconf 90' lang='lat' dir='ltr'><strong>deseruntur,</strong></span> <span class='ocrx_word' id='word_1_407' title='bbox 918 3954 990 4016; x_wconf 89' lang='lat' dir='ltr'><strong>nihil</strong></span> <span class='ocrx_word' id='word_1_408' title='bbox 1025 3953 1139 4015; x_wconf 87' lang='lat' dir='ltr'><strong>habeut</strong></span> <span class='ocrx_word' id='word_1_409' title='bbox 1171 3951 1318 4031; x_wconf 90' lang='lat' dir='ltr'><strong>amplius,</strong></span> <span class='ocrx_word' id='word_1_410' title='bbox 1350 3951 1428 4034; x_wconf 90' lang='lat' dir='ltr'><strong>quod</strong></span> <span class='ocrx_word' id='word_1_411' title='bbox 1460 3950 1509 4013; x_wconf 89' lang='lat' dir='ltr'><strong>vel</strong></span> 
     </span>
     <span class='ocr_line' id='line_1_42' title="bbox 153 4037 1509 4121; baseline -0.001 -19"><span class='ocrx_word' id='word_1_412' title='bbox 153 4047 293 4103; x_wconf 83' lang='lat' dir='ltr'><strong>statuant</strong></span> <span class='ocrx_word' id='word_1_413' title='bbox 315 4039 363 4102; x_wconf 87' lang='lat' dir='ltr'><strong>vel</strong></span> <span class='ocrx_word' id='word_1_414' title='bbox 387 4041 528 4104; x_wconf 83' lang='lat' dir='ltr'><strong>refutent.</strong></span> <span class='ocrx_word' id='word_1_415' title='bbox 575 4043 732 4104; x_wconf 81' lang='lat' dir='ltr'><strong>lucensem</strong></span> <span class='ocrx_word' id='word_1_416' title='bbox 756 4061 823 4104; x_wconf 86' lang='lat' dir='ltr'><strong>esse</strong></span> <span class='ocrx_word' id='word_1_417' title='bbox 847 4043 946 4104; x_wconf 90' lang='lat' dir='ltr'><strong>subito</strong></span> <span class='ocrx_word' id='word_1_418' title='bbox 970 4041 1092 4103; x_wconf 89' lang='lat' dir='ltr'><strong>stellam</strong></span> <span class='ocrx_word' id='word_1_419' title='bbox 1111 4039 1188 4100; x_wconf 90' lang='lat' dir='ltr'><strong>hanc</strong></span> <span class='ocrx_word' id='word_1_420' title='bbox 1212 4037 1338 4121; x_wconf 86' lang='lat' dir='ltr'><strong>indeque</strong></span> <span class='ocrx_word' id='word_1_421' title='bbox 1361 4039 1509 4120; x_wconf 90' lang='lat' dir='ltr'><strong>paulatim</strong></span> 
     </span>
     <span class='ocr_line' id='line_1_43' title="bbox 155 4128 1511 4210; baseline -0.001 -18"><span class='ocrx_word' id='word_1_422' title='bbox 155 4128 358 4205; x_wconf 70' lang='lat' dir='ltr'><strong>exstinctam</strong></span> <span class='ocrx_word' id='word_1_423' title='bbox 390 4129 448 4191; x_wconf 91' lang='lat' dir='ltr'><strong>hoc</strong></span> <span class='ocrx_word' id='word_1_424' title='bbox 479 4129 642 4192; x_wconf 90' lang='lat' dir='ltr'><strong>astronomi</strong></span> <span class='ocrx_word' id='word_1_425' title='bbox 671 4129 738 4193; x_wconf 89' lang='lat' dir='ltr'><strong>visu</strong></span> <span class='ocrx_word' id='word_1_426' title='bbox 760 4131 857 4193; x_wconf 89' lang='lat' dir='ltr'><strong>indice</strong></span> <span class='ocrx_word' id='word_1_427' title='bbox 891 4132 1086 4193; x_wconf 86' lang='lat' dir='ltr'><strong>confirmant:</strong></span> <span class='ocrx_word' id='word_1_428' title='bbox 1120 4135 1218 4191; x_wconf 88' lang='lat' dir='ltr'><strong>utrum</strong></span> <span class='ocrx_word' id='word_1_429' title='bbox 1251 4137 1352 4191; x_wconf 87' lang='lat' dir='ltr'><strong>autem</strong></span> <span class='ocrx_word' id='word_1_430' title='bbox 1384 4146 1511 4210; x_wconf 87' lang='lat' dir='ltr'><strong>corpora</strong></span> 
     </span>
    </p>
   </div>
   <div class='ocr_carea' id='block_1_5' title="bbox 352 4287 467 4298">
    <p class='ocr_par' dir='ltr' id='par_1_6' title="bbox 352 4287 467 4298">
     <span class='ocr_line' id='line_1_44' title="bbox 352 4287 467 4298; baseline 0.026 -3"><span class='ocrx_word' id='word_1_431' title='bbox 352 4287 467 4298; x_wconf 50' lang='grc' dir='ltr'><strong>..ι-ανῆ</strong></span> 
     </span>
    </p>
   </div>
   <div class='ocr_carea' id='block_1_6' title="bbox 154 4364 1510 4922">
    <p class='ocr_par' dir='ltr' id='par_1_7' title="bbox 241 4364 1172 4441">
     <span class='ocr_line' id='line_1_45' title="bbox 241 4364 1172 4441; baseline -0.001 -17"><span class='ocrx_word' id='word_1_432' title='bbox 241 4364 269 4438; x_wconf 74' lang='lat' dir='ltr'><strong>*l</strong></span> <span class='ocrx_word' id='word_1_433' title='bbox 291 4369 458 4424; x_wconf 87' lang='lat' dir='ltr'><strong>Plutarchus</strong></span> <span class='ocrx_word' id='word_1_434' title='bbox 479 4373 513 4427; x_wconf 89' lang='lat' dir='ltr'><strong>de</strong></span> <span class='ocrx_word' id='word_1_435' title='bbox 534 4369 646 4440; x_wconf 88' lang='lat' dir='ltr'><strong>placitis</strong></span> <span class='ocrx_word' id='word_1_436' title='bbox 666 4370 897 4441; x_wconf 86' lang='lat' dir='ltr'><strong>Philosophorum</strong></span> <span class='ocrx_word' id='word_1_437' title='bbox 917 4369 965 4425; x_wconf 91' lang='lat' dir='ltr'><strong>lib.</strong></span> <span class='ocrx_word' id='word_1_438' title='bbox 989 4370 1036 4424; x_wconf 94' lang='lat' dir='ltr'><strong>lll.</strong></span> <span class='ocrx_word' id='word_1_439' title='bbox 1059 4385 1120 4440; x_wconf 89' lang='lat' dir='ltr'><strong>cap.</strong></span> <span class='ocrx_word' id='word_1_440' title='bbox 1144 4369 1172 4424; x_wconf 85' lang='lat'><strong>2.</strong></span> 
     </span>
    </p>

    <p class='ocr_par' dir='ltr' id='par_1_8' title="bbox 154 4449 1510 4602">
     <span class='ocr_line' id='line_1_46' title="bbox 239 4449 1510 4522; baseline -0.002 -16"><span class='ocrx_word' id='word_1_441' title='bbox 239 4450 499 4522; x_wconf 80' lang='lat' dir='ltr'><strong>Pythagoraeornm</strong></span> <span class='ocrx_word' id='word_1_442' title='bbox 521 4449 632 4521; x_wconf 89' lang='lat' dir='ltr'><strong>quidam</strong></span> <span class='ocrx_word' id='word_1_443' title='bbox 648 4457 783 4506; x_wconf 88' lang='lat' dir='ltr'><strong>cometam</strong></span> <span class='ocrx_word' id='word_1_444' title='bbox 797 4457 899 4520; x_wconf 87' lang='lat' dir='ltr'><strong>putant</strong></span> <span class='ocrx_word' id='word_1_445' title='bbox 913 4467 974 4505; x_wconf 87' lang='lat' dir='ltr'><strong>esse</strong></span> <span class='ocrx_word' id='word_1_446' title='bbox 995 4449 1105 4504; x_wconf 85' lang='lat' dir='ltr'><strong>stellam</strong></span> <span class='ocrx_word' id='word_1_447' title='bbox 1127 4468 1164 4504; x_wconf 83' lang='lat' dir='ltr'><strong>ex</strong></span> <span class='ocrx_word' id='word_1_448' title='bbox 1178 4465 1273 4504; x_wconf 87' lang='lat' dir='ltr'><strong>earum</strong></span> <span class='ocrx_word' id='word_1_449' title='bbox 1294 4465 1414 4512; x_wconf 86' lang='lat' dir='ltr'><strong>numero,</strong></span> <span class='ocrx_word' id='word_1_450' title='bbox 1437 4464 1510 4520; x_wconf 86' lang='lat' dir='ltr'><strong>quae</strong></span> 
     </span>
     <span class='ocr_line' id='line_1_47' title="bbox 154 4529 1287 4602; baseline 0.002 -18"><span class='ocrx_word' id='word_1_451' title='bbox 154 4547 208 4584; x_wconf 88' lang='lat' dir='ltr'><strong>uon</strong></span> <span class='ocrx_word' id='word_1_452' title='bbox 228 4546 337 4600; x_wconf 86' lang='lat' dir='ltr'><strong>semper</strong></span> <span class='ocrx_word' id='word_1_453' title='bbox 357 4529 513 4596; x_wconf 83' lang='lat' dir='ltr'><strong>rideantur,</strong></span> <span class='ocrx_word' id='word_1_454' title='bbox 536 4531 584 4584; x_wconf 89' lang='lat' dir='ltr'><strong>sed</strong></span> <span class='ocrx_word' id='word_1_455' title='bbox 605 4537 680 4586; x_wconf 85' lang='lat' dir='ltr'><strong>stato</strong></span> <span class='ocrx_word' id='word_1_456' title='bbox 702 4537 826 4602; x_wconf 87' lang='lat' dir='ltr'><strong>tempore</strong></span> <span class='ocrx_word' id='word_1_457' title='bbox 847 4546 900 4585; x_wconf 87' lang='lat' dir='ltr'><strong>sua</strong></span> <span class='ocrx_word' id='word_1_458' title='bbox 919 4529 1093 4586; x_wconf 80' lang='lat' dir='ltr'><strong>revolutione</strong></span> <span class='ocrx_word' id='word_1_459' title='bbox 1114 4529 1287 4586; x_wconf 71' lang='lat' dir='ltr'><strong>exoriantur·</strong></span> 
     </span>
    </p>

    <p class='ocr_par' dir='ltr' id='par_1_9' title="bbox 154 4609 1509 4922">
     <span class='ocr_line' id='line_1_48' title="bbox 243 4609 1509 4682; baseline -0.001 -19"><span class='ocrx_word' id='word_1_460' title='bbox 243 4609 317 4664; x_wconf 89' lang='lat' dir='ltr'><strong>idem</strong></span> <span class='ocrx_word' id='word_1_461' title='bbox 337 4609 443 4664; x_wconf 89' lang='lat' dir='ltr'><strong>Plinius</strong></span> <span class='ocrx_word' id='word_1_462' title='bbox 465 4617 494 4665; x_wconf 86' lang='lat' dir='ltr'><strong>et</strong></span> <span class='ocrx_word' id='word_1_463' title='bbox 514 4610 697 4676; x_wconf 84' lang='lat' dir='ltr'><strong>Aristoteles,</strong></span> <span class='ocrx_word' id='word_1_464' title='bbox 725 4611 842 4682; x_wconf 88' lang='lat' dir='ltr'><strong>quibos</strong></span> <span class='ocrx_word' id='word_1_465' title='bbox 868 4611 986 4676; x_wconf 81' lang='lat' dir='ltr'><strong>refutat,</strong></span> <span class='ocrx_word' id='word_1_466' title='bbox 1009 4611 1080 4681; x_wconf 92' lang='lat' dir='ltr'><strong>quod</strong></span> <span class='ocrx_word' id='word_1_467' title='bbox 1108 4609 1259 4676; x_wconf 84' lang='lat' dir='ltr'><strong>dixissent,</strong></span> <span class='ocrx_word' id='word_1_468' title='bbox 1288 4615 1353 4664; x_wconf 89' lang='lat' dir='ltr'><strong>tunc</strong></span> <span class='ocrx_word' id='word_1_469' title='bbox 1373 4625 1434 4662; x_wconf 88' lang='lat' dir='ltr'><strong>curn</strong></span> <span class='ocrx_word' id='word_1_470' title='bbox 1455 4625 1509 4662; x_wconf 92' lang='lat' dir='ltr'><strong>non</strong></span> 
     </span>
     <span class='ocr_line' id='line_1_49' title="bbox 154 4685 1508 4764; baseline 0.001 -23"><span class='ocrx_word' id='word_1_471' title='bbox 154 4686 299 4743; x_wconf 85' lang='lat' dir='ltr'><strong>rideantur</strong></span> <span class='ocrx_word' id='word_1_472' title='bbox 318 4689 370 4762; x_wconf 79' lang='lat' dir='ltr'><strong>sub</strong></span> <span class='ocrx_word' id='word_1_473' title='bbox 390 4690 483 4745; x_wconf 88' lang='lat' dir='ltr'><strong>Solem</strong></span> <span class='ocrx_word' id='word_1_474' title='bbox 504 4691 608 4748; x_wconf 74' lang='lat' dir='ltr'><strong>duram.</strong></span> <span class='ocrx_word' id='word_1_475' title='bbox 643 4695 683 4744; x_wconf 85' lang='lat' dir='ltr'><strong>At</strong></span> <span class='ocrx_word' id='word_1_476' title='bbox 702 4689 792 4764; x_wconf 89' lang='lat' dir='ltr'><strong>inquit</strong></span> <span class='ocrx_word' id='word_1_477' title='bbox 811 4690 867 4757; x_wconf 89' lang='lat' dir='ltr'><strong>ille,</strong></span> <span class='ocrx_word' id='word_1_478' title='bbox 889 4689 967 4744; x_wconf 91' lang='lat' dir='ltr'><strong>multi</strong></span> <span class='ocrx_word' id='word_1_479' title='bbox 986 4687 1054 4748; x_wconf 73' lang='lat' dir='ltr'><strong>duro</strong></span> <span class='ocrx_word' id='word_1_480' title='bbox 1081 4689 1188 4752; x_wconf 68' lang='lat' dir='ltr'><strong>duotore</strong></span> <span class='ocrx_word' id='word_1_481' title='bbox 1213 4685 1427 4762; x_wconf 70' lang='grc' dir='ltr'><strong>ἧφονιοθησαν,</strong></span> <span class='ocrx_word' id='word_1_482' title='bbox 1449 4688 1508 4742; x_wconf 82' lang='grc' dir='ltr'>Ιοοο</span> 
     </span>
     <span class='ocr_line' id='line_1_50' title="bbox 155 4761 1509 4843; baseline -0.001 -21"><span class='ocrx_word' id='word_1_483' title='bbox 155 4783 240 4838; x_wconf 86' lang='lat' dir='ltr'><strong>supra</strong></span> <span class='ocrx_word' id='word_1_484' title='bbox 260 4767 430 4824; x_wconf 76' lang='lat' dir='ltr'><strong>horizontem</strong></span> <span class='ocrx_word' id='word_1_485' title='bbox 454 4769 610 4841; x_wconf 89' lang='lat' dir='ltr'><strong>conspicuo.</strong></span> <span class='ocrx_word' id='word_1_486' title='bbox 638 4761 724 4826; x_wconf 41' lang='lat' dir='ltr'><strong>Hauc*</strong></span> <span class='ocrx_word' id='word_1_487' title='bbox 738 4770 886 4843; x_wconf 88' lang='lat' dir='ltr'><strong>pericopen</strong></span> <span class='ocrx_word' id='word_1_488' title='bbox 901 4770 1006 4826; x_wconf 90' lang='lat' dir='ltr'><strong>Plinius</strong></span> <span class='ocrx_word' id='word_1_489' title='bbox 1027 4769 1141 4824; x_wconf 89' lang='lat' dir='ltr'><strong>ridicule</strong></span> <span class='ocrx_word' id='word_1_490' title='bbox 1162 4768 1308 4825; x_wconf 73' lang='lat' dir='ltr'><strong>manatulit</strong></span> <span class='ocrx_word' id='word_1_491' title='bbox 1327 4769 1355 4824; x_wconf 94' lang='lat' dir='ltr'><strong>iu</strong></span> <span class='ocrx_word' id='word_1_492' title='bbox 1377 4783 1509 4822; x_wconf 80' lang='lat' dir='ltr'><strong>occasura</strong></span> 
     </span>
     <span class='ocr_line' id='line_1_51' title="bbox 155 4847 699 4922; baseline 0.007 -20"><span class='ocrx_word' id='word_1_493' title='bbox 155 4847 225 4918; x_wconf 84' lang='lat' dir='ltr'><strong>coeli</strong></span> <span class='ocrx_word' id='word_1_494' title='bbox 243 4855 326 4918; x_wconf 85' lang='lat' dir='ltr'><strong>parts</strong></span> <span class='ocrx_word' id='word_1_495' title='bbox 345 4867 400 4906; x_wconf 91' lang='lat' dir='ltr'><strong>non</strong></span> <span class='ocrx_word' id='word_1_496' title='bbox 420 4850 541 4922; x_wconf 87' lang='lat' dir='ltr'><strong>conspici</strong></span> <span class='ocrx_word' id='word_1_497' title='bbox 562 4850 699 4906; x_wconf 83' lang='lat' dir='ltr'><strong>cometas.</strong></span> 
     </span>
    </p>
   </div>
   <div class='ocr_carea' id='block_1_7' title="bbox 0 0 1795 5536">
    <p class='ocr_par' dir='ltr' id='par_1_10' title="bbox 0 0 1795 5536">
     <span class='ocr_line' id='line_1_52' title="bbox 0 0 1795 5536; baseline 0 0"><span class='ocrx_word' id='word_1_498' title='bbox 0 0 1795 5536; x_wconf 95' lang='lat' dir='ltr'><strong> </strong></span> 
     </span>
    </p>
   </div>
  </div>
 </body>
</html>
