3684 5518
777 307 859 376 Caput
877 310 908 360 V.
931 309 956 360 2.
1076 305 1078 308 ’
1476 307 1540 376 237

186 487 261 550 nihil
284 487 429 549 distincte
454 485 594 548 cernitur.
641 487 687 550 At
708 505 762 566 per
785 507 887 550 omnes
910 487 1098 550 radiationes
1128 487 1265 566 ejusdem
1287 487 1390 566 puncti
1424 488 1459 560 (a
1482 507 1540 568 quo

189 575 443 658 perpendicularis
467 594 521 654 per
544 583 649 638 centra
681 577 835 638 foraminis
860 584 890 638 et
913 576 1066 638 humorum
1095 576 1162 638 duci
1192 579 1309 655 potest)
1343 576 1487 638 collectas
1511 577 1539 638 in

191 667 283 746 ipsum
308 673 445 727 centrum
469 664 624 726 foraminis
644 665 728 728 nervi
753 667 822 741 (ΙΙΙ,
848 661 901 730 29.
918 665 1030 738 Vitel.)
1054 665 1173 726 omnino
1196 665 1312 726 directa
1335 673 1367 726 et
1388 664 1542 746 explicata

190 773 240 817 seu
264 753 411 816 distincta
433 753 467 815 fit
489 753 576 815 visio.

273 843 333 906 Est
356 843 457 922 itaque
482 843 598 914 retineo
622 843 705 904 color
727 861 822 923 neque
847 841 1025 903 tenebrosus
1048 861 1102 903 seu
1126 841 1219 919 niger,
1244 859 1280 901 ne
1305 842 1421 904 colores
1444 861 1541 904 rernm

188 933 327 1012 tingeret,
353 950 448 1010 oeque
472 931 561 1008 plane
586 931 825 1000 candidissimus.
850 949 887 992 ne
911 930 1082 992 claritatem
1106 929 1226 990 nimiam
1249 929 1345 992 vitreo
1360 929 1540 1007 infunderet,

187 1031 218 1084 et
241 1039 287 1095 ue,
314 1039 390 1101 qnae
414 1038 504 1100 super
528 1020 604 1081 hunc
628 1020 699 1082 alba
714 1029 744 1082 et
768 1020 868 1082 lucida
890 1026 1166 1099 repraesentantur,
1190 1017 1389 1080 immoderata
1411 1037 1539 1098 propor-

186 1111 266 1172 tione
290 1109 450 1171 obfuscent
472 1109 624 1170 tinctiora.
673 1109 751 1170 Vide
775 1109 867 1170 corol.
892 1108 931 1169 ad
955 1103 1007 1170 30.
1033 1116 1065 1169 et
1088 1105 1139 1170 31.
1164 1125 1251 1186 prop.
1277 1104 1353 1184 Gap.
1377 1107 1402 1168 Ι.
1430 1108 1542 1187 Figura

187 1201 302 1262 retiuae
340 1198 409 1278 plus
442 1205 491 1258 est
523 1216 612 1276 quam
640 1196 911 1276 hemisphaerium,
940 1197 1067 1275 primunr
1096 1197 1166 1274 quia
1197 1195 1447 1275 hemisphaerium
1472 1215 1540 1258 esse

185 1288 319 1367 oportuit
337 1287 387 1374 *ad
421 1287 678 1372 proportipuatam
709 1287 796 1348 rebus
828 1286 976 1366 picturam
1005 1283 1222 1364 recipiendam,
1255 1292 1289 1346 ut
1311 1285 1375 1363 jam
1407 1284 1538 1348 dictum:

185 1379 318 1456 reliquus
342 1394 413 1438 vero
437 1376 544 1437 limbus
564 1394 657 1458 usque
681 1375 719 1436 ad
735 1373 854 1436 ciliares
873 1393 1033 1452 processus
1057 1381 1105 1434 est
1120 1372 1323 1445 continuatus,
1347 1381 1381 1434 ut
1407 1373 1540 1436 iularotu

185 1465 273 1527 vitrei
307 1464 390 1543 globi
421 1465 600 1526 retineretur
627 1463 726 1526 retina
753 1463 900 1537 distenta,
932 1462 1009 1524 collo
1035 1462 1100 1541 jam
1130 1462 1303 1540 angustiore
1336 1462 1429 1524 factov
1449 1481 1538 1541 quam

187 1563 301 1616 ventre.
349 1553 495 1632 Nuspiam
526 1571 633 1631 nempe
667 1552 786 1631 alligari
814 1551 913 1630 potuit
944 1551 982 1613 ob
1015 1550 1246 1612 teneritudinem
1273 1557 1305 1612 et
1336 1549 1537 1612 subtilitatem

186 1643 310 1722 spiritus
334 1641 455 1702 visorii:
481 1642 527 1704 cui
551 1642 643 1702 etiam
667 1640 766 1704 canali
791 1661 864 1721 opus
888 1640 945 1702 fuit
968 1639 998 1700 in
1021 1658 1113 1700 nervo
1137 1647 1244 1700 contra
1266 1637 1445 1718 reliquomm,
1468 1657 1539 1700 ner-

186 1750 290 1792 uorum
313 1739 462 1802 naturam,
487 1749 522 1791 ne
547 1729 749 1791 substantiam
773 1729 892 1809 quidem
915 1728 998 1790 nervi
1021 1727 1193 1790 sustinenti.
1240 1727 1320 1790 Nam
1344 1727 1446 1788 sinon
1471 1729 1539 1808 plus

186 1819 405 1899 hemisphaerio
430 1827 610 1898 occupasset
632 1820 739 1892 retina,
764 1818 917 1898 corrugari
941 1825 973 1880 et
996 1817 1035 1880 ad
1049 1817 1132 1880 nervi
1156 1833 1265 1878 nexum
1285 1814 1372 1878 facile
1387 1817 1539 1895 potuisset

185 1927 346 1971 recurrere.
393 1910 441 1968 Ac
465 1909 558 1970 etiam
580 1909 695 1972 hiatum
718 1927 843 1970 necesse
874 1907 940 1969 fuit
957 1906 1100 1985 compleri
1128 1905 1167 1966 ab
1194 1903 1414 1984 hemisphaerio
1444 1923 1537 1984 usque

187 1999 226 2060 ad
249 1997 370 2059 ciliares
392 2015 570 2076 processus:
595 1996 704 2058 luisset
725 1997 818 2076 igitur
840 1997 897 2057 hoc
920 2003 973 2058 aut
996 2015 1015 2055 a
1038 1993 1178 2056 ohoroide
1192 1994 1416 2073 praestandum,
1442 2003 1496 2056 aut
1520 2009 1539 2056 'a

186 2088 291 2148 vitreo.
339 2085 495 2147 Pulchrius
527 2085 651 2146 veroid
675 2086 738 2147 fieri
766 2085 916 2147 aretina.
963 2083 1025 2146 Sed
1056 2101 1152 2164 neque
1182 2101 1303 2146 cessare
1332 2082 1451 2147 videtur
1479 2083 1539 2146 iste

186 2175 295 2238 limbus
319 2195 338 2234 a
360 2173 481 2236 videndi
505 2174 665 2236 iunctione.
711 2172 858 2244 Quamvis
881 2193 911 2234 n.
936 2191 1077 2235 concrum
1104 2191 1158 2251 per
1185 2171 1391 2254 crystallinum
1424 2172 1537 2232 forma-

186 2274 283 2326 torum
306 2263 405 2326 nullus
428 2262 525 2342 ipsum
549 2263 721 2342 contingat:
745 2262 884 2324 videntur
907 2269 1008 2324 tamen
1032 2262 1062 2322 in
1086 2261 1142 2322 boc
1165 2260 1264 2341 ipsum
1284 2263 1430 2324 formatae
1444 2259 1539 2322 rimae

187 2353 331 2414 ciliarium
345 2369 547 2431 processuum,
573 2361 607 2414 ut
629 2352 680 2413 lux
703 2372 722 2414 a
745 2351 890 2413 lateribus
915 2351 1133 2430 quadamtenus
1156 2349 1362 2430 ingrederetur
1383 2367 1438 2428 per
1451 2349 1538 2412 cilia·

187 2461 234 2504 res
257 2459 417 2521 processus
441 2447 472 2502 et
495 2461 513 2502 a
536 2441 653 2502 retinas
676 2439 736 2501 isto
760 2440 850 2502 limbo
874 2439 1046 2500 abundante
1070 2439 1267 2518 exciperetur.
1309 2439 1429 2502 Etenim
1455 2447 1539 2501 reeta
1657 2457 1662 2468 ·
1780 2467 1783 2475 <

186 2531 223 2592 ab
248 2529 440 2600 extremitate
465 2547 590 2590 corneae
614 2547 668 2608 per
691 2529 859 2609 propiorem
889 2528 1011 2591 limbum
1041 2527 1196 2588 foraminis
1224 2544 1318 2588 uveae
1350 2527 1442 2588 ducta
1476 2528 1538 2590 iere

185 2619 289 2682 incidit
311 2619 342 2680 in
367 2617 591 2680 commissuram
616 2617 783 2699 crystallini
806 2635 872 2679 cum
896 2617 1049 2678 ciliaribus
1072 2615 1262 2695 processibus
1291 2633 1345 2695 per
1368 2617 1538 2694 oppositum

186 2708 340 2772 foraminis
364 2706 485 2769 limbum
509 2708 618 2780 ducta,
647 2707 747 2786 tangit
777 2706 839 2768 iere
870 2713 966 2768 ortum
990 2703 1135 2766 ciliarinm
1167 2721 1362 2782 processuum
1385 2722 1423 2764 ex
1450 2721 1537 2766 uvea.

185 2801 287 2879 Atque
312 2797 366 2857 hoc
381 2796 621 2858 machinamento
640 2795 759 2858 videtur
772 2803 881 2856 natura
899 2792 1074 2868 obtinuisse,
1098 2801 1133 2854 ut
1154 2793 1221 2871 plus
1239 2809 1330 2872 quam
1343 2791 1538 2871 hemisphae-

186 2887 261 2948 rium
293 2895 493 2948 cerneremus'
515 2885 645 2946 immotis
676 2884 786 2946 oculis:
820 2883 937 2947 omuino
965 2889 1110 2961 quantum
1142 2899 1196 2960 per
1222 2880 1337 2942 hircum
1368 2879 1539 2942 admittitur

186 2976 272 3038 oculo
295 2974 415 3036 minime
439 2975 562 3036 reflexo.
609 2974 719 3034 Parum
748 2973 885 3053 equidem
918 2971 1007 3032 abest
1034 2970 1103 3051 quin
1136 2969 1287 3032 auriculas
1314 2969 1412 3049 ipsas,
1445 2985 1536 3048 prae·

186 3064 290 3126 sertim
319 3063 345 3123 si
376 3062 526 3142 longiores
555 3062 680 3137 fuerint,
710 3062 818 3123 inmari
854 3059 954 3140 possis
990 3060 1077 3122 oculo
1113 3058 1220 3120 vicino.
1268 3057 1340 3120 Vidi
1378 3076 1469 3137 saepe
1504 3065 1538 3125 et

186 3153 312 3215 miratus
336 3169 401 3212 sum
425 3160 457 3212 et
480 3149 582 3212 Solem
606 3158 639 3212 et
662 3150 797 3212 umbram
819 3169 929 3225 meam,
957 3148 1043 3228 quasi
1075 3154 1200 3228 uterque
1232 3148 1262 3208 in
1285 3145 1438 3208 anteriora
1468 3163 1538 3207 ver-

185 3248 292 3322 gerent
315 3258 370 3302 uec
395 3248 625 3319 opponerentur.
670 3239 756 3300 Hanc
780 3239 949 3302 cautionem
977 3245 1086 3298 natura
1108 3235 1227 3298 videtur
1249 3237 1363 3298 tutelae
1386 3225 1539 3298 oculorum

186 3329 374 3402 adhibuisse,
399 3336 433 3390 ut
456 3347 532 3407 qnae
557 3348 576 3389 a
599 3347 720 3390 camera
743 3346 801 3388 non
826 3333 1044 3399 averterentur,
1071 3343 1130 3404 qua
1152 3331 1258 3406 patere
1280 3325 1365 3387 illam
1397 3321 1537 3404 oportuit,

184 3419 238 3482 illa
268 3417 501 3498 propinquantia
532 3416 637 3478 statim
667 3417 697 3478 in
728 3424 920 3495 conspectum
957 3414 1095 3476 venirent
1132 3431 1386 3494 quorsumcunque
1424 3413 1539 3474 intente

184 3508 280 3570 oculo.
326 3507 405 3569 Nam
429 3505 478 3585 qui
502 3513 599 3567 toturn
623 3505 733 3566 animal
757 3504 904 3566 custodit:
929 3503 998 3582 quin
1022 3520 1081 3564 uon
1104 3510 1137 3564 et
1159 3521 1228 3564 sese
1251 3503 1411 3582 diligenter
1434 3508 1538 3564 custo-

184 3597 251 3658 diat
273 3603 305 3656 et
328 3595 383 3656 hoo
408 3613 514 3656 munus
538 3593 583 3656 sui
607 3595 741 3672 corporis
765 3613 853 3654 curae
877 3590 1011 3654 tribuat?

274 3684 399 3745 Vitreus
421 3702 510 3762 porro
534 3682 705 3763 pelliculam
729 3682 867 3754 obtinuit,
893 3699 930 3742 ne
952 3678 1174 3741 humectatione
1199 3697 1321 3740 nervum
1344 3696 1398 3740 seu
1412 3675 1539 3738 retinam

185 3779 345 3834 enervaret
368 3780 399 3833 et
422 3774 600 3833 flaccescere
625 3771 759 3844 faceret;
793 3789 867 3831 neve
897 3768 1040 3830 anteriori
1068 3774 1156 3848 parte
1184 3785 1238 3847 per
1269 3767 1360 3828 rimas
1393 3763 1540 3826 ciliarium

184 3880 376 3942 processuum
399 3879 466 3921 cum
497 3877 592 3941 aqueo
620 3859 862 3920 confunderetur.
910 3857 1038 3919 Differre
1067 3856 1150 3917 illum
1179 3855 1312 3934 oportuit
1340 3853 1492 3916 densitate
1522 3873 1540 3913 a

185 3949 362 4033 crystallino
386 3950 519 4028 adeoque
544 3956 574 4009 et
598 3947 635 4008 ab
661 3965 756 4026 aqneo
780 3965 873 4008 causa
896 3943 1094 4008 retractionis.
1140 3943 1209 4006 Nisi
1233 3942 1312 4003 enim
1335 3941 1430 4004 rarior
1458 3949 1541 4003 esset

186 4038 373 4122 crystallino,
398 4057 457 4098 non
472 4037 685 4116 colligerentur
708 4035 785 4098 radii
808 4056 827 4096 a
849 4032 1145 4114 perpendicularibus
1169 4031 1231 4094 suis
1246 4030 1285 4092 ad
1300 4031 1367 4093 coni
1381 4029 1541 4110 cujuslibet

186 4147 281 4190 axem.
330 4125 446 4196 Quodsi
476 4134 508 4187 et
540 4124 660 4188 densior
697 4125 812 4186 vitreus
854 4142 964 4203 aqueo,
1000 4141 1058 4202 quo
1095 4119 1229 4195 densior,
1270 4121 1327 4182 hoc
1363 4119 1539 4199 profundius

187 4216 366 4278 descendere
389 4222 540 4294 poterunt,
565 4214 613 4294 qui
644 4233 699 4293 per
722 4212 842 4275 eiliares
866 4213 958 4274 rimas
982 4209 1189 4289 ingrediuntur
1218 4215 1251 4271 et
1278 4209 1422 4271 extremis
1454 4207 1538 4270 conis

187 4323 240 4384 per
262 4303 470 4384 crystallinum
495 4302 689 4364 conformatis
713 4299 1003 4382 appropinquabunt.

274 4391 477 4475 Crystallinus
497 4391 564 4470 jam
587 4391 749 4452 tuniculam
774 4398 822 4450 est
845 4396 967 4462 nactus,
992 4407 1038 4462 ne,
1064 4385 1163 4448 mollis
1187 4405 1254 4448 curn
1278 4385 1329 4462 sit,
1354 4403 1421 4446 cnm
1444 4401 1540 4464 aquea

189 4483 425 4545 confunderetur.
471 4481 571 4542 Minor
593 4487 693 4540 autem
717 4486 783 4551 est,
808 4497 897 4558 quani
921 4485 955 4538 ut
978 4477 1077 4538 latera
1099 4475 1214 4536 retinas
1238 4481 1396 4554 tangeret,
1426 4482 1460 4536 ut
1482 4472 1538 4536 hoc

189 4569 368 4634 diastemate
396 4569 472 4630 radii
503 4587 642 4630 concrum
673 4567 886 4646 colligerentur
914 4565 953 4626 ad
976 4572 1127 4644 puuctum.
1175 4561 1278 4632 Quare
1301 4571 1334 4624 et
1356 4561 1484 4624 stabiliri
1506 4571 1539 4624 et

188 4658 323 4722 connecti
349 4652 521 4720 nutrimenti
553 4675 646 4718 causa
679 4655 790 4730 debuit,
820 4673 874 4734 per
907 4653 1024 4716 ciliaras
1047 4669 1208 4731 processus
1230 4651 1364 4713 choroidi
1393 4667 1536 4712 annexus.

189 4745 246 4816 Qui
261 4747 338 4825 nigri
359 4751 430 4806 suut
451 4745 589 4824 undique,
614 4761 651 4804 ne
675 4745 817 4805 illustrati
841 4741 1011 4804 claritatem
1035 4742 1189 4803 facerent:
1213 4739 1351 4814 conferti,
1366 4746 1400 4800 ut
1417 4739 1539 4800 inferior

188 4835 276 4898 vitrei
299 4851 431 4906 camera,
455 4834 532 4915 quod
553 4851 611 4914 par
635 4833 698 4908 luit,
724 4832 849 4894 obscura
873 4837 955 4892 esset
978 4847 1071 4912 neque
1095 4827 1209 4888 vitreus
1232 4829 1402 4892 illustratus
1420 4826 1537 4908 species
