3566 5536
669 320 751 386 oque
768 319 870 372 xxvm
1375 321 1438 385 717

98 499 148 581 qui
174 506 323 564 naturas
352 517 385 560 se
415 499 535 562 condita
551 495 665 564 'utatur
692 501 838 564 ministra.
890 499 996 561 Nonne
1029 497 1151 562 infinitis
1183 498 1272 561 rebus
1305 499 1438 581 quotidie

99 587 317 679 evenientibus,
338 588 471 669 qualibet
494 610 532 653 ex
552 610 607 654 sna
624 611 716 654 causa
730 589 868 666 naturali,
890 591 972 651 locus
986 595 1088 650 tamen
1099 587 1306 668 providentiae
1321 591 1439 652 divinae

98 677 287 758 relinquitur,
311 696 376 740 cum
400 678 428 740 in
453 679 520 742 aliis
544 687 607 742 tnm
629 679 789 761 praecipue
812 679 842 741 in
860 677 1027 740 exercenda
1048 675 1180 740 vindicta
1198 669 1357 756 scelerum',
1381 699 1441 760 qua

100 767 246 843 allicitur,
279 773 313 830 ut
341 767 377 829 id
402 768 508 846 cadat,
542 768 619 851 quod
648 789 706 832 non
729 770 824 833 solum
848 765 1032 847 antegressis
1056 767 1085 829 iu
1108 774 1216 832 natura
1238 768 1353 843 causis,
1385 770 1441 832 sed

101 857 194 920 etiam
212 855 352 937 justitiae
376 855 494 920 divinae
509 857 551 920 sit
564 859 820 922 cousentaneum?
843 855 944 929 Quare
959 855 1108 919 horrenda
1122 849 1321 919 internecione
1340 857 1442 920 deleta

102 953 150 1008 est
172 967 190 1007 a
211 946 356 1008 Romanis
379 945 486 1025 politia
508 945 650 1024 Jndaioa,
680 949 799 1028 sepulta
821 948 891 1010 urbs
908 945 1145 1028 Hierosolyma?
1191 944 1225 1007 Si
1248 964 1285 1007 ex
1307 945 1440 1027 Josepbo

102 1035 172 1098 belli
193 1033 313 1111 ludaici
335 1034 481 1115 scriptore
504 1055 640 1117 quaeras,
664 1038 827 1118 respondet
848 1037 875 1099 is
897 1033 962 1110 tibi,
985 1033 1118 1097 Judaeos
1137 1033 1248 1097 invitos
1263 1056 1282 1096 a
1295 1034 1441 1097 Romanis

102 1130 270 1209 pertractos
294 1125 332 1186 ad
355 1125 474 1188 bellum.
521 1126 606 1190 Vera
627 1135 746 1202 narrat,
771 1126 799 1188 si
815 1132 944 1187 naturae
968 1125 1101 1186 ordinem
1122 1121 1260 1204 'spectes3
1289 1124 1443 1204 consurgit

102 1213 187 1294 hujus
210 1221 335 1287 eventus
358 1233 450 1276 causa
472 1215 589 1295 gemina
612 1216 700 1280 serie.
745 1211 825 1280 Nam
848 1220 993 1295 exparte
1016 1212 1218 1276 Rornanorum
1248 1221 1314 1275 erat
1342 1213 1439 1275 domi-

102 1311 190 1366 natus
219 1302 356 1379 licentia,
390 1303 527 1384 injuriae,
560 1305 733 1382 insultatio,
765 1305 905 1385 superbia
928 1301 1108 1377 Caesarum,
1138 1301 1251 1382 imperii
1280 1303 1443 1383 fastigium,

102 1411 166 1454 mos
190 1392 339 1473 antiquus,
363 1411 430 1456 cum
453 1393 520 1475 ipsa
542 1395 713 1475 gentilitate
737 1401 830 1470 ortus,
855 1391 1011 1456 deificandi
1033 1392 1179 1470 homines,
1202 1400 1337 1469 statuas,
1361 1412 1440 1469 aras,

102 1481 229 1562 templa,
263 1482 437 1545 sacerdotes
460 1482 634 1547 dedicandi:
664 1485 740 1547 adde
764 1501 912 1546 armornm
935 1481 1162 1556 conscientiam,
1187 1480 1300 1561 gloriae
1323 1479 1441 1562 cupidi-

103 1579 213 1645 tatem,
244 1589 356 1633 morem
377 1571 541 1651 pessimum
563 1572 729 1636 lacessendi
753 1572 893 1636 finitimos
916 1570 964 1632 vel
988 1571 1079 1632 etiam
1110 1569 1259 1646 subditos,
1294 1579 1327 1633 ut
1359 1579 1442 1634 esset

69 1675 73 1682 ·
101 1659 268 1740 legionibus
301 1679 357 1741 quo
390 1669 616 1738 exercerentur,
654 1661 881 1744 imperatoribus
911 1660 1040 1724 materia
1072 1659 1221 1741 triumphi.
1276 1660 1324 1722 Ex
1354 1666 1441 1741 parte

22 1789 27 1798 ·
99 1748 279 1814 Judaeorum
301 1757 366 1812 erat
385 1750 493 1813 fidncia
506 1750 563 1813 Dei
577 1751 675 1832 legum
695 1751 837 1824 auctoris,
860 1768 1018 1812 numerosa
1035 1767 1119 1830 gens,
1144 1749 1215 1812 urba
1233 1749 1441 1825 munitissima,

101 1839 243 1920 templum
265 1839 504 1915 sanctissimum,
534 1841 633 1921 gentis
656 1841 837 1922 antiquitas,
867 1838 1034 1920 pertinacia
1062 1838 1092 1901 in
1115 1838 1311 1900 defendendis
1333 1838 1441 1901 ritibus

105 1936 135 1990 et
159 1927 301 2008 religione
323 1929 442 2009 templi,
475 1929 618 1992 vaticinia
640 1938 745 1994 vetera
768 1937 798 1992 et
827 1947 921 2003 nova,
953 1927 1240 2009 pseudoprophetae.
1288 1926 1348 2000 Qui
1370 1927 1441 1989 dili-

102 2026 207 2099 genter
229 2024 354 2098 ntraque
377 2017 611 2082 consideraverit
640 2019 775 2101 interque
807 2039 840 2081 se
873 2017 1104 2098 comparaverit,
1138 2017 1295 2092 fatebitur,
1328 2011 1441 2078 usitato

101 2125 199 2170 rerum
223 2107 325 2170 ordine
349 2107 472 2184 iactum,
496 2117 530 2170 ut
543 2108 750 2193 Hierosolyma
773 2112 956 2170 everteretur
979 2105 1165 2169 aRomanis.
1202 2108 1248 2167 At
1262 2125 1331 2168 ecca
1344 2105 1442 2170 Deum

103 2195 248 2258 vindicem
271 2195 532 2261 innocentissimae
555 2199 637 2261 necis
662 2196 774 2262 Christi
797 2197 872 2274 Dei,
907 2197 1012 2259 mediis
1035 2196 1195 2258 immistum
1218 2214 1314 2258 rerum
1337 2195 1442 2274 singu-

7 2329 8 2368 3
100 2285 205 2349 larium
229 2285 337 2361 causis,
361 2295 516 2368 aptantem
539 2295 570 2350 et
592 2288 781 2350 collidentem
799 2293 969 2368 pugnantes
983 2286 1115 2366 gentium
1130 2303 1237 2358 mures,
1262 2303 1338 2364 quae
1353 2292 1444 2346 antea

99 2376 128 2439 si
151 2393 208 2438 non
231 2374 360 2455 quietae,
384 2376 486 2439 mitius
500 2384 600 2440 tamen
624 2377 789 2458 degebant:
814 2376 863 2457 qui
886 2383 918 2438 ut
940 2375 1016 2437 hanc
1031 2375 1193 2438 vindictam
1212 2373 1289 2436 citra
1303 2393 1444 2454 magnam

99 2464 281 2528 naturalium
304 2484 462 2528 cansarum
484 2466 683 2529 turbationem
707 2473 874 2538 exerceret,
910 2464 1109 2544 quadraginta
1132 2463 1206 2526 totis
1239 2462 1325 2524 annis
1353 2481 1443 2524 occa-

7 2603 8 2640 ,
100 2556 213 2617 sionem
236 2554 442 2635 exspectavit:
466 2563 497 2616 et
520 2573 556 2616 ne
581 2553 706 2617 fortuita
728 2554 896 2626 videretur,
929 2552 1055 2614 totidem
1077 2553 1163 2615 annis
1188 2559 1258 2614 ants
1280 2551 1440 2631 praedixit,

101 2663 133 2704 se
157 2642 214 2705 hoc
237 2643 324 2705 modo
348 2650 468 2722 gentem
491 2643 629 2705 ulturum.
666 2643 716 2705 Ad
741 2642 866 2704 eundem
889 2641 1008 2704 modum
1032 2649 1064 2702 et
1083 2641 1141 2716 hic,
1164 2649 1313 2722 utcunque
1336 2649 1445 2705 namra

101 2730 261 2812 protulerit
283 2731 339 2793 hoc
363 2731 454 2806 sidua,
481 2732 520 2793 ad
542 2732 639 2794 Deum
661 2740 761 2793 tamen
786 2730 828 2794 rei
852 2749 969 2792 summa
992 2729 1116 2810 denique
1140 2729 1226 2792 redit.

190 2817 368 2898 Quanquam
392 2819 462 2900 quid
485 2819 552 2882 istis
576 2819 700 2900 argutiis
719 2839 793 2902 opus
814 2820 881 2882 est?
905 2827 958 2882 aut
980 2819 1125 2900 quodnam
1142 2813 1299 2900 piaculum,
1325 2817 1444 2899 siquod

102 2916 210 2971 natura
234 2908 305 2970 lecit
327 2908 430 2984 Deum,
448 2909 555 2971 iecisse
580 2909 732 2972 dicamus?
776 2908 926 2989 Numquid
949 2909 1025 2970 hunc
1049 2926 1159 2971 morem
1189 2906 1327 2989 loquendi
1350 2906 1444 2969 docu-

102 3005 189 3060 erunt
211 3015 264 3059 noe
289 2995 387 3060 sancti
401 2997 459 3060 Dei
482 2999 590 3060 vates?
627 2997 705 3069 Quid
729 3005 776 3061 est
798 3017 896 3062 rerum
912 2996 1088 3060 naturalium
1108 3017 1161 3060 sen
1180 2997 1263 3058 coelo
1285 3015 1337 3058 seu
1353 3002 1443 3072 terra,

103 3086 181 3169 quod
205 3105 264 3149 non
288 3087 326 3148 ad
350 3086 448 3150 Deum
470 3087 565 3168 ipsum
588 3087 754 3150 referatur?
800 3085 926 3162 Samen,
959 3085 1073 3169 liquida
1103 3095 1135 3149 et
1166 3084 1235 3148 alba
1265 3085 1445 3157 substantia,

101 3183 261 3259 postquam
285 3175 390 3238 incidit
412 3176 443 3238 in
466 3187 595 3253 uterum,
625 3177 759 3258 ejusdem
783 3177 929 3240 facultate
952 3175 1137 3252 formatrice,
1168 3194 1255 3257 qnam
1279 3175 1445 3236 naturalem

101 3274 132 3328 et
155 3273 331 3347 perpetuam
353 3265 472 3337 scimus,
496 3267 685 3346 coagulatur:
711 3276 800 3349 atque
824 3267 868 3328 ita
891 3266 1017 3347 denique
1041 3265 1150 3329 animal
1173 3264 1325 3327 formatur.
1363 3261 1444 3344 Quid

101 3373 173 3418 vero
196 3354 315 3418 divinus
334 3354 430 3418 Jobus
453 3355 490 3418 de
511 3375 565 3418 suo
588 3356 674 3419 ortu?
714 3367 811 3422 Nonne
839 3365 910 3420 sicut
930 3366 975 3420 lao
996 3365 1113 3421 mulsisti
1132 3382 1174 3420 ma
1196 3371 1226 3419 at
1248 3363 1444 3419 sicatoaseum

101 3453 338 3528 mecaagnlaatil
383 3444 439 3507 Ait
462 3445 512 3507 ille
536 3463 593 3506 non
618 3445 656 3507 ad
679 3454 805 3508 matrem
828 3465 927 3518 suam,
959 3444 1013 3506 aed
1046 3445 1083 3506 ad
1105 3444 1201 3506 Deum
1234 3451 1265 3506 et
1296 3460 1379 3504 snum
1413 3449 1445 3504 et

102 3534 208 3595 matris
223 3541 253 3596 et
266 3533 357 3596 totins
372 3540 495 3596 naturae
511 3542 674 3598 auctorem.
710 3534 856 3599 Nimirum
874 3553 932 3597 non
947 3541 1051 3596 censet
1068 3533 1119 3595 ille
1138 3532 1280 3597 meruisse
1295 3538 1443 3604 naturam,

102 3631 136 3687 ut
159 3622 191 3684 in
213 3623 278 3702 ejus
301 3623 551 3706 contemplatione
574 3624 669 3687 multa
691 3643 756 3688 cum
780 3623 977 3688 admiratione
996 3630 1145 3686 versetur:
1161 3622 1222 3684 ¹sed
1241 3621 1323 3683 illum
1341 3619 1442 3700 potius

102 3711 235 3786 miratur,
261 3722 307 3794 qni
326 3722 398 3778 dixit
418 3730 448 3779 et
467 3725 544 3780 facta
564 3732 636 3791 snut,
659 3724 705 3799 qui
723 3713 865 3780 mundavit
882 3729 912 3778 et
932 3729 1028 3779 creata
1047 3729 1121 3778 sunt.

131 3837 134 3846 Δ
191 3800 234 3863 Ut
256 3801 347 3881 igitur
369 3802 417 3865 vel
440 3802 561 3866 mndem
583 3805 639 3868 hoc
661 3812 724 3866 tam
747 3803 867 3866 anxium
890 3821 1014 3864 examen
1038 3801 1207 3882 opinionum
1228 3797 1341 3872 liniam3
1372 3815 1438 3858 cum

100 3889 306 3970 conjecturam
328 3890 482 3973 physicam
506 3892 675 3974 theologica
697 3893 849 3955 sententia
872 3890 1060 3972 absorpserit
1080 3889 1194 3970 sibique
1222 3894 1317 3950 totam
1341 3885 1444 3967 acqui-

100 3979 221 4055 siverit,
245 3979 321 4042 duae
344 3979 428 4043 solae
451 3989 570 4043 restant
600 3981 763 4062 opiniones·
810 3982 876 4044 Aut
905 3981 984 4042 enim
1008 3979 1163 4042 dicendum
1186 3985 1249 4052 est,
1282 3977 1380 4038 locum
1412 3982 1443 4036 ot

99 4077 220 4151 tempus
243 4069 313 4130 novi
335 4069 443 4132 sideris
466 4089 532 4133 oum
554 4071 760 4151 conjunctione
779 4088 890 4150 magna
904 4069 1090 4149 planetarum
1105 4067 1216 4129 nullum
1236 4066 1346 4128 habere
1359 4082 1443 4126 com-

99 4158 259 4228 mercium,
282 4157 337 4221 sed
359 4157 482 4221 fortuito
506 4157 550 4233 (in
574 4157 673 4223 sobrio
698 4149 802 4234 sensu)
827 4158 977 4234 evenisse,
1002 4168 1035 4221 nt
1057 4165 1265 4219 concurrerent
1294 4154 1384 4216 stella
1413 4161 1445 4216 et

99 4249 289 4330 planetarum
313 4246 436 4328 copula,
464 4247 616 4329 quaelibet
647 4268 686 4310 ex
718 4268 772 4310 sua
804 4255 871 4310 orta
898 4267 999 4311 causa.
1045 4244 1117 4309 Aut·
1139 4245 1224 4327 quia,
1257 4261 1342 4326 quem
1372 4243 1443 4319 dixi,

98 4339 197 4402 locum
220 4337 250 4399 iu
277 4332 335 4400 18ο
357 4334 532 4417 Sagittarii,
562 4345 593 4399 et
621 4345 738 4421 tempus
769 4357 846 4399 anno
872 4332 966 4401 1604.
994 4333 1043 4400 10.
1069 4334 1209 4399 Octobris
1231 4333 1314 4396 nulla
1335 4331 1445 4394 verisi-

100 4425 266 4490 militudine
289 4425 533 4489 transscribimns
558 4445 667 4491 causae
690 4447 749 4490 nou
777 4426 947 4507 apparenti,
980 4445 1047 4490 cum
1068 4432 1191 4508 praesto
1223 4424 1264 4486 sit
1296 4440 1444 4503 apparens
1479 4430 1483 4438 '

100 4516 269 4598 conjunctio
291 4516 495 4598 planetarum,
521 4535 595 4599 quae
619 4535 653 4580 ae
676 4535 730 4600 pro
754 4535 846 4579 causa
869 4516 971 4578 offert:
994 4516 1150 4578 dicendum
1173 4515 1262 4595 igitur
1284 4512 1339 4574 boc
1363 4511 1443 4573 alte-

102 4624 181 4683 rum,
214 4606 292 4688 quod
315 4605 504 4669 securissime
528 4613 560 4668 et
582 4606 671 4686 plena
694 4603 800 4670 fidncia
829 4605 1008 4687 pronuncio:
1042 4603 1223 4667 associatum
1247 4621 1314 4665 esse
1337 4619 1444 4663 novum

102 4695 157 4758 hoc
180 4697 312 4759 coeleste
334 4694 502 4777 prodigium
526 4695 653 4777 abipso
686 4695 887 4777 omnipotente
911 4695 976 4758 Deo
1006 4694 1101 4757 tribus
1129 4693 1274 4775 planetis,
1302 4689 1442 4766 Saturno,

101 4783 170 4846 Jovi
193 4792 225 4848 et
246 4784 350 4862 Marti,
385 4792 456 4848 tnnc
479 4785 655 4868 conjunctis,
681 4795 764 4850 certo
787 4786 910 4849 consilio
935 4786 973 4848 ad
995 4784 1145 4848 bominum
1167 4784 1295 4864 salutem
1318 4781 1441 4844 directo.

102 4873 160 4938 Hic
182 4873 260 4938 enirn
281 4875 364 4940 Dens
387 4875 439 4938 ille
464 4884 520 4959 est,
545 4875 592 4938 cui
615 4877 687 4956 nihil
711 4877 741 4955 in
765 4875 873 4941 mundo
896 4893 991 4958 neque
1014 4893 1152 4959 magnum
1177 4891 1272 4957 neque
1296 4871 1442 4962 exiguum,
