3700 5530
336 287 404 354 270
828 283 1002 343 munim
1019 283 1081 342 Pru
1100 287 1199 354 Optlct.

339 466 433 547 Angli
454 465 646 548 philosophia
667 463 841 543 magnetica
854 465 964 538 disces,
987 465 1034 528 uui
1057 465 1146 544 plane
1170 465 1219 526 hic
1241 463 1408 528 subscribo.
1440 459 1483 527 Ει
1500 457 1576 528 scite
1590 457 1692 528 Phar-

338 555 407 619 naoi
429 555 609 618 Plutarchus
633 553 795 634 respondet
818 555 980 628 metuenti,
1014 571 1052 616 ne
1076 555 1102 616 si
1125 554 1212 616 Luna
1235 561 1334 616 terrea
1356 562 1440 616 esset
1469 554 1642 634 procideret
1662 554 1694 616 in

338 647 482 708 Terram:
517 651 601 716 Siout,
625 642 772 722 inquiens,
800 652 848 706 Sol
869 669 963 708 omues
991 658 1087 723 partes
1113 669 1150 706 ex
1176 651 1274 722 quibus
1302 657 1413 706 mactat
1433 655 1468 708 ad
1489 667 1519 708 se
1545 653 1692 717 convertit,

339 737 381 791 ita
400 742 430 790 ει
457 733 578 804 lapidem
598 731 685 786 Terra
714 731 766 786 sibl
797 734 1005 788 convenientem
1035 731 1143 803 accipit
1186 733 1264 795 Quod
1290 732 1313 785 ri
1341 735 1412 802 quod
1443 746 1541 804 eorpus
1565 741 1624 798 ert,
1657 735 1695 788 ab

337 815 415 872 initio
436 814 539 868 Terrae
560 827 615 866 uon
636 811 801 867 attributum
821 829 910 883 neque
932 815 968 866 ab
989 828 1025 866 ea
1045 813 1186 876 avulsum,
1213 813 1262 866 sed
1282 811 1416 882 peculiari
1437 819 1541 868 moure
1558 828 1610 884 pre
1631 829 1694 868 aare

337 899 483 950 conamus:
506 891 571 963 quid
590 892 727 960 probibet,
750 892 816 961 quin
836 893 950 946 seorsim
965 893 991 946 id
1011 892 1155 956 subsistat,
1178 891 1234 946 suis
1255 899 1426 962 compactum
1447 893 1565 964 propriis
1579 901 1610 948 ει
1630 911 1694 948 εοιι·

337 983 461 1038 strictum
482 979 609 1050 partibus
631 977 678 1033 dte.
731 968 773 1030 Et
796 970 894 1032 iufra:
925 980 1074 1034 Probabile
1100 987 1145 1034 est
1173 982 1317 1044 muudum,
1349 981 1482 1052 siquidem
1510 982 1614 1038 animat
1640 991 1693 1046 eat,

338 1062 431 1119 multis
452 1059 629 1130 inpartibus
650 1065 752 1112 terram
773 1060 885 1124 hahere,
907 1060 936 1114 iu
956 1061 1049 1115 multis
1064 1077 1173 1132 aquam,
1193 1060 1294 1131 ignem,
1316 1065 1419 1128 adrem,
1440 1079 1495 1118 uon
1514 1062 1695 1126 neooeaitate,

338 1145 386 1197 sed
405 1141 514 1196 ratione
535 1138 706 1209 disponente.
739 1139 809 1194 Nam
830 1157 919 1210 neque
940 1141 1035 1194 oculus
1056 1141 1172 1194 levitate
1194 1156 1245 1194 sua
1265 1140 1292 1194 in
1313 1149 1398 1212 caput
1418 1143 1582 1213 compulsus,
1605 1159 1695 1213 neque

338 1239 385 1278 eor
406 1237 458 1275 sua
477 1219 619 1292 gravitate
641 1217 669 1271 in
689 1225 788 1288 pectus
809 1221 953 1290 delapsum
973 1227 1035 1274 est:
1061 1222 1110 1274 sed
1130 1230 1275 1291 utrumque
1296 1219 1535 1290 incollocatum,
1558 1223 1624 1296 quia
1643 1221 1697 1276 hoc

338 1303 416 1357 modo
437 1307 500 1354 erat
520 1298 725 1355 conducibilius.
761 1297 804 1360 Et
826 1317 902 1378 quae
926 1299 1126 1380 pulcherrima
1148 1298 1209 1360 alia
1231 1307 1403 1378 sequuntur.

433 1384 522 1458 Quod
557 1394 657 1448 autem
691 1396 804 1448 certam
837 1387 982 1450 materias
1019 1387 1048 1448 iu
1078 1405 1201 1466 corpore
1234 1385 1315 1449 Solis
1348 1387 1548 1468 quantitatem
1577 1387 1696 1462 definio,

340 1476 539 1559 aequiparans
564 1494 632 1537 eam
655 1473 773 1536 residuo
797 1475 956 1549 materiae,
990 1495 1049 1556 qua
1076 1475 1236 1538 secundum
1270 1475 1402 1538 divinum
1424 1475 1530 1540 Mosen
1557 1475 1695 1538 extensio

339 1584 393 1628 εειι
417 1563 580 1627 insufflatio
605 1563 688 1624 facta
712 1570 760 1624 εει
783 1564 861 1625 iuter
885 1583 979 1644 aquae
1002 1571 1034 1625 et
1057 1583 1170 1644 aquas:
1196 1563 1226 1625 id
1249 1565 1368 1626 videtur
1391 1564 1435 1626 sic
1449 1566 1598 1646 requirere
1623 1583 1696 1644 pro·

337 1653 485 1736 portionis
510 1651 713 1714 concinnitas:
739 1660 772 1713 ut
795 1652 880 1732 cujus
904 1653 950 1713 ris
974 1651 1144 1714 universum
1166 1651 1241 1714 illud
1264 1652 1394 1732 spatium
1408 1671 1561 1732 permeare
1581 1651 1695 1726 debuit,

338 1743 417 1806 idem
441 1749 558 1804 tantum
574 1741 722 1819 receperit
744 1741 886 1820 corporis,
911 1749 1054 1822 quantum
1078 1742 1107 1802 iu
1123 1740 1262 1803 universo
1285 1741 1337 1803 illo
1361 1741 1460 1823 spatio
1474 1743 1565 1805 inest.
1590 1742 1696 1822 Neque

339 1839 437 1894 metus
462 1839 520 1902 est,
545 1837 579 1891 ut
600 1829 649 1890 vel
673 1829 729 1891 hoo
753 1839 817 1892 tam
847 1839 930 1893 arcte
963 1831 1141 1892 condensari
1170 1830 1218 1893 vel
1246 1829 1320 1892 illud
1349 1838 1411 1892 tam
1444 1833 1544 1912 ample
1573 1827 1697 1892 extendi

339 1921 405 1983 siue
429 1915 641 1980 commixtione
664 1919 749 1979 vacui
774 1939 832 1980 non
855 1920 996 1997 potuerit.
1045 1915 1124 1989 Quid
1149 1918 1226 1981 euim
1256 1919 1335 1980 inter
1364 1928 1499 1982 extrema
1531 1920 1607 1980 haec
1639 1935 1696 1980 nou

341 2007 476 2083 intersit,
511 2007 537 2068 si
560 2007 638 2067 iuter
661 2026 770 2087 aquam
802 2015 834 2068 et
857 2014 970 2082 adrem,
1002 2005 1181 2069 intermedia
1210 2015 1240 2070 et
1273 2006 1329 2068 sibi
1358 2007 1486 2070 invicem
1509 2008 1599 2069 valde
1622 2025 1696 2088 pro-

340 2099 461 2179 pinqua,
486 2104 574 2158 tauta
596 2094 717 2156 intersit
739 2095 903 2176 proportio,
927 2103 961 2156 ut
984 2115 1078 2176 aquae
1103 2103 1190 2176 gutta
1212 2102 1330 2157 tantum
1354 2098 1572 2176 complectatur
1597 2103 1697 2157 mate-

338 2188 412 2261 riae,
438 2195 580 2265 quantum
604 2190 652 2245 est
674 2183 703 2244 iu
728 2183 804 2245 satis
830 2185 930 2264 ampla
953 2203 1073 2247 caruere
1095 2183 1184 2260 aeris,
1209 2185 1288 2265 quod
1311 2201 1402 2264 supra
1425 2204 1451 2246 c.
1469 2185 1524 2248 lV.
1549 2183 1697 2266 probavi-

337 2293 404 2338 mus
427 2293 456 2336 ιι.
482 2272 512 2337 6.
537 2291 622 2352 prop.
652 2269 700 2335 10.

428 2363 516 2425 Hauc
539 2379 627 2441 porro
651 2360 808 2422 materiam
832 2362 965 2440 corporis
988 2359 1119 2428 Solaria.
1153 2359 1223 2441 quia
1246 2359 1497 2440 simplicissimam
1526 2379 1595 2422 esse
1618 2378 1693 2422 con-

342 2453 425 2516 venit
448 2459 480 2512 et
503 2450 630 2512 maxime
656 2469 760 2525 unam,
796 2469 904 2511 vacare
928 2468 1051 2511 necesse
1074 2459 1123 2511 est
1146 2448 1261 2510 duabus
1285 2449 1372 2529 opaci
1404 2447 1588 2526 notionibus,
1619 2469 1695 2531 qnae

341 2561 399 2604 vox
422 2541 498 2602 haec
521 2555 613 2620 supra
636 2558 701 2619 cap.
726 2541 751 2601 Ι.
776 2557 860 2618 prop.
888 2538 937 2600 17.
961 2546 1052 2599 nacta
1075 2545 1133 2600 cst.
1167 2539 1271 2620 Neque
1292 2538 1369 2600 enim
1385 2537 1555 2618 superficies
1571 2537 1698 2599 babebit

340 2631 421 2692 intra
444 2647 478 2690 se
501 2628 630 2702 multas,
660 2647 717 2708 quo
742 2628 859 2690 nomine
884 2627 1010 2706 simplex
1033 2645 1091 2687 nou
1114 2633 1205 2701 esset,
1232 2645 1326 2706 nequa
1350 2627 1489 2690 colorem.
1526 2627 1607 2689 Nam
1631 2645 1699 2688 eum

310 2793 314 2802 ,
341 2717 459 2782 definivi
474 2737 565 2800 supra
587 2735 652 2795 cap.
668 2718 692 2780 I.
717 2735 802 2798 prop.
826 2715 874 2781 15.
891 2717 985 2778 lucem
1001 2715 1029 2776 in
1049 2715 1199 2794 potentia:
1225 2713 1289 2776 Soli
1304 2734 1374 2776 vero
1396 2733 1493 2777 merus
1517 2725 1605 2778 actus
1625 2715 1699 2778 locis

342 2807 494 2891 competit.
540 2805 581 2867 Et
603 2825 658 2885 per
681 2823 713 2867 se
737 2801 872 2868 colorata
895 2804 1097 2888 impuritatem
1131 2816 1260 2883 arguunt
1289 2803 1448 2878 materiae,
1482 2801 1564 2866 Solis
1587 2823 1696 2885 corpus

342 2897 534 2980 purissimum
557 2911 624 2955 esse
649 2913 774 2976 aequum
799 2900 856 2956 est.
903 2891 1004 2965 Quare
1028 2912 1086 2954 nou
1111 2891 1252 2954 obstante
1285 2911 1400 2954 summa
1424 2891 1588 2968 densitate,
1615 2891 1697 2956 Solis

342 3003 450 3066 corpus
468 2983 648 3064 pellucidum
662 2984 852 3046 nihilominus
872 2977 979 3056 erit.*)
1006 2981 1111 3062 ltaque
1126 2999 1179 3062 per·
1196 2979 1246 3042 li.
1261 2981 1348 3062 primi
1363 2979 1471 3061 capitis
1487 2983 1581 3044 fluore
1596 2981 1696 3064 aliquo

344 3073 541 3136 constitutum
571 3091 638 3132 esse
672 3079 704 3134 et
732 3072 858 3154 denique
892 3091 929 3133 ex
962 3088 1040 3151 aqua
1066 3069 1096 3131 in
1125 3087 1269 3132 summum
1298 3071 1422 3150 gradrnu
1455 3071 1644 3132 condensata
1667 3077 1697 3132 et

344 3164 501 3242 depurata,
527 3160 604 3242 quod
629 3169 661 3222 et
683 3160 826 3223 divinitus
850 3161 974 3222 edoctus
998 3161 1100 3220 Moses
1123 3157 1228 3235 innuit,
1251 3159 1399 3240 prodiisse
1423 3177 1547 3222 necesse
1571 3169 1628 3223 est.

431 3253 562 3316 Rursum
593 3248 662 3328 quia
690 3249 770 3312 Solis
803 3249 935 3312 officium
967 3249 997 3310 iu
1027 3247 1134 3310 mundo
1169 3249 1299 3310 omnium
1334 3249 1521 3311 confessione
1551 3249 1609 3310 hoc
1639 3255 1697 3322 est,

344 3339 422 3420 quod
450 3337 549 3399 cordis
582 3338 611 3397 in
640 3338 759 3398 animali
794 3340 876 3412 (nam
906 3346 937 3398 et
968 3337 1158 3416 planetarum
1188 3345 1286 3398 motus
1315 3356 1353 3398 ex
1377 3335 1449 3400 Sole
1473 3337 1645 3418 dispensari
1667 3337 1696 3398 iu

342 3437 430 3509 parte
454 3426 656 3488 astronomiae
676 3426 801 3508 physica
817 3426 977 3507 probabo),
1003 3433 1035 3487 ut
1058 3425 1152 3486 vitam
1176 3425 1292 3486 scilicet
1306 3425 1373 3486 huic
1394 3425 1575 3506 aspectabili
1588 3425 1698 3487 mundo

344 3517 517 3597 dispenset:
548 3513 676 3574 anirnam
701 3533 815 3596 quoque
839 3515 918 3576 tanti
941 3513 1072 3576 ruuneris
1088 3513 1306 3586 administram,
1331 3533 1384 3576 seu
1408 3515 1494 3576 malis
1519 3515 1698 3576 facultatem

344 3605 469 3666 vitalem
492 3604 521 3666 in
546 3621 670 3681 corporo
694 3601 775 3665 Solis
800 3603 898 3665 inesse
922 3621 1046 3664 necesse
1070 3610 1128 3664 est.
1174 3601 1222 3662 Ex
1245 3603 1332 3683 hujus
1356 3601 1448 3682 igitur
1477 3603 1697 3665 inhabitatione

343 3697 372 3758 in
401 3699 524 3774 corpote
554 3691 734 3753 densissimo
763 3702 796 3753 et
821 3693 980 3772 purissimo
1013 3691 1135 3771 ejusque
1169 3691 1381 3770 potentissima
1411 3690 1613 3754 vivificatione
1647 3709 1698 3752 seo

346 3781 570 3854 informatione,
604 3779 733 3842 victoria
762 3799 867 3859 nempe
891 3782 1009 3842 animae
1034 3787 1066 3840 et
1089 3779 1299 3859 subjugatione
1322 3779 1606 3842 contumacissimae
1631 3799 1698 3842 ma-

344 3871 454 3946 teriae,
487 3871 583 3932 lucem
614 3870 763 3930 resultare
793 3878 1026 3931 consentaneum
1060 3875 1121 3943 est,
1156 3867 1300 3930 incertum
1331 3888 1391 3948 qua
1420 3869 1551 3941 ratione,
1583 3877 1699 3931 certum

344 3970 445 4023 tamen
471 3958 618 4037 exemplis
640 3959 800 4021 multarum
815 3977 912 4020 rerum
928 3956 1140 4019 sublunariurn.
1172 3955 1229 4018 Dic
1253 3957 1330 4018 euim
1354 3957 1488 4038 physice,
1512 3959 1562 4020 ubi
1587 3957 1699 4021 videris

344 4049 491 4111 orientem
515 4047 666 4109 flammam
690 4047 754 4107 sine
779 4046 887 4121 calore,
914 4045 962 4127 qui
987 4054 1035 4106 est
1057 4045 1106 4106 vel
1129 4061 1168 4106 ex
1190 4045 1315 4107 animali
1330 4045 1475 4107 facultate
1498 4047 1546 4107 val
1571 4047 1642 4108 olim
1661 4047 1698 4108 ab

345 4157 382 4199 ea
404 4136 604 4218 progenitos?
627 4135 684 4196 Dic
702 4143 872 4213 praeterea,
898 4153 986 4214 quam
1010 4132 1166 4194 materiam
1191 4133 1303 4196 videris
1326 4133 1514 4209 inflammari,
1539 4153 1617 4215 quae
1641 4151 1699 4196 nou

344 4227 385 4290 sit
414 4245 469 4306 per
502 4223 661 4286 animalem
695 4223 825 4302 aliquam
854 4223 1030 4284 facultatem
1064 4223 1092 4284 iu
1121 4223 1186 4302 ejus
1215 4222 1336 4303 proprio
1362 4241 1485 4304 corpore
1514 4223 1638 4303 genita?
1666 4231 1701 4284 ut

343 4316 420 4390 olea,
445 4313 563 4376 resinae
588 4312 640 4372 dno.
676 4311 723 4372 De
746 4311 951 4374 subterraneis
975 4331 1011 4373 ne
1034 4309 1104 4391 quid
1137 4310 1315 4391 suspiceris.
1343 4311 1397 4374 illa
1428 4319 1500 4374 suut
1526 4331 1602 4392 opus
1631 4311 1699 4376 aui·

343 4403 432 4466 malis
454 4402 484 4463 in
507 4401 597 4481 globo
621 4400 733 4462 Terrae
756 4400 928 4474 facultatis,
962 4399 1152 4462 metallorum
1175 4408 1207 4460 ει
1230 4399 1387 4462 fluviorum
1420 4419 1457 4462 ex
1480 4419 1560 4482 aqua
1583 4401 1700 4466 marina

432 4573 460 4646 ⁸)
481 4578 651 4632 Pollucidum
672 4592 770 4648 corpus
791 4576 863 4631 Solis
884 4582 978 4630 statuo
999 4575 1051 4629 soli
1072 4591 1140 4630 suae
1160 4577 1290 4646 propriae
1311 4577 1375 4642 luoi,
1396 4593 1452 4632 non
1471 4578 1588 4634 alienis:
1610 4599 1700 4654 neque

344 4657 517 4727 perspicuum
537 4658 598 4712 ideo
618 4658 680 4712 erit.
722 4657 793 4712 llam
813 4672 903 4726 neque
928 4670 1033 4710 somma
1059 4655 1183 4712 densitas
1204 4657 1292 4712 ιὶιιιιιι
1316 4657 1487 4714 amouisset
1507 4654 1573 4727 (aut
1592 4663 1701 4717 colores

345 4748 435 4790 rerum
456 4739 490 4790 ad
510 4732 612 4804 visum)
634 4752 722 4806 neque
743 4735 847 4791 exiruis
866 4736 916 4790 lux
937 4735 1026 4788 locum
1041 4734 1068 4789 iu
1089 4737 1169 4790 noulo
1189 4735 1327 4806 relinquet
1339 4739 1422 4792 rebus
1443 4739 1544 4794 cetaria
1565 4740 1699 4806 videndis,

345 4829 416 4884 quiae
437 4823 501 4870 sunt
519 4824 586 4883 post
604 4818 697 4870 orbem
717 4816 798 4871 Solia.
