3672 5528
763 312 906 384 0111111.
926 319 950 368 l.
1113 265 1118 276 *
1474 307 1535 390 177

180 492 312 556 contulit.
358 493 573 556 Rothmannus
603 503 726 574 arrepta
753 495 1058 574 111111111111111
1087 497 1210 577 negavit
1241 499 1332 561 ullum
1362 519 1429 562 esse
1454 502 1535 564 aeris

182 591 212 644 11
233 583 367 644 aetheris
391 583 567 658 discrimen,
592 585 669 664 quod
693 585 775 645 nulla
798 584 955 663 contingat
977 584 1135 660 retractio,
1161 605 1236 665 quae
1261 588 1379 666 quidem
1403 590 1432 650 in
1457 591 1548 664 hanc,

182 689 299 732 causam
324 672 458 733 conferri
481 680 596 753 posset.
635 671 788 752 Sphaeras
810 673 889 733 euim
912 673 1022 733 circulo
1047 674 1202 749 committi,
1228 675 1374 754 siquidem
1399 678 1536 740 diversae

183 761 259 821 sint:
284 759 486 822 retractiones
501 779 569 833 non,
596 762 637 821 nti
657 779 712 839 par·
727 770 802 836 erat,
827 778 1012 839 peromnem
1033 762 1136 823 circuli
1161 763 1314 838 ambitum,
1340 765 1395 826 sed
1419 772 1536 828 tantum
1569 791 1573 804 ·

181 867 270 928 prope
295 849 485 910 horizontem
509 849 691 928 contingere.
730 849 808 909 Esse
827 867 898 928 ergo
923 849 1120 912 retractiones
1134 869 1193 912 non
1209 852 1247 911 ab
1263 851 1318 912 hoc
1342 853 1537 932 sphaerarum

184 936 374 1004 discrimine,
408 937 463 998 sed
488 957 506 997 a
533 956 626 1000 cansa
657 937 824 1012 humiliori,
859 955 935 1016 quae
964 938 1070 1016 viginti
1103 939 1247 1017 graduum
1282 941 1480 1002 altitudinem·
1497 943 1535 1004 ab

184 1025 337 1086 horizonte
361 1043 418 1085 non
446 1033 576 1103 superet.
615 1027 742 1104 Adjuvit
761 1025 963 1105 inquisitionis
987 1028 1225 1104 crepusculurnm
1249 1029 1338 1102 ratic,
1363 1047 1438 1109 quae
1455 1029 1537 1091 Solis

184 1114 353 1174 occubitum
377 1132 471 1192 usque
495 1115 533 1174 ad
561 1111 619 1176 111(Ι
637 1123 668 1175 11
693 1110 753 1175 24⁰
775 1114 1010 1193 profunditatem
1035 1114 1224 1177 comitantur.
1272 1114 1430 1179 Conclusit
1453 1135 1534 1196 ergo,

184 1201 313 1286 infringi
327 1203 485 1263 stellarum
508 1193 858 1276 111111111111111111,
884 1221 959 1281 quae
980 1204 1163 1282 crepusculis
1186 1203 1312 1283 praebet
1337 1205 1535 1281 occasionem,

183 1309 268 1370 quam
289 1299 356 1352 arte
376 1289 560 1369 geometrica
584 1291 792 1354 demonstrant
814 1291 931 1372 physici
951 1310 1008 1352 nou
1029 1310 1171 1370 superare
1191 1293 1345 1354 duodecim
1367 1293 1535 1356 milliarium

185 1377 432 1440 Germanicorum
456 1379 655 1441 altitudinem.

268 1467 338 1529 Nou
363 1465 461 1528 defuit
491 1487 601 1529 causae
626 1487 698 1530 suae
722 1467 844 1548 Tycho;
878 1467 1004 1546 primum
1027 1466 1122 1542 cavit,
1157 1467 1215 1530 sibi
1243 1487 1358 1550 quoque
1387 1469 1537 1549 geminam

183 1555 275 1616 videri
299 1573 422 1618 cansam
445 1556 677 1618 refractionum:
702 1557 830 1634 primam
854 1577 872 1616 a
896 1555 1065 1617 discrimine
1094 1557 1258 1620 mediorum
1281 1557 1360 1620 adria
1389 1558 1536 1620 densioris

184 1653 213 1705 et
236 1644 370 1705 aetheris
395 1643 534 1718 rarioris;
559 1644 702 1719 alteram,
728 1662 803 1725 quae
828 1645 1023 1705 retractiones
1045 1663 1139 1725 prope
1167 1645 1350 1707 horizontem
1375 1653 1534 1726 tantopere
1635 1675 1660 1730 r

184 1732 378 1812 praecipitet,
411 1731 543 1794 residere
560 1734 645 1795 'saue
669 1733 699 1796 in
723 1731 885 1810 vaporibus
913 1731 993 1793 circa
1025 1733 1220 1795 horizontem.
1268 1734 1373 1814 Neque
1398 1735 1535 1796 sufficere
1564 1776 1567 1780 -

184 1823 220 1882 ad
243 1821 418 1882 discrimina
437 1820 515 1882 atris
535 1831 566 1882 et
590 1821 722 1883 aetheris
746 1821 965 1894 confundenda,
989 1828 1022 1882 ut
1046 1821 1276 1896 demonstretur,
1301 1823 1398 1883 nullas
1418 1823 1534 1886 retrac—
1596 1891 1600 1897 ,

184 1911 280 1971 tiones
304 1909 457 1970 radiorum
472 1910 535 1971 fieri
550 1929 643 1988 prope
663 1909 815 1984 verticem,
841 1907 916 1989 quae
932 1909 1051 1989 quidem
1075 1911 1229 1971 incurrant
1244 1911 1273 1970 in
1293 1929 1419 1972 sensus:
1444 1930 1535 1991 posse

185 1999 262 2060 enirn
297 2011 365 2059 esse
399 1998 517 2077 aliquas
541 1999 594 2059 sed
628 1998 837 2067 insensibiles,
871 2017 946 2077 quae
970 2005 1002 2058 et
1028 1999 1059 2059 in
1091 1999 1157 2078 ipso
1190 1999 1344 2061 horizonte
1375 2000 1536 2062 admodum

181 2105 292 2165 parvae
317 2085 380 2147 siut
408 2083 540 2155 futurae,
575 2086 632 2148 nisi
665 2087 846 2166 adjuventur
869 2086 930 2148 alia
953 2105 1056 2147 cansa.
1103 2087 1216 2166 Augeri
1245 2105 1316 2152 vern
1346 2087 1445 2150 subito
1470 2107 1537 2150 cnm

184 2174 333 2236 horizonti
365 2175 568 2254 propinquant
598 2175 714 2248 sidera,
747 2174 785 2236 ob
814 2193 961 2255 vapores,
996 2193 1070 2254 qnos
1105 2192 1198 2254 penes
1231 2175 1272 2238 sit
1303 2176 1392 2255 hujus
1425 2195 1536 2238 causae

181 2263 377 2343 principatus.
424 2263 484 2324 Vel
508 2263 585 2325 enirn
610 2282 647 2324 ex
671 2263 809 2343 seipse,
835 2263 914 2344 quod
937 2263 1147 2324 Rothmannus
1176 2271 1345 2336 monuerat,
1374 2281 1530 2344 apparere,

184 2353 344 2413 transitum
368 2350 462 2412 radiis
491 2352 728 2414 occumbentium
756 2353 886 2413 siderum
909 2370 963 2430 per
990 2357 1089 2413 aerem
1117 2348 1156 2413 12
1181 2351 1322 2413 milliaria
1349 2352 1444 2414 altum
1467 2372 1536 2414 esse

181 2440 320 2520 sextuplo
351 2439 515 2518 longiorem
540 2460 591 2515 ec,
622 2440 671 2520 qui
695 2435 744 2501 est
771 2439 919 2502 sideribus
943 2439 974 2501 iu
1003 2439 1162 2501 altitudine
1187 2435 1257 2502 30⁰.
1304 2441 1354 2502 Ita
1381 2439 1437 2502 huc
1460 2460 1536 2503 cen·

182 2528 291 2602 cessit,
328 2529 366 2588 ad
401 2528 568 2590 metiendos
601 2529 728 2609 angulos
766 2529 979 2590 refractionum
1019 2546 1194 2589 concurrere
1231 2528 1466 2608 profunditatem
1505 2538 1537 2590 et

182 2615 473 2695 conduplicationem
507 2635 648 2695 vaporum
672 2635 710 2677 ex
738 2616 858 2697 obliquo
891 2615 1040 2677 sideribus
1072 2615 1270 2696 objectorum,
1302 2616 1379 2695 quod
1403 2617 1433 2678 in
1457 2617 1535 2678 Pro-

181 2705 401 2785 gymnasmatis
436 2705 488 2766 111.
519 2701 654 2786 9195.
690 2705 816 2784 repetit,
851 2705 957 2766 addita
989 2713 1088 2764 tamen
1123 2703 1326 2777 correctione;
1360 2704 1409 2766 ubi
1443 2705 1536 2766 etiam

181 2793 349 2868 existimat,
386 2792 479 2853 nimia
507 2793 581 2855 coeli
615 2793 763 2855 distantia
794 2793 955 2854 minutulas
988 2793 1185 2854 retractiones
1218 2793 1354 2870 aspectui
1387 2793 1535 2865 subtrahi,

181 2883 259 2962 quod
283 2903 303 2942 a
326 2881 540 2944 refractionum
573 2882 694 2961 negotio
726 2883 815 2960 paulo
844 2890 893 2942 est
921 2880 1057 2942 alienius.
1104 2881 1314 2941 Rothmannus
1342 2890 1461 2956 contra,
1495 2900 1534 2942 ne

183 2989 312 3049 vapores
345 2969 463 3049 quidem
488 2963 545 3030 hoc
571 2971 659 3031 ruodo
690 2970 919 3031 reductionibus
943 2969 1004 3030 tueri
1030 2987 1161 3030 oausam.
1207 2967 1387 3042 Esseenim
1411 2969 1439 3030 in
1463 2987 1535 3048 per·

181 3059 343 3138 pendiculo
379 3055 418 3120 12
450 3058 621 3120 milliarium
653 3058 877 3137 profunditate,
911 3059 940 3118 in
971 3057 1124 3142 horizonte
1149 3075 1186 3118 ex
1219 3058 1314 3119 latere
1352 3056 1536 3136 duodeouplo

184 3147 410 3226 profundiores,
441 3145 472 3207 in
501 3146 658 3208 altitudine
684 3143 745 3208 30⁰
776 3147 924 3224 sextuplo.
971 3146 1115 3208 Futurum
1148 3144 1253 3224 igitur,
1284 3154 1317 3206 ut
1346 3146 1537 3208 retractionis

183 3237 312 3314 angulus
336 3236 366 3297 in
391 3235 550 3296 altitudine
575 3232 636 3298 30⁰
658 3234 826 3298 etiamnum*
845 3243 934 3294 sexta
956 3253 1028 3314 pars
1052 3235 1093 3295 sit
1114 3234 1311 3296 horizontalis
1334 3235 1535 3308 retractionis,

181 3325 259 3404 quod
283 3323 333 3385 vel
367 3323 432 3403 ipse
461 3323 563 3404 Tycho
594 3325 730 3398 damnet,
764 3323 814 3403 qui
846 3324 901 3384 hos
935 3323 1061 3400 angulos
1094 3323 1183 3384 aliter
1213 3323 1251 3385 ab
1285 3323 1472 3402 experientia
1496 3323 1537 3384 sit

181 3413 354 3474 1111111111
380 3413 515 3491 adeoque
535 3412 650 3492 aliquas
670 3413 867 3474 retractiones
886 3429 978 3490 prope
1000 3413 1096 3489 ipsum
1116 3412 1207 3472 etiam
1221 3411 1364 3473 verticem
1383 3420 1535 3474 venturae.

180 3501 287 3580 Itaque
313 3500 350 3561 de
375 3520 430 3562 sua
454 3500 719 3563 sententia'aliurn
743 3500 870 3561 tradidit
892 3500 1020 3574 modum,
1047 3499 1095 3580 qui
1119 3519 1247 3580 vapores
1271 3519 1393 3562 causam
1417 3508 1537 3561 statuat

179 3588 435 3663 retractionibus;
469 3597 581 3650 certum
600 3608 674 3651 -csse
698 3590 827 3669 spatium
857 3588 987 3649 siderum
1010 3587 1116 3663 radiis,
1150 3589 1228 3668 quod
1252 3589 1459 3667 imperturbati
1483 3606 1537 3669 per

178 3695 311 3756 vapores
337 3677 468 3740 transire
491 3679 628 3756 possint:
652 3679 753 3757 itaque
778 3677 803 3738 si
827 3695 914 3757 quem
937 3676 967 3736 iu
992 3677 1088 3737 locum
1112 3676 1278 3756 superficiei
1293 3676 1442 3737 Terrenae
1464 3693 1536 3753 per-

179 3761 305 3828 veniant
329 3765 459 3827 breviori
481 3784 536 3844 per
558 3784 685 3846 vapores
708 3765 825 3844 itinere,
850 3784 937 3845 quam
957 3772 1006 3826 est
1020 3765 1076 3826 hoc
1092 3766 1231 3846 spatium,
1255 3763 1379 3842 refringi
1403 3763 1534 3825 minime.

180 3852 252 3926 Qua
274 3873 347 3916 vero
372 3853 511 3924 1111111
541 3855 689 3926 transitus
718 3854 847 3932 spatium
880 3852 1074 3914 constitutum
1108 3861 1245 3931 superet,
1279 3852 1398 3912 omnino
1427 3851 1533 3929 frangi.

178 3941 247 4006 1111
279 3951 372 4024 pacto
405 3941 541 4021 speravit
565 3961 597 4002 se
630 3943 751 4022 negotio
784 3940 982 4004 satisfecisse.
1030 3940 1129 4002 Multa
1161 3958 1214 4019 prc
1243 3947 1275 4000 et
1306 3947 1412 4000 contra
1444 3938 1536 4008 diota,

180 4031 350 4111 disputatio
374 4031 451 4092 adeo
480 4030 615 4092 involuta
639 4040 699 4103 est,
725 4039 759 4092 nt
781 4049 828 4092 me
852 4030 904 4091 vix
933 4029 1100 4108 expediam.
1148 4027 1216 4098 Qua
1238 4027 1268 4086 in
1292 4027 1443 4088 sententia
1464 4035 1544 4105 post·

180 4119 258 4181 hanc
290 4139 359 4181 cum
382 4118 577 4180 Rothmanno
610 4119 855 4182 dissertationem
878 4117 980 4200 Tycho
1013 4117 1173 4186 manserit,
1208 4115 1301 4176 habes
1333 4115 1362 4175 in
1393 4114 1534 4193 Progym.

180 4217 262 4288 tomo
286 4209 383 4288 primo
409 4207 460 4268 tol.
477 4203 530 4270 92.
578 4205 734 4278 Ceterum,
766 4207 844 4288 quod
868 4207 946 4267 inter
968 4205 1116 4285 principia
1138 4222 1234 4267 rerum
1259 4202 1535 4264 constituendarum
1566 4213 1572 4220 ’

180 4295 243 4359 heri
265 4299 356 4367 solet,
381 4295 502 4376 utrique
526 4315 604 4376 aqua
631 4297 741 4357 haesit.
787 4296 866 4357 Nam
891 4296 917 4356 ei
941 4293 1100 4373 genuinam
1127 4292 1340 4354 refractionum
1368 4307 1535 4352 mensuram

180 4385 410 4459 adhibuissent,
445 4401 540 4464 neque
564 4384 696 4466 'l'ychoni
725 4402 800 4464 opus
834 4383 942 4444 fuisset
974 4381 1107 4460 allegare
1140 4381 1289 4460 geminam
1322 4377 1536 4440 refractionum

181 4493 314 4549 cansam,
346 4473 507 4554 geminata
530 4471 650 4554 inquam
675 4491 813 4552 corpora,
840 4473 969 4532 alterum
993 4469 1087 4543 atris,
1112 4471 1239 4532 alterum
1263 4485 1415 4546 vaporum,
1440 4484 1536 4546 neque

179 4559 395 4626 Rothmannus
429 4568 576 4639 negasset
612 4560 785 4623 insensibile
822 4559 974 4640 quippiam
1008 4559 1134 4638 refringi
1168 4560 1263 4618 lucem
1302 4555 1394 4616 etiam
1431 4573 1536 4616 versus

180 4652 331 4730 uerticem.
388 4649 529 4728 Denique
566 4649 776 4729 apparuisset,
815 4647 1001 4728 superficiem
1035 4665 1111 4725 quae
1152 4644 1265 4722 frangit
1302 4642 1404 4705 radios
1441 4661 1536 4722 neque

178 4759 322 4821 vaporum
338 4757 411 4803 esse
437 4746 550 4800 temere
573 4738 775 4800 oberrantium
790 4755 886 4816 neque
909 4734 1043 4813 corporis
1067 4733 1193 4811 alicujus
1218 4731 1354 4793 sublimia
1378 4731 1416 4792 ad
1431 4733 1536 4793 Lunae

174 4831 311 4906 confinia,
339 4828 397 4892 sed
423 4826 615 4906 1111111111
640 4827 716 4905 ejus,
741 4825 770 4887 in
796 4821 1248 4905 11111111111111111111111
1274 4839 1340 4880 eum
1365 4821 1393 4881 iu
1419 4821 1536 4882 turudum

227 4935 315 5004 repnte
329 4935 415 4986 opera.
435 4931 463 4973 ιι.
1292 4921 1325 4976 12
