<?xml version="1.0" encoding="UTF-8"?>
<!DOCTYPE html PUBLIC "-//W3C//DTD XHTML 1.0 Transitional//EN"
    "http://www.w3.org/TR/xhtml1/DTD/xhtml1-transitional.dtd">
<html xmlns="http://www.w3.org/1999/xhtml" xml:lang="en" lang="en">
 <head>
  <title>
</title>
<meta http-equiv="Content-Type" content="text/html;charset=utf-8" />
  <meta name='ocr-system' content='tesseract 3.04.00' />
  <meta name='ocr-capabilities' content='ocr_page ocr_carea ocr_par ocr_line ocrx_word'/>
</head>
<body>
  <div class='ocr_page' id='page_1' title='image "./joanniskepleria02unkngoog/joanniskepleria02unkngoog_0243.png"; bbox 0 0 3684 5518; ppageno 0'>
   <div class='ocr_carea' id='block_1_1' title="bbox 300 263 1192 336">
    <p class='ocr_par' dir='ltr' id='par_1_1' title="bbox 300 263 1192 336">
     <span class='ocr_line' id='line_1_1' title="bbox 300 263 1192 336; baseline -0.01 -5"><span class='ocrx_word' id='word_1_1' title='bbox 300 263 365 331; x_wconf 79' lang='grc'><strong>218</strong></span> <span class='ocrx_word' id='word_1_2' title='bbox 773 271 962 336; x_wconf 69' lang='lat' dir='ltr'><strong>rumpemus</strong></span> <span class='ocrx_word' id='word_1_3' title='bbox 979 271 1006 322; x_wconf 79' lang='lat' dir='ltr'><strong>re</strong></span> <span class='ocrx_word' id='word_1_4' title='bbox 1024 269 1192 322; x_wconf 71' lang='lat' dir='ltr'><strong>uranum.</strong></span> 
     </span>
    </p>
   </div>
   <div class='ocr_carea' id='block_1_2' title="bbox 299 444 1658 1058">
    <p class='ocr_par' dir='ltr' id='par_1_2' title="bbox 299 444 1658 1058">
     <span class='ocr_line' id='line_1_2' title="bbox 300 444 1657 529; baseline 0.002 -22"><span class='ocrx_word' id='word_1_5' title='bbox 300 444 449 526; x_wconf 74' lang='lat' dir='ltr'><strong>repercuti</strong></span> <span class='ocrx_word' id='word_1_6' title='bbox 480 446 572 510; x_wconf 87' lang='lat' dir='ltr'><strong>etiam</strong></span> <span class='ocrx_word' id='word_1_7' title='bbox 599 452 726 527; x_wconf 76' lang='lat' dir='ltr'><strong>possunt</strong></span> <span class='ocrx_word' id='word_1_8' title='bbox 756 447 783 508; x_wconf 92' lang='lat' dir='ltr'><strong>in</strong></span> <span class='ocrx_word' id='word_1_9' title='bbox 813 451 883 508; x_wconf 74' lang='lat' dir='ltr'><strong>abre</strong></span> <span class='ocrx_word' id='word_1_10' title='bbox 912 447 950 509; x_wconf 91' lang='lat' dir='ltr'><strong>ab</strong></span> <span class='ocrx_word' id='word_1_11' title='bbox 982 447 1045 528; x_wconf 84' lang='lat' dir='ltr'><strong>ejus</strong></span> <span class='ocrx_word' id='word_1_12' title='bbox 1072 465 1212 526; x_wconf 88' lang='lat' dir='ltr'><strong>suprema</strong></span> <span class='ocrx_word' id='word_1_13' title='bbox 1241 447 1414 526; x_wconf 85' lang='lat' dir='ltr'><strong>superficie,</strong></span> <span class='ocrx_word' id='word_1_14' title='bbox 1447 455 1481 510; x_wconf 87' lang='lat' dir='ltr'><strong>ut</strong></span> <span class='ocrx_word' id='word_1_15' title='bbox 1504 467 1558 529; x_wconf 90' lang='lat' dir='ltr'><strong>pro</strong></span> <span class='ocrx_word' id='word_1_16' title='bbox 1583 447 1657 510; x_wconf 88' lang='lat' dir='ltr'><strong>Sole</strong></span> 
     </span>
     <span class='ocr_line' id='line_1_3' title="bbox 301 533 1657 615; baseline 0.002 -20"><span class='ocrx_word' id='word_1_17' title='bbox 301 533 415 596; x_wconf 89' lang='lat' dir='ltr'><strong>idolum</strong></span> <span class='ocrx_word' id='word_1_18' title='bbox 439 534 504 615; x_wconf 89' lang='lat' dir='ltr'><strong>ejns</strong></span> <span class='ocrx_word' id='word_1_19' title='bbox 527 533 556 597; x_wconf 91' lang='lat' dir='ltr'><strong>in</strong></span> <span class='ocrx_word' id='word_1_20' title='bbox 580 533 668 598; x_wconf 87' lang='lat' dir='ltr'><strong>Nova</strong></span> <span class='ocrx_word' id='word_1_21' title='bbox 691 535 816 598; x_wconf 90' lang='lat' dir='ltr'><strong>Zembla</strong></span> <span class='ocrx_word' id='word_1_22' title='bbox 839 555 859 595; x_wconf 92' lang='lat' dir='ltr'><strong>a</strong></span> <span class='ocrx_word' id='word_1_23' title='bbox 879 533 1007 598; x_wconf 88' lang='lat' dir='ltr'><strong>Batavis</strong></span> <span class='ocrx_word' id='word_1_24' title='bbox 1031 535 1126 598; x_wconf 88' lang='lat' dir='ltr'><strong>videri</strong></span> <span class='ocrx_word' id='word_1_25' title='bbox 1149 535 1292 614; x_wconf 88' lang='lat' dir='ltr'><strong>potuerit</strong></span> <span class='ocrx_word' id='word_1_26' title='bbox 1339 535 1475 598; x_wconf 77' lang='lat' dir='ltr'>Videant</span> <span class='ocrx_word' id='word_1_27' title='bbox 1497 536 1592 612; x_wconf 89' lang='lat' dir='ltr'><strong>docti,</strong></span> <span class='ocrx_word' id='word_1_28' title='bbox 1618 555 1657 598; x_wconf 91' lang='lat' dir='ltr'><strong>au</strong></span> 
     </span>
     <span class='ocr_line' id='line_1_4' title="bbox 300 621 1657 704; baseline -0.001 -16"><span class='ocrx_word' id='word_1_29' title='bbox 300 621 357 688; x_wconf 91' lang='lat' dir='ltr'><strong>boo</strong></span> <span class='ocrx_word' id='word_1_30' title='bbox 381 623 468 686; x_wconf 91' lang='lat' dir='ltr'><strong>modo</strong></span> <span class='ocrx_word' id='word_1_31' title='bbox 492 631 524 684; x_wconf 90' lang='lat' dir='ltr'><strong>et</strong></span> <span class='ocrx_word' id='word_1_32' title='bbox 545 623 720 702; x_wconf 89' lang='lat' dir='ltr'><strong>crepuscula</strong></span> <span class='ocrx_word' id='word_1_33' title='bbox 743 622 862 686; x_wconf 88' lang='lat' dir='ltr'><strong>defendi</strong></span> <span class='ocrx_word' id='word_1_34' title='bbox 886 624 1013 704; x_wconf 85' lang='lat' dir='ltr'><strong>possint,</strong></span> <span class='ocrx_word' id='word_1_35' title='bbox 1039 633 1152 686; x_wconf 87' lang='lat' dir='ltr'><strong>utnon</strong></span> <span class='ocrx_word' id='word_1_36' title='bbox 1176 625 1375 698; x_wconf 83' lang='lat' dir='ltr'><strong>accessesit,</strong></span> <span class='ocrx_word' id='word_1_37' title='bbox 1400 626 1558 690; x_wconf 87' lang='lat' dir='ltr'><strong>materiam</strong></span> <span class='ocrx_word' id='word_1_38' title='bbox 1582 626 1657 688; x_wconf 89' lang='lat' dir='ltr'><strong>illu-</strong></span> 
     </span>
     <span class='ocr_line' id='line_1_5' title="bbox 299 710 1658 788; baseline 0 -12"><span class='ocrx_word' id='word_1_39' title='bbox 299 712 470 776; x_wconf 86' lang='lat' dir='ltr'><strong>minandam</strong></span> <span class='ocrx_word' id='word_1_40' title='bbox 504 713 543 774; x_wconf 88' lang='lat' dir='ltr'><strong>ad</strong></span> <span class='ocrx_word' id='word_1_41' title='bbox 580 710 619 774; x_wconf 84' lang='lat'><strong>12</strong></span> <span class='ocrx_word' id='word_1_42' title='bbox 650 711 792 774; x_wconf 88' lang='lat' dir='ltr'><strong>milliaria</strong></span> <span class='ocrx_word' id='word_1_43' title='bbox 826 713 1009 787; x_wconf 84' lang='lat' dir='ltr'><strong>ascendere;</strong></span> <span class='ocrx_word' id='word_1_44' title='bbox 1047 711 1199 788; x_wconf 87' lang='lat' dir='ltr'><strong>sufficiat,</strong></span> <span class='ocrx_word' id='word_1_45' title='bbox 1238 721 1272 776; x_wconf 92' lang='lat' dir='ltr'><strong>ut</strong></span> <span class='ocrx_word' id='word_1_46' title='bbox 1305 711 1387 776; x_wconf 89' lang='lat' dir='ltr'><strong>Solis</strong></span> <span class='ocrx_word' id='word_1_47' title='bbox 1424 715 1528 778; x_wconf 84' lang='lat' dir='ltr'><strong>radius</strong></span> <span class='ocrx_word' id='word_1_48' title='bbox 1560 713 1658 778; x_wconf 82' lang='lat' dir='ltr'><strong>semel</strong></span> 
     </span>
     <span class='ocr_line' id='line_1_6' title="bbox 300 800 1656 884; baseline 0.001 -22"><span class='ocrx_word' id='word_1_49' title='bbox 300 801 452 881; x_wconf 86' lang='lat' dir='ltr'><strong>ingressus</strong></span> <span class='ocrx_word' id='word_1_50' title='bbox 476 801 662 880; x_wconf 85' lang='lat' dir='ltr'><strong>superficiem</strong></span> <span class='ocrx_word' id='word_1_51' title='bbox 684 801 774 876; x_wconf 75' lang='lat' dir='ltr'><strong>aeris,</strong></span> <span class='ocrx_word' id='word_1_52' title='bbox 801 821 860 882; x_wconf 91' lang='lat' dir='ltr'><strong>qua</strong></span> <span class='ocrx_word' id='word_1_53' title='bbox 876 821 992 864; x_wconf 87' lang='lat' dir='ltr'><strong>rursum</strong></span> <span class='ocrx_word' id='word_1_54' title='bbox 1013 800 1175 882; x_wconf 82' lang='lat' dir='ltr'><strong>egreditur,</strong></span> <span class='ocrx_word' id='word_1_55' title='bbox 1199 803 1419 881; x_wconf 72' lang='lat' dir='ltr'><strong>repercutiatur</strong></span> <span class='ocrx_word' id='word_1_56' title='bbox 1439 803 1557 884; x_wconf 82' lang='lat' dir='ltr'><strong>augulis</strong></span> <span class='ocrx_word' id='word_1_57' title='bbox 1572 803 1656 866; x_wconf 88' lang='lat' dir='ltr'><strong>intus</strong></span> 
     </span>
     <span class='ocr_line' id='line_1_7' title="bbox 299 887 1657 973; baseline 0.001 -23"><span class='ocrx_word' id='word_1_58' title='bbox 299 887 484 968; x_wconf 78' lang='lat' dir='ltr'><strong>aequalibus,</strong></span> <span class='ocrx_word' id='word_1_59' title='bbox 510 889 597 970; x_wconf 91' lang='lat' dir='ltr'><strong>idque</strong></span> <span class='ocrx_word' id='word_1_60' title='bbox 621 889 678 964; x_wconf 87' lang='lat' dir='ltr'><strong>bis,</strong></span> <span class='ocrx_word' id='word_1_61' title='bbox 703 897 750 952; x_wconf 87' lang='lat' dir='ltr'><strong>ter</strong></span> <span class='ocrx_word' id='word_1_62' title='bbox 771 890 820 952; x_wconf 88' lang='lat' dir='ltr'><strong>vel</strong></span> <span class='ocrx_word' id='word_1_63' title='bbox 835 899 941 970; x_wconf 88' lang='lat' dir='ltr'><strong>quater</strong></span> <span class='ocrx_word' id='word_1_64' title='bbox 963 891 1026 966; x_wconf 85' lang='lat' dir='ltr'><strong>fat,</strong></span> <span class='ocrx_word' id='word_1_65' title='bbox 1051 891 1146 952; x_wconf 89' lang='lat' dir='ltr'><strong>donec</strong></span> <span class='ocrx_word' id='word_1_66' title='bbox 1168 890 1332 953; x_wconf 76' lang='lat' dir='ltr'><strong>illustratio</strong></span> <span class='ocrx_word' id='word_1_67' title='bbox 1356 891 1446 967; x_wconf 73' lang='lat' dir='ltr'><strong>aeris,</strong></span> <span class='ocrx_word' id='word_1_68' title='bbox 1471 891 1657 973; x_wconf 75' lang='lat' dir='ltr'><strong>repercussis</strong></span> 
     </span>
     <span class='ocr_line' id='line_1_8' title="bbox 299 977 1429 1058; baseline 0.001 -19"><span class='ocrx_word' id='word_1_69' title='bbox 299 977 393 1039; x_wconf 90' lang='lat' dir='ltr'><strong>radiis</strong></span> <span class='ocrx_word' id='word_1_70' title='bbox 417 977 509 1052; x_wconf 88' lang='lat' dir='ltr'><strong>facta,</strong></span> <span class='ocrx_word' id='word_1_71' title='bbox 534 977 653 1058; x_wconf 90' lang='lat' dir='ltr'><strong>penitus</strong></span> <span class='ocrx_word' id='word_1_72' title='bbox 677 978 854 1042; x_wconf 87' lang='lat' dir='ltr'><strong>obliteretur</strong></span> <span class='ocrx_word' id='word_1_73' title='bbox 877 998 931 1042; x_wconf 91' lang='lat' dir='ltr'><strong>nac</strong></span> <span class='ocrx_word' id='word_1_74' title='bbox 954 979 984 1041; x_wconf 91' lang='lat' dir='ltr'><strong>fn</strong></span> <span class='ocrx_word' id='word_1_75' title='bbox 1008 979 1110 1042; x_wconf 86' lang='lat' dir='ltr'><strong>oculos</strong></span> <span class='ocrx_word' id='word_1_76' title='bbox 1134 978 1262 1058; x_wconf 86' lang='lat' dir='ltr'><strong>amplius</strong></span> <span class='ocrx_word' id='word_1_77' title='bbox 1286 979 1429 1042; x_wconf 87' lang='lat' dir='ltr'><strong>incurrat.</strong></span> 
     </span>
    </p>
   </div>
   <div class='ocr_carea' id='block_1_3' title="bbox 460 1115 1493 1200">
    <p class='ocr_par' dir='ltr' id='par_1_3' title="bbox 460 1115 1493 1200">
     <span class='ocr_line' id='line_1_9' title="bbox 460 1115 1493 1200; baseline 0.002 -19"><span class='ocrx_word' id='word_1_78' title='bbox 460 1115 510 1181; x_wconf 89' lang='grc'><strong>10.</strong></span> <span class='ocrx_word' id='word_1_79' title='bbox 548 1117 798 1200; x_wconf 81' lang='lat' dir='ltr'><strong>Conjecturae</strong></span> <span class='ocrx_word' id='word_1_80' title='bbox 822 1138 864 1182; x_wconf 79' lang='lat' dir='ltr'><strong>ex</strong></span> <span class='ocrx_word' id='word_1_81' title='bbox 894 1126 1088 1182; x_wconf 89' lang='lat' dir='ltr'><strong>vetustate</strong></span> <span class='ocrx_word' id='word_1_82' title='bbox 1112 1119 1153 1180; x_wconf 92' lang='lat' dir='ltr'><strong>de</strong></span> <span class='ocrx_word' id='word_1_83' title='bbox 1182 1118 1493 1183; x_wconf 75' lang='lat' dir='ltr'><strong>retractionibus.</strong></span> 
     </span>
    </p>
   </div>
   <div class='ocr_carea' id='block_1_4' title="bbox 293 1241 1657 2124">
    <p class='ocr_par' dir='ltr' id='par_1_4' title="bbox 293 1241 1657 2124">
     <span class='ocr_line' id='line_1_10' title="bbox 388 1241 1655 1324; baseline 0.002 -20"><span class='ocrx_word' id='word_1_84' title='bbox 388 1242 500 1322; x_wconf 88' lang='lat' dir='ltr'><strong>Magno</strong></span> <span class='ocrx_word' id='word_1_85' title='bbox 525 1244 728 1307; x_wconf 75' lang='lat' dir='ltr'><strong>astronomiae</strong></span> <span class='ocrx_word' id='word_1_86' title='bbox 752 1245 859 1306; x_wconf 89' lang='lat' dir='ltr'><strong>damno</strong></span> <span class='ocrx_word' id='word_1_87' title='bbox 883 1242 913 1305; x_wconf 91' lang='lat' dir='ltr'><strong>in</strong></span> <span class='ocrx_word' id='word_1_88' title='bbox 939 1243 1175 1324; x_wconf 77' lang='lat' dir='ltr'><strong>investigatione</strong></span> <span class='ocrx_word' id='word_1_89' title='bbox 1203 1252 1302 1306; x_wconf 89' lang='lat' dir='ltr'><strong>motus</strong></span> <span class='ocrx_word' id='word_1_90' title='bbox 1326 1241 1408 1306; x_wconf 89' lang='lat' dir='ltr'><strong>Solis</strong></span> <span class='ocrx_word' id='word_1_91' title='bbox 1431 1249 1464 1304; x_wconf 87' lang='lat' dir='ltr'><strong>et</strong></span> <span class='ocrx_word' id='word_1_92' title='bbox 1491 1242 1655 1322; x_wconf 84' lang='lat' dir='ltr'><strong>aequinoc-</strong></span> 
     </span>
     <span class='ocr_line' id='line_1_11' title="bbox 298 1330 1656 1412; baseline -0.001 -17"><span class='ocrx_word' id='word_1_93' title='bbox 298 1331 408 1395; x_wconf 89' lang='lat' dir='ltr'><strong>tiorum</strong></span> <span class='ocrx_word' id='word_1_94' title='bbox 432 1331 545 1394; x_wconf 90' lang='lat' dir='ltr'><strong>factum</strong></span> <span class='ocrx_word' id='word_1_95' title='bbox 569 1341 630 1407; x_wconf 86' lang='lat' dir='ltr'><strong>eat,</strong></span> <span class='ocrx_word' id='word_1_96' title='bbox 661 1332 915 1396; x_wconf 89' lang='lat' dir='ltr'><strong>ntrefractiones</strong></span> <span class='ocrx_word' id='word_1_97' title='bbox 939 1333 1133 1395; x_wconf 78' lang='lat' dir='ltr'><strong>crateribus</strong></span> <span class='ocrx_word' id='word_1_98' title='bbox 1164 1331 1276 1395; x_wconf 92' lang='lat' dir='ltr'><strong>fuerint</strong></span> <span class='ocrx_word' id='word_1_99' title='bbox 1303 1333 1469 1412; x_wconf 86' lang='lat' dir='ltr'><strong>neglectae.</strong></span> <span class='ocrx_word' id='word_1_100' title='bbox 1515 1330 1656 1402; x_wconf 83' lang='lat' dir='ltr'><strong>Quodsi</strong></span> 
     </span>
     <span class='ocr_line' id='line_1_12' title="bbox 299 1418 1657 1501; baseline 0.001 -19"><span class='ocrx_word' id='word_1_101' title='bbox 299 1418 393 1482; x_wconf 87' lang='lat' dir='ltr'><strong>certis</strong></span> <span class='ocrx_word' id='word_1_102' title='bbox 417 1421 602 1500; x_wconf 81' lang='lat' dir='ltr'><strong>argumentis</strong></span> <span class='ocrx_word' id='word_1_103' title='bbox 625 1421 746 1501; x_wconf 89' lang='lat' dir='ltr'><strong>probari</strong></span> <span class='ocrx_word' id='word_1_104' title='bbox 764 1419 873 1501; x_wconf 90' lang='lat' dir='ltr'><strong>possit,</strong></span> <span class='ocrx_word' id='word_1_105' title='bbox 897 1420 1028 1486; x_wconf 87' lang='lat' dir='ltr'><strong>siderum</strong></span> <span class='ocrx_word' id='word_1_106' title='bbox 1043 1421 1145 1483; x_wconf 89' lang='lat' dir='ltr'><strong>radios</strong></span> <span class='ocrx_word' id='word_1_107' title='bbox 1169 1420 1305 1484; x_wconf 89' lang='lat' dir='ltr'><strong>omnibus</strong></span> <span class='ocrx_word' id='word_1_108' title='bbox 1325 1421 1400 1484; x_wconf 88' lang='lat' dir='ltr'><strong>locis</strong></span> <span class='ocrx_word' id='word_1_109' title='bbox 1415 1429 1447 1482; x_wconf 90' lang='lat' dir='ltr'><strong>et</strong></span> <span class='ocrx_word' id='word_1_110' title='bbox 1470 1419 1657 1500; x_wconf 82' lang='lat' dir='ltr'><strong>temporibus</strong></span> 
     </span>
     <span class='ocr_line' id='line_1_13' title="bbox 297 1506 1656 1595; baseline -0.001 -24"><span class='ocrx_word' id='word_1_111' title='bbox 297 1506 435 1588; x_wconf 82' lang='lat' dir='ltr'><strong>refringi,</strong></span> <span class='ocrx_word' id='word_1_112' title='bbox 464 1510 604 1572; x_wconf 89' lang='lat' dir='ltr'><strong>damnum</strong></span> <span class='ocrx_word' id='word_1_113' title='bbox 627 1509 718 1595; x_wconf 85' lang='lat' dir='ltr'><strong>idox</strong></span> <span class='ocrx_word' id='word_1_114' title='bbox 740 1517 828 1590; x_wconf 90' lang='lat' dir='ltr'><strong>parte</strong></span> <span class='ocrx_word' id='word_1_115' title='bbox 857 1509 962 1572; x_wconf 90' lang='lat' dir='ltr'><strong>sarciri</strong></span> <span class='ocrx_word' id='word_1_116' title='bbox 986 1531 1005 1572; x_wconf 92' lang='lat' dir='ltr'><strong>a</strong></span> <span class='ocrx_word' id='word_1_117' title='bbox 1028 1509 1114 1573; x_wconf 89' lang='lat' dir='ltr'><strong>nobis</strong></span> <span class='ocrx_word' id='word_1_118' title='bbox 1141 1517 1256 1589; x_wconf 88' lang='lat' dir='ltr'><strong>posset.</strong></span> <span class='ocrx_word' id='word_1_119' title='bbox 1303 1511 1368 1590; x_wconf 81' lang='lat' dir='ltr'><strong>Ego</strong></span> <span class='ocrx_word' id='word_1_120' title='bbox 1400 1517 1543 1589; x_wconf 87' lang='lat' dir='ltr'><strong>quantum</strong></span> <span class='ocrx_word' id='word_1_121' title='bbox 1566 1509 1656 1588; x_wconf 88' lang='lat' dir='ltr'><strong>hujus</strong></span> 
     </span>
     <span class='ocr_line' id='line_1_14' title="bbox 297 1597 1654 1684; baseline -0.003 -24"><span class='ocrx_word' id='word_1_122' title='bbox 297 1605 454 1678; x_wconf 89' lang='lat' dir='ltr'><strong>praestare</strong></span> <span class='ocrx_word' id='word_1_123' title='bbox 477 1598 600 1679; x_wconf 87' lang='lat' dir='ltr'><strong>possim,</strong></span> <span class='ocrx_word' id='word_1_124' title='bbox 626 1599 760 1684; x_wconf 77' lang='lat' dir='ltr'><strong>tentabc.</strong></span> <span class='ocrx_word' id='word_1_125' title='bbox 799 1597 930 1662; x_wconf 87' lang='lat' dir='ltr'><strong>Primum</strong></span> <span class='ocrx_word' id='word_1_126' title='bbox 953 1599 1151 1662; x_wconf 70' lang='lat' dir='ltr'><strong>retractiones</strong></span> <span class='ocrx_word' id='word_1_127' title='bbox 1175 1598 1303 1661; x_wconf 88' lang='lat' dir='ltr'><strong>diversis</strong></span> <span class='ocrx_word' id='word_1_128' title='bbox 1318 1598 1393 1661; x_wconf 89' lang='lat' dir='ltr'><strong>locis</strong></span> <span class='ocrx_word' id='word_1_129' title='bbox 1413 1599 1550 1661; x_wconf 88' lang='lat' dir='ltr'><strong>diversas</strong></span> <span class='ocrx_word' id='word_1_130' title='bbox 1574 1615 1654 1673; x_wconf 87' lang='lat' dir='ltr'><strong>esse,</strong></span> 
     </span>
     <span class='ocr_line' id='line_1_15' title="bbox 293 1685 1654 1767; baseline 0 -19"><span class='ocrx_word' id='word_1_131' title='bbox 293 1687 359 1766; x_wconf 89' lang='lat' dir='ltr'><strong>jam</strong></span> <span class='ocrx_word' id='word_1_132' title='bbox 382 1687 470 1750; x_wconf 92' lang='lat' dir='ltr'><strong>modo</strong></span> <span class='ocrx_word' id='word_1_133' title='bbox 494 1687 571 1749; x_wconf 87' lang='lat' dir='ltr'><strong>satis</strong></span> <span class='ocrx_word' id='word_1_134' title='bbox 594 1687 750 1750; x_wconf 89' lang='lat' dir='ltr'><strong>evidenter</strong></span> <span class='ocrx_word' id='word_1_135' title='bbox 776 1687 977 1767; x_wconf 86' lang='lat' dir='ltr'><strong>probavimus.</strong></span> <span class='ocrx_word' id='word_1_136' title='bbox 1024 1688 1161 1752; x_wconf 89' lang='lat' dir='ltr'><strong>Indidem</strong></span> <span class='ocrx_word' id='word_1_137' title='bbox 1184 1695 1217 1748; x_wconf 89' lang='lat' dir='ltr'><strong>et</strong></span> <span class='ocrx_word' id='word_1_138' title='bbox 1238 1687 1295 1750; x_wconf 92' lang='lat' dir='ltr'><strong>hoc</strong></span> <span class='ocrx_word' id='word_1_139' title='bbox 1318 1687 1431 1767; x_wconf 83' lang='lat' dir='ltr'><strong>patuit,</strong></span> <span class='ocrx_word' id='word_1_140' title='bbox 1461 1685 1654 1750; x_wconf 87' lang='lat' dir='ltr'><strong>refractionis</strong></span> 
     </span>
     <span class='ocr_line' id='line_1_16' title="bbox 298 1773 1655 1860; baseline -0.001 -22"><span class='ocrx_word' id='word_1_141' title='bbox 298 1775 390 1838; x_wconf 89' lang='lat' dir='ltr'><strong>aliam</strong></span> <span class='ocrx_word' id='word_1_142' title='bbox 412 1782 444 1837; x_wconf 89' lang='lat' dir='ltr'><strong>et</strong></span> <span class='ocrx_word' id='word_1_143' title='bbox 466 1775 557 1838; x_wconf 90' lang='lat' dir='ltr'><strong>aliam</strong></span> <span class='ocrx_word' id='word_1_144' title='bbox 580 1777 815 1856; x_wconf 85' lang='lat' dir='ltr'><strong>magnitudinem</strong></span> <span class='ocrx_word' id='word_1_145' title='bbox 843 1777 967 1855; x_wconf 77' lang='lat' dir='ltr'><strong>prodire.</strong></span> <span class='ocrx_word' id='word_1_146' title='bbox 986 1796 1024 1840; x_wconf 85' lang='lat' dir='ltr'><strong>ex</strong></span> <span class='ocrx_word' id='word_1_147' title='bbox 1047 1783 1191 1857; x_wconf 88' lang='lat' dir='ltr'><strong>suscepta</strong></span> <span class='ocrx_word' id='word_1_148' title='bbox 1213 1775 1275 1839; x_wconf 88' lang='lat' dir='ltr'><strong>alia</strong></span> <span class='ocrx_word' id='word_1_149' title='bbox 1302 1784 1393 1856; x_wconf 90' lang='lat' dir='ltr'><strong>atque</strong></span> <span class='ocrx_word' id='word_1_150' title='bbox 1417 1773 1481 1860; x_wconf 81' lang='lat' dir='ltr'><strong>alia</strong></span> <span class='ocrx_word' id='word_1_151' title='bbox 1501 1774 1655 1838; x_wconf 86' lang='lat' dir='ltr'><strong>densitate</strong></span> 
     </span>
     <span class='ocr_line' id='line_1_17' title="bbox 298 1863 1656 1946; baseline -0.003 -18"><span class='ocrx_word' id='word_1_152' title='bbox 298 1864 377 1928; x_wconf 80' lang='lat' dir='ltr'><strong>atris</strong></span> <span class='ocrx_word' id='word_1_153' title='bbox 401 1872 433 1926; x_wconf 89' lang='lat' dir='ltr'><strong>et</strong></span> <span class='ocrx_word' id='word_1_154' title='bbox 457 1864 619 1928; x_wconf 84' lang='lat' dir='ltr'><strong>altitudine</strong></span> <span class='ocrx_word' id='word_1_155' title='bbox 639 1865 705 1945; x_wconf 87' lang='lat' dir='ltr'><strong>ejus</strong></span> <span class='ocrx_word' id='word_1_156' title='bbox 729 1866 875 1946; x_wconf 90' lang='lat' dir='ltr'><strong>sphaerae</strong></span> <span class='ocrx_word' id='word_1_157' title='bbox 901 1883 992 1946; x_wconf 88' lang='lat' dir='ltr'><strong>supra</strong></span> <span class='ocrx_word' id='word_1_158' title='bbox 1016 1865 1150 1930; x_wconf 84' lang='lat' dir='ltr'><strong>Terram.</strong></span> <span class='ocrx_word' id='word_1_159' title='bbox 1196 1863 1313 1927; x_wconf 89' lang='lat' dir='ltr'><strong>Deinde</strong></span> <span class='ocrx_word' id='word_1_160' title='bbox 1345 1873 1415 1927; x_wconf 88' lang='lat' dir='ltr'><strong>suut</strong></span> <span class='ocrx_word' id='word_1_161' title='bbox 1438 1864 1599 1946; x_wconf 78' lang='lat' dir='ltr'><strong>Aegyptus</strong></span> <span class='ocrx_word' id='word_1_162' title='bbox 1624 1871 1656 1926; x_wconf 90' lang='lat' dir='ltr'><strong>et</strong></span> 
     </span>
     <span class='ocr_line' id='line_1_18' title="bbox 297 1951 1656 2035; baseline -0.001 -19"><span class='ocrx_word' id='word_1_163' title='bbox 297 1953 440 2027; x_wconf 87' lang='lat' dir='ltr'><strong>Rhodus,</strong></span> <span class='ocrx_word' id='word_1_164' title='bbox 473 1953 527 2016; x_wconf 91' lang='lat' dir='ltr'><strong>illa</strong></span> <span class='ocrx_word' id='word_1_165' title='bbox 550 1953 733 2030; x_wconf 84' lang='lat' dir='ltr'><strong>Ptolemaei,</strong></span> <span class='ocrx_word' id='word_1_166' title='bbox 767 1955 842 2016; x_wconf 90' lang='lat' dir='ltr'><strong>haec</strong></span> <span class='ocrx_word' id='word_1_167' title='bbox 865 1953 1031 2035; x_wconf 87' lang='lat' dir='ltr'><strong>Hipparchi</strong></span> <span class='ocrx_word' id='word_1_168' title='bbox 1061 1954 1176 2035; x_wconf 88' lang='lat' dir='ltr'><strong>patria,</strong></span> <span class='ocrx_word' id='word_1_169' title='bbox 1209 1953 1361 2017; x_wconf 85' lang='lat' dir='ltr'><strong>maritima</strong></span> <span class='ocrx_word' id='word_1_170' title='bbox 1388 1954 1475 2028; x_wconf 78' lang='lat' dir='ltr'><strong>loca3</strong></span> <span class='ocrx_word' id='word_1_171' title='bbox 1509 1971 1601 2034; x_wconf 91' lang='lat' dir='ltr'><strong>quare</strong></span> <span class='ocrx_word' id='word_1_172' title='bbox 1625 1951 1656 2014; x_wconf 89' lang='lat' dir='ltr'><strong>in</strong></span> 
     </span>
     <span class='ocr_line' id='line_1_19' title="bbox 298 2041 1657 2124; baseline 0 -20"><span class='ocrx_word' id='word_1_173' title='bbox 298 2041 477 2122; x_wconf 89' lang='lat' dir='ltr'><strong>profundum</strong></span> <span class='ocrx_word' id='word_1_174' title='bbox 500 2041 580 2104; x_wconf 77' lang='lat' dir='ltr'><strong>atris</strong></span> <span class='ocrx_word' id='word_1_175' title='bbox 604 2042 754 2106; x_wconf 88' lang='lat' dir='ltr'><strong>immersa.</strong></span> <span class='ocrx_word' id='word_1_176' title='bbox 801 2042 947 2105; x_wconf 86' lang='lat' dir='ltr'><strong>Vicissim</strong></span> <span class='ocrx_word' id='word_1_177' title='bbox 972 2063 1039 2106; x_wconf 92' lang='lat' dir='ltr'><strong>cum</strong></span> <span class='ocrx_word' id='word_1_178' title='bbox 1062 2043 1157 2124; x_wconf 87' lang='lat' dir='ltr'><strong>frigus</strong></span> <span class='ocrx_word' id='word_1_179' title='bbox 1189 2043 1368 2116; x_wconf 83' lang='lat' dir='ltr'><strong>condensat,</strong></span> <span class='ocrx_word' id='word_1_180' title='bbox 1398 2043 1481 2105; x_wconf 92' lang='lat' dir='ltr'><strong>calor</strong></span> <span class='ocrx_word' id='word_1_181' title='bbox 1511 2049 1657 2106; x_wconf 84' lang='lat' dir='ltr'><strong>extenuet</strong></span> 
     </span>
    </p>
   </div>
   <div class='ocr_carea' id='block_1_5' title="bbox 184 2129 1654 2213">
    <p class='ocr_par' dir='ltr' id='par_1_5' title="bbox 184 2129 1654 2213">
     <span class='ocr_line' id='line_1_20' title="bbox 184 2129 1654 2213; baseline 0.001 -21"><span class='ocrx_word' id='word_1_182' title='bbox 184 2193 187 2200; x_wconf 87' lang='lat'><strong>.</strong></span> <span class='ocrx_word' id='word_1_183' title='bbox 299 2138 331 2192; x_wconf 90' lang='lat' dir='ltr'><strong>et</strong></span> <span class='ocrx_word' id='word_1_184' title='bbox 353 2129 447 2192; x_wconf 89' lang='lat' dir='ltr'><strong>sitin</strong></span> <span class='ocrx_word' id='word_1_185' title='bbox 470 2130 532 2192; x_wconf 89' lang='lat' dir='ltr'><strong>illis</strong></span> <span class='ocrx_word' id='word_1_186' title='bbox 557 2130 728 2195; x_wconf 84' lang='lat' dir='ltr'><strong>climatibus</strong></span> <span class='ocrx_word' id='word_1_187' title='bbox 751 2132 834 2194; x_wconf 90' lang='lat' dir='ltr'><strong>calor</strong></span> <span class='ocrx_word' id='word_1_188' title='bbox 852 2133 956 2212; x_wconf 89' lang='lat' dir='ltr'><strong>major,</strong></span> <span class='ocrx_word' id='word_1_189' title='bbox 981 2131 1099 2195; x_wconf 89' lang='lat' dir='ltr'><strong>tenuior</strong></span> <span class='ocrx_word' id='word_1_190' title='bbox 1122 2131 1215 2194; x_wconf 90' lang='lat' dir='ltr'><strong>etiam</strong></span> <span class='ocrx_word' id='word_1_191' title='bbox 1234 2131 1294 2194; x_wconf 91' lang='lat' dir='ltr'><strong>erit</strong></span> <span class='ocrx_word' id='word_1_192' title='bbox 1312 2138 1373 2208; x_wconf 72' lang='lat' dir='ltr'><strong>abr,</strong></span> <span class='ocrx_word' id='word_1_193' title='bbox 1399 2131 1448 2213; x_wconf 92' lang='lat' dir='ltr'><strong>qui</strong></span> <span class='ocrx_word' id='word_1_194' title='bbox 1472 2131 1654 2194; x_wconf 84' lang='lat' dir='ltr'><strong>succedente</strong></span> 
     </span>
    </p>
   </div>
   <div class='ocr_carea' id='block_1_6' title="bbox 296 2217 1656 3811">
    <p class='ocr_par' dir='ltr' id='par_1_6' title="bbox 296 2217 1656 3811">
     <span class='ocr_line' id='line_1_21' title="bbox 298 2217 1653 2302; baseline 0.001 -22"><span class='ocrx_word' id='word_1_195' title='bbox 298 2237 336 2280; x_wconf 83' lang='lat' dir='ltr'><strong>ex</strong></span> <span class='ocrx_word' id='word_1_196' title='bbox 358 2217 497 2299; x_wconf 90' lang='lat' dir='ltr'><strong>aquilone</strong></span> <span class='ocrx_word' id='word_1_197' title='bbox 517 2219 659 2282; x_wconf 79' lang='lat' dir='ltr'><strong>&#39;densiore</strong></span> <span class='ocrx_word' id='word_1_198' title='bbox 680 2229 712 2282; x_wconf 90' lang='lat' dir='ltr'><strong>et</strong></span> <span class='ocrx_word' id='word_1_199' title='bbox 734 2221 872 2302; x_wconf 87' lang='lat' dir='ltr'><strong>graviore</strong></span> <span class='ocrx_word' id='word_1_200' title='bbox 894 2220 1018 2301; x_wconf 90' lang='lat' dir='ltr'><strong>pellitur</strong></span> <span class='ocrx_word' id='word_1_201' title='bbox 1031 2221 1062 2284; x_wconf 91' lang='lat' dir='ltr'><strong>in</strong></span> <span class='ocrx_word' id='word_1_202' title='bbox 1084 2220 1188 2294; x_wconf 83' lang='lat' dir='ltr'><strong>altura,</strong></span> <span class='ocrx_word' id='word_1_203' title='bbox 1213 2227 1245 2282; x_wconf 92' lang='lat' dir='ltr'><strong>et</strong></span> <span class='ocrx_word' id='word_1_204' title='bbox 1264 2239 1365 2300; x_wconf 89' lang='lat' dir='ltr'><strong>supra,</strong></span> <span class='ocrx_word' id='word_1_205' title='bbox 1389 2239 1448 2302; x_wconf 91' lang='lat' dir='ltr'><strong>qna</strong></span> <span class='ocrx_word' id='word_1_206' title='bbox 1467 2220 1653 2301; x_wconf 83' lang='lat' dir='ltr'><strong>fastigiatur,</strong></span> 
     </span>
     <span class='ocr_line' id='line_1_22' title="bbox 300 2305 1655 2389; baseline -0.001 -19"><span class='ocrx_word' id='word_1_207' title='bbox 300 2327 368 2370; x_wconf 87' lang='lat' dir='ltr'><strong>sese</strong></span> <span class='ocrx_word' id='word_1_208' title='bbox 392 2305 469 2369; x_wconf 88' lang='lat' dir='ltr'><strong>didit</strong></span> <span class='ocrx_word' id='word_1_209' title='bbox 491 2307 683 2389; x_wconf 87' lang='lat' dir='ltr'><strong>vicissimque</strong></span> <span class='ocrx_word' id='word_1_210' title='bbox 712 2307 835 2372; x_wconf 85' lang='lat' dir='ltr'><strong>boream</strong></span> <span class='ocrx_word' id='word_1_211' title='bbox 857 2311 953 2389; x_wconf 85' lang='lat' dir='ltr'><strong>petit,</strong></span> <span class='ocrx_word' id='word_1_212' title='bbox 986 2308 1016 2370; x_wconf 92' lang='lat' dir='ltr'><strong>in</strong></span> <span class='ocrx_word' id='word_1_213' title='bbox 1040 2308 1231 2372; x_wconf 83' lang='lat' dir='ltr'><strong>decliviorem</strong></span> <span class='ocrx_word' id='word_1_214' title='bbox 1261 2310 1340 2372; x_wconf 76' lang='lat' dir='ltr'><strong>aens</strong></span> <span class='ocrx_word' id='word_1_215' title='bbox 1373 2308 1561 2389; x_wconf 87' lang='lat' dir='ltr'><strong>superficiem</strong></span> <span class='ocrx_word' id='word_1_216' title='bbox 1585 2327 1655 2371; x_wconf 91' lang='lat' dir='ltr'><strong>sese</strong></span> 
     </span>
     <span class='ocr_line' id='line_1_23' title="bbox 297 2395 1655 2480; baseline 0.001 -22"><span class='ocrx_word' id='word_1_217' title='bbox 297 2395 476 2459; x_wconf 89' lang='lat' dir='ltr'><strong>infundens:</strong></span> <span class='ocrx_word' id='word_1_218' title='bbox 510 2396 568 2460; x_wconf 90' lang='lat' dir='ltr'><strong>uisi</strong></span> <span class='ocrx_word' id='word_1_219' title='bbox 599 2396 628 2458; x_wconf 90' lang='lat' dir='ltr'><strong>vi</strong></span> <span class='ocrx_word' id='word_1_220' title='bbox 661 2397 783 2460; x_wconf 88' lang='lat' dir='ltr'><strong>fortiore</strong></span> <span class='ocrx_word' id='word_1_221' title='bbox 815 2399 972 2478; x_wconf 89' lang='lat' dir='ltr'><strong>repulsus,</strong></span> <span class='ocrx_word' id='word_1_222' title='bbox 1007 2406 1082 2478; x_wconf 89' lang='lat' dir='ltr'><strong>puta</strong></span> <span class='ocrx_word' id='word_1_223' title='bbox 1114 2405 1179 2460; x_wconf 90' lang='lat' dir='ltr'><strong>tcto</strong></span> <span class='ocrx_word' id='word_1_224' title='bbox 1213 2398 1294 2478; x_wconf 74' lang='lat' dir='ltr'><strong>aeris</strong></span> <span class='ocrx_word' id='word_1_225' title='bbox 1326 2417 1455 2480; x_wconf 90' lang='lat' dir='ltr'><strong>aequore</strong></span> <span class='ocrx_word' id='word_1_226' title='bbox 1488 2417 1526 2460; x_wconf 85' lang='lat' dir='ltr'><strong>ex</strong></span> <span class='ocrx_word' id='word_1_227' title='bbox 1557 2397 1655 2477; x_wconf 90' lang='lat' dir='ltr'><strong>primo</strong></span> 
     </span>
     <span class='ocr_line' id='line_1_24' title="bbox 298 2484 1655 2568; baseline 0.002 -21"><span class='ocrx_word' id='word_1_228' title='bbox 298 2484 427 2566; x_wconf 90' lang='lat' dir='ltr'><strong>impulsu</strong></span> <span class='ocrx_word' id='word_1_229' title='bbox 450 2485 478 2546; x_wconf 92' lang='lat' dir='ltr'><strong>in</strong></span> <span class='ocrx_word' id='word_1_230' title='bbox 503 2491 615 2549; x_wconf 92' lang='lat' dir='ltr'><strong>motum</strong></span> <span class='ocrx_word' id='word_1_231' title='bbox 639 2486 819 2562; x_wconf 87' lang='lat' dir='ltr'><strong>constituto,</strong></span> <span class='ocrx_word' id='word_1_232' title='bbox 844 2487 1008 2567; x_wconf 89' lang='lat' dir='ltr'><strong>repellatur</strong></span> <span class='ocrx_word' id='word_1_233' title='bbox 1031 2496 1063 2550; x_wconf 88' lang='lat' dir='ltr'><strong>et</strong></span> <span class='ocrx_word' id='word_1_234' title='bbox 1086 2487 1172 2568; x_wconf 91' lang='lat' dir='ltr'><strong>quasi</strong></span> <span class='ocrx_word' id='word_1_235' title='bbox 1195 2495 1361 2567; x_wconf 87' lang='lat' dir='ltr'><strong>restaguet.</strong></span> <span class='ocrx_word' id='word_1_236' title='bbox 1413 2495 1469 2564; x_wconf 85' lang='grc' dir='ltr'><strong>(Διι</strong></span> <span class='ocrx_word' id='word_1_237' title='bbox 1498 2498 1569 2552; x_wconf 84' lang='lat' dir='ltr'><strong>haec</strong></span> <span class='ocrx_word' id='word_1_238' title='bbox 1595 2502 1655 2551; x_wconf 80' lang='lat' dir='ltr'><strong>ece·</strong></span> 
     </span>
     <span class='ocr_line' id='line_1_25' title="bbox 298 2575 1654 2657; baseline -0.001 -17"><span class='ocrx_word' id='word_1_239' title='bbox 298 2584 400 2642; x_wconf 84' lang='lat' dir='ltr'><strong>siarum</strong></span> <span class='ocrx_word' id='word_1_240' title='bbox 420 2579 533 2657; x_wconf 76' lang='lat' dir='ltr'><strong>erigor)</strong></span> <span class='ocrx_word' id='word_1_241' title='bbox 569 2575 612 2638; x_wconf 81' lang='lat' dir='ltr'><strong>Et</strong></span> <span class='ocrx_word' id='word_1_242' title='bbox 631 2575 660 2638; x_wconf 91' lang='lat' dir='ltr'><strong>fu</strong></span> <span class='ocrx_word' id='word_1_243' title='bbox 684 2595 809 2650; x_wconf 85' lang='lat' dir='ltr'><strong>summe,</strong></span> <span class='ocrx_word' id='word_1_244' title='bbox 834 2576 912 2656; x_wconf 93' lang='lat' dir='ltr'><strong>qnod</strong></span> <span class='ocrx_word' id='word_1_245' title='bbox 932 2575 1115 2638; x_wconf 86' lang='lat' dir='ltr'><strong>densitatem</strong></span> <span class='ocrx_word' id='word_1_246' title='bbox 1133 2575 1254 2649; x_wconf 76' lang='lat' dir='ltr'><strong>attinet,</strong></span> <span class='ocrx_word' id='word_1_247' title='bbox 1276 2582 1422 2656; x_wconf 90' lang='lat' dir='ltr'><strong>perpetua</strong></span> <span class='ocrx_word' id='word_1_248' title='bbox 1441 2575 1547 2638; x_wconf 88' lang='lat' dir='ltr'><strong>existit</strong></span> <span class='ocrx_word' id='word_1_249' title='bbox 1569 2593 1654 2638; x_wconf 90' lang='lat' dir='ltr'><strong>com-</strong></span> 
     </span>
     <span class='ocr_line' id='line_1_26' title="bbox 298 2663 1653 2746; baseline -0.002 -20"><span class='ocrx_word' id='word_1_250' title='bbox 298 2663 402 2726; x_wconf 85' lang='lat' dir='ltr'><strong>mixtio</strong></span> <span class='ocrx_word' id='word_1_251' title='bbox 427 2664 507 2726; x_wconf 75' lang='lat' dir='ltr'><strong>atris</strong></span> <span class='ocrx_word' id='word_1_252' title='bbox 534 2663 629 2727; x_wconf 87' lang='lat' dir='ltr'><strong>nostri</strong></span> <span class='ocrx_word' id='word_1_253' title='bbox 653 2684 719 2728; x_wconf 91' lang='lat' dir='ltr'><strong>cnm</strong></span> <span class='ocrx_word' id='word_1_254' title='bbox 747 2665 952 2739; x_wconf 89' lang='lat' dir='ltr'><strong>meridionali,</strong></span> <span class='ocrx_word' id='word_1_255' title='bbox 985 2673 1017 2728; x_wconf 90' lang='lat' dir='ltr'><strong>et</strong></span> <span class='ocrx_word' id='word_1_256' title='bbox 1043 2663 1178 2728; x_wconf 89' lang='lat' dir='ltr'><strong>vicissim</strong></span> <span class='ocrx_word' id='word_1_257' title='bbox 1205 2663 1285 2726; x_wconf 88' lang='lat' dir='ltr'><strong>illius</strong></span> <span class='ocrx_word' id='word_1_258' title='bbox 1312 2683 1379 2727; x_wconf 88' lang='lat' dir='ltr'><strong>cum</strong></span> <span class='ocrx_word' id='word_1_259' title='bbox 1412 2671 1532 2739; x_wconf 89' lang='lat' dir='ltr'><strong>nostro,</strong></span> <span class='ocrx_word' id='word_1_260' title='bbox 1564 2664 1653 2746; x_wconf 88' lang='lat' dir='ltr'><strong>idque.</strong></span> 
     </span>
     <span class='ocr_line' id='line_1_27' title="bbox 296 2751 1654 2836; baseline -0.001 -23"><span class='ocrx_word' id='word_1_261' title='bbox 296 2759 419 2833; x_wconf 88' lang='lat' dir='ltr'><strong>propter</strong></span> <span class='ocrx_word' id='word_1_262' title='bbox 440 2761 596 2816; x_wconf 86' lang='lat' dir='ltr'><strong>ventorum</strong></span> <span class='ocrx_word' id='word_1_263' title='bbox 620 2752 778 2818; x_wconf 80' lang='lat' dir='ltr'><strong>coutimur</strong></span> <span class='ocrx_word' id='word_1_264' title='bbox 801 2755 902 2816; x_wconf 90' lang='lat' dir='ltr'><strong>flatus.</strong></span> <span class='ocrx_word' id='word_1_265' title='bbox 949 2755 1056 2836; x_wconf 89' lang='lat' dir='ltr'><strong>Itaque</strong></span> <span class='ocrx_word' id='word_1_266' title='bbox 1080 2753 1241 2816; x_wconf 85' lang='lat' dir='ltr'><strong>densitatis</strong></span> <span class='ocrx_word' id='word_1_267' title='bbox 1269 2762 1408 2834; x_wconf 88' lang='lat' dir='ltr'><strong>respectu</strong></span> <span class='ocrx_word' id='word_1_268' title='bbox 1432 2771 1490 2815; x_wconf 91' lang='lat' dir='ltr'><strong>nou</strong></span> <span class='ocrx_word' id='word_1_269' title='bbox 1515 2753 1574 2816; x_wconf 88' lang='lat' dir='ltr'><strong>erit</strong></span> <span class='ocrx_word' id='word_1_270' title='bbox 1595 2751 1654 2812; x_wconf 86' lang='lat' dir='ltr'><strong>ad-</strong></span> 
     </span>
     <span class='ocr_line' id='line_1_28' title="bbox 298 2841 1652 2924; baseline -0.001 -20"><span class='ocrx_word' id='word_1_271' title='bbox 298 2841 417 2905; x_wconf 89' lang='lat' dir='ltr'><strong>modum</strong></span> <span class='ocrx_word' id='word_1_272' title='bbox 444 2862 555 2922; x_wconf 91' lang='lat' dir='ltr'><strong>magna</strong></span> <span class='ocrx_word' id='word_1_273' title='bbox 588 2843 759 2906; x_wconf 84' lang='lat' dir='ltr'><strong>differentia</strong></span> <span class='ocrx_word' id='word_1_274' title='bbox 781 2861 836 2906; x_wconf 90' lang='lat' dir='ltr'><strong>nos</strong></span> <span class='ocrx_word' id='word_1_275' title='bbox 859 2842 1034 2923; x_wconf 85' lang='lat' dir='ltr'><strong>Europaeos</strong></span> <span class='ocrx_word' id='word_1_276' title='bbox 1067 2843 1146 2905; x_wconf 87' lang='lat' dir='ltr'><strong>inter</strong></span> <span class='ocrx_word' id='word_1_277' title='bbox 1169 2849 1202 2904; x_wconf 89' lang='lat' dir='ltr'><strong>et</strong></span> <span class='ocrx_word' id='word_1_278' title='bbox 1224 2843 1398 2924; x_wconf 86' lang='lat' dir='ltr'><strong>Aegyptum</strong></span> <span class='ocrx_word' id='word_1_279' title='bbox 1421 2841 1469 2903; x_wconf 90' lang='lat' dir='ltr'><strong>vel</strong></span> <span class='ocrx_word' id='word_1_280' title='bbox 1492 2841 1652 2905; x_wconf 89' lang='lat' dir='ltr'><strong>Rhodum:</strong></span> 
     </span>
     <span class='ocr_line' id='line_1_29' title="bbox 297 2930 1654 3013; baseline -0.001 -21"><span class='ocrx_word' id='word_1_281' title='bbox 297 2932 351 2993; x_wconf 88' lang='lat' dir='ltr'><strong>sed</strong></span> <span class='ocrx_word' id='word_1_282' title='bbox 374 2951 429 2993; x_wconf 89' lang='lat' dir='ltr'><strong>uos</strong></span> <span class='ocrx_word' id='word_1_283' title='bbox 452 2930 483 2992; x_wconf 91' lang='lat' dir='ltr'><strong>in</strong></span> <span class='ocrx_word' id='word_1_284' title='bbox 506 2932 700 3013; x_wconf 86' lang='lat' dir='ltr'><strong>sequentibus</strong></span> <span class='ocrx_word' id='word_1_285' title='bbox 724 2932 849 2995; x_wconf 89' lang='lat' dir='ltr'><strong>liberum</strong></span> <span class='ocrx_word' id='word_1_286' title='bbox 871 2932 1090 3012; x_wconf 88' lang='lat' dir='ltr'><strong>usurpabimus,</strong></span> <span class='ocrx_word' id='word_1_287' title='bbox 1114 2931 1262 3012; x_wconf 89' lang='lat' dir='ltr'><strong>inquirere</strong></span> <span class='ocrx_word' id='word_1_288' title='bbox 1286 2931 1429 3010; x_wconf 89' lang='lat' dir='ltr'><strong>amplius,</strong></span> <span class='ocrx_word' id='word_1_289' title='bbox 1455 2949 1493 2992; x_wconf 87' lang='lat' dir='ltr'><strong>an</strong></span> <span class='ocrx_word' id='word_1_290' title='bbox 1516 2930 1654 2994; x_wconf 90' lang='lat' dir='ltr'><strong>omnibus</strong></span> 
     </span>
     <span class='ocr_line' id='line_1_30' title="bbox 298 3017 1654 3102; baseline -0.001 -21"><span class='ocrx_word' id='word_1_291' title='bbox 298 3019 372 3082; x_wconf 90' lang='lat' dir='ltr'><strong>locis</strong></span> <span class='ocrx_word' id='word_1_292' title='bbox 397 3020 503 3083; x_wconf 89' lang='lat' dir='ltr'><strong>eadem</strong></span> <span class='ocrx_word' id='word_1_293' title='bbox 527 3020 568 3082; x_wconf 90' lang='lat' dir='ltr'><strong>sit</strong></span> <span class='ocrx_word' id='word_1_294' title='bbox 591 3021 719 3084; x_wconf 88' lang='lat' dir='ltr'><strong>altitudo</strong></span> <span class='ocrx_word' id='word_1_295' title='bbox 743 3021 822 3083; x_wconf 78' lang='lat' dir='ltr'><strong>atris</strong></span> <span class='ocrx_word' id='word_1_296' title='bbox 846 3020 1010 3102; x_wconf 89' lang='lat' dir='ltr'><strong>cademque</strong></span> <span class='ocrx_word' id='word_1_297' title='bbox 1030 3020 1176 3094; x_wconf 89' lang='lat' dir='ltr'><strong>densitas,</strong></span> <span class='ocrx_word' id='word_1_298' title='bbox 1202 3019 1301 3100; x_wconf 90' lang='lat' dir='ltr'><strong>capite</strong></span> <span class='ocrx_word' id='word_1_299' title='bbox 1318 3019 1391 3082; x_wconf 87' lang='lat' dir='ltr'><strong>VII.</strong></span> <span class='ocrx_word' id='word_1_300' title='bbox 1430 3017 1534 3082; x_wconf 79' lang='lat' dir='ltr'><strong>Causa</strong></span> <span class='ocrx_word' id='word_1_301' title='bbox 1553 3020 1654 3099; x_wconf 85' lang='lat' dir='ltr'><strong>itaqua</strong></span> 
     </span>
     <span class='ocr_line' id='line_1_31' title="bbox 297 3106 1653 3189; baseline -0.001 -20"><span class='ocrx_word' id='word_1_302' title='bbox 297 3106 413 3188; x_wconf 87' lang='lat' dir='ltr'><strong>posita,</strong></span> <span class='ocrx_word' id='word_1_303' title='bbox 441 3110 581 3171; x_wconf 86' lang='lat' dir='ltr'><strong>effectum</strong></span> <span class='ocrx_word' id='word_1_304' title='bbox 609 3110 693 3189; x_wconf 89' lang='lat' dir='ltr'><strong>sequi</strong></span> <span class='ocrx_word' id='word_1_305' title='bbox 724 3127 848 3172; x_wconf 91' lang='lat' dir='ltr'><strong>necesse</strong></span> <span class='ocrx_word' id='word_1_306' title='bbox 877 3117 944 3171; x_wconf 90' lang='lat' dir='ltr'><strong>est:</strong></span> <span class='ocrx_word' id='word_1_307' title='bbox 978 3117 1010 3170; x_wconf 90' lang='lat' dir='ltr'><strong>et</strong></span> <span class='ocrx_word' id='word_1_308' title='bbox 1036 3127 1104 3170; x_wconf 90' lang='lat' dir='ltr'><strong>cum</strong></span> <span class='ocrx_word' id='word_1_309' title='bbox 1127 3127 1185 3172; x_wconf 93' lang='lat' dir='ltr'><strong>ncn</strong></span> <span class='ocrx_word' id='word_1_310' title='bbox 1214 3109 1302 3171; x_wconf 92' lang='lat' dir='ltr'><strong>hodie</strong></span> <span class='ocrx_word' id='word_1_311' title='bbox 1330 3109 1447 3171; x_wconf 91' lang='lat' dir='ltr'><strong>demum</strong></span> <span class='ocrx_word' id='word_1_312' title='bbox 1477 3113 1529 3170; x_wconf 74' lang='lat' dir='ltr'><strong>abr</strong></span> <span class='ocrx_word' id='word_1_313' title='bbox 1552 3107 1653 3170; x_wconf 89' lang='lat' dir='ltr'><strong>Terris</strong></span> 
     </span>
     <span class='ocr_line' id='line_1_32' title="bbox 299 3195 1656 3274; baseline 0.001 -18"><span class='ocrx_word' id='word_1_314' title='bbox 299 3195 408 3258; x_wconf 91' lang='lat' dir='ltr'><strong>circulo</strong></span> <span class='ocrx_word' id='word_1_315' title='bbox 437 3196 704 3274; x_wconf 82' lang='lat' dir='ltr'><strong>circumfundatur,</strong></span> <span class='ocrx_word' id='word_1_316' title='bbox 733 3198 787 3260; x_wconf 89' lang='lat' dir='ltr'><strong>sed</strong></span> <span class='ocrx_word' id='word_1_317' title='bbox 816 3199 865 3260; x_wconf 84' lang='lat' dir='ltr'><strong>lex</strong></span> <span class='ocrx_word' id='word_1_318' title='bbox 888 3198 949 3260; x_wconf 88' lang='lat' dir='ltr'><strong>ista</strong></span> <span class='ocrx_word' id='word_1_319' title='bbox 982 3206 1105 3261; x_wconf 86' lang='lat' dir='ltr'><strong>naturae</strong></span> <span class='ocrx_word' id='word_1_320' title='bbox 1131 3205 1163 3260; x_wconf 91' lang='lat' dir='ltr'><strong>ut</strong></span> <span class='ocrx_word' id='word_1_321' title='bbox 1192 3204 1425 3260; x_wconf 89' lang='lat' dir='ltr'><strong>cousentaneum</strong></span> <span class='ocrx_word' id='word_1_322' title='bbox 1457 3204 1508 3259; x_wconf 92' lang='lat' dir='ltr'><strong>est</strong></span> <span class='ocrx_word' id='word_1_323' title='bbox 1539 3195 1607 3258; x_wconf 90' lang='lat' dir='ltr'><strong>iude</strong></span> <span class='ocrx_word' id='word_1_324' title='bbox 1636 3218 1656 3258; x_wconf 87' lang='lat' dir='ltr'><strong>a</strong></span> 
     </span>
     <span class='ocr_line' id='line_1_33' title="bbox 298 3284 1653 3368; baseline 0.001 -23"><span class='ocrx_word' id='word_1_325' title='bbox 298 3302 396 3346; x_wconf 90' lang='lat' dir='ltr'><strong>rerum</strong></span> <span class='ocrx_word' id='word_1_326' title='bbox 425 3284 548 3347; x_wconf 90' lang='lat' dir='ltr'><strong>conditu</strong></span> <span class='ocrx_word' id='word_1_327' title='bbox 579 3287 619 3348; x_wconf 91' lang='lat' dir='ltr'><strong>ad</strong></span> <span class='ocrx_word' id='word_1_328' title='bbox 648 3305 703 3348; x_wconf 91' lang='lat' dir='ltr'><strong>nos</strong></span> <span class='ocrx_word' id='word_1_329' title='bbox 735 3305 830 3368; x_wconf 90' lang='lat' dir='ltr'><strong>nsque</strong></span> <span class='ocrx_word' id='word_1_330' title='bbox 857 3292 1019 3366; x_wconf 89' lang='lat' dir='ltr'><strong>perennet:</strong></span> <span class='ocrx_word' id='word_1_331' title='bbox 1049 3305 1198 3368; x_wconf 90' lang='lat' dir='ltr'><strong>nunqnam</strong></span> <span class='ocrx_word' id='word_1_332' title='bbox 1221 3285 1314 3367; x_wconf 91' lang='lat' dir='ltr'><strong>igitur</strong></span> <span class='ocrx_word' id='word_1_333' title='bbox 1337 3305 1397 3350; x_wconf 93' lang='lat' dir='ltr'><strong>non</strong></span> <span class='ocrx_word' id='word_1_334' title='bbox 1420 3285 1513 3348; x_wconf 89' lang='lat' dir='ltr'><strong>fuisso</strong></span> <span class='ocrx_word' id='word_1_335' title='bbox 1537 3285 1653 3348; x_wconf 89' lang='lat' dir='ltr'><strong>refrac-</strong></span> 
     </span>
     <span class='ocr_line' id='line_1_34' title="bbox 299 3371 1653 3454; baseline 0.001 -20"><span class='ocrx_word' id='word_1_336' title='bbox 299 3371 412 3446; x_wconf 89' lang='lat' dir='ltr'><strong>tiones,</strong></span> <span class='ocrx_word' id='word_1_337' title='bbox 442 3391 497 3453; x_wconf 90' lang='lat' dir='ltr'><strong>par</strong></span> <span class='ocrx_word' id='word_1_338' title='bbox 525 3373 664 3454; x_wconf 88' lang='lat' dir='ltr'><strong>equidem</strong></span> <span class='ocrx_word' id='word_1_339' title='bbox 686 3381 719 3437; x_wconf 90' lang='lat' dir='ltr'><strong>et</strong></span> <span class='ocrx_word' id='word_1_340' title='bbox 742 3383 975 3438; x_wconf 89' lang='lat' dir='ltr'><strong>consentaneum</strong></span> <span class='ocrx_word' id='word_1_341' title='bbox 998 3375 1164 3437; x_wconf 86' lang='lat' dir='ltr'><strong>existimari</strong></span> <span class='ocrx_word' id='word_1_342' title='bbox 1187 3374 1288 3437; x_wconf 90' lang='lat' dir='ltr'><strong>debet.</strong></span> <span class='ocrx_word' id='word_1_343' title='bbox 1336 3376 1420 3437; x_wconf 89' lang='lat' dir='ltr'><strong>Haec</strong></span> <span class='ocrx_word' id='word_1_344' title='bbox 1444 3395 1463 3436; x_wconf 92' lang='lat' dir='ltr'><strong>a</strong></span> <span class='ocrx_word' id='word_1_345' title='bbox 1485 3374 1653 3438; x_wconf 87' lang='lat' dir='ltr'><strong>ratiocina-</strong></span> 
     </span>
     <span class='ocr_line' id='line_1_35' title="bbox 298 3461 1654 3544; baseline 0 -20"><span class='ocrx_word' id='word_1_346' title='bbox 298 3461 379 3524; x_wconf 88' lang='lat' dir='ltr'><strong>tione</strong></span> <span class='ocrx_word' id='word_1_347' title='bbox 408 3461 538 3525; x_wconf 90' lang='lat' dir='ltr'><strong>deducta</strong></span> <span class='ocrx_word' id='word_1_348' title='bbox 565 3463 766 3537; x_wconf 86' lang='lat' dir='ltr'><strong>firmamenta,</strong></span> <span class='ocrx_word' id='word_1_349' title='bbox 798 3464 979 3528; x_wconf 89' lang='lat' dir='ltr'><strong>testimoniis</strong></span> <span class='ocrx_word' id='word_1_350' title='bbox 1007 3471 1039 3527; x_wconf 89' lang='lat' dir='ltr'><strong>et</strong></span> <span class='ocrx_word' id='word_1_351' title='bbox 1066 3463 1246 3543; x_wconf 90' lang='lat' dir='ltr'><strong>conjecturis</strong></span> <span class='ocrx_word' id='word_1_352' title='bbox 1275 3483 1313 3526; x_wconf 81' lang='lat' dir='ltr'><strong>ea</strong></span> <span class='ocrx_word' id='word_1_353' title='bbox 1340 3463 1521 3544; x_wconf 86' lang='lat' dir='ltr'><strong>antiquitate</strong></span> <span class='ocrx_word' id='word_1_354' title='bbox 1548 3461 1654 3543; x_wconf 87' lang='lat' dir='ltr'><strong>petitis</strong></span> 
     </span>
     <span class='ocr_line' id='line_1_36' title="bbox 300 3549 1654 3633; baseline 0.001 -21"><span class='ocrx_word' id='word_1_355' title='bbox 300 3549 452 3614; x_wconf 89' lang='lat' dir='ltr'><strong>fulcienda</strong></span> <span class='ocrx_word' id='word_1_356' title='bbox 475 3559 555 3624; x_wconf 86' lang='lat' dir='ltr'><strong>sunt,</strong></span> <span class='ocrx_word' id='word_1_357' title='bbox 578 3571 616 3612; x_wconf 86' lang='lat' dir='ltr'><strong>ex</strong></span> <span class='ocrx_word' id='word_1_358' title='bbox 639 3552 745 3633; x_wconf 90' lang='lat' dir='ltr'><strong>quibus</strong></span> <span class='ocrx_word' id='word_1_359' title='bbox 770 3561 926 3632; x_wconf 87' lang='lat' dir='ltr'><strong>appareat,</strong></span> <span class='ocrx_word' id='word_1_360' title='bbox 951 3554 1092 3616; x_wconf 88' lang='lat' dir='ltr'><strong>continua</strong></span> <span class='ocrx_word' id='word_1_361' title='bbox 1115 3551 1305 3616; x_wconf 79' lang='lat' dir='ltr'><strong>successione</strong></span> <span class='ocrx_word' id='word_1_362' title='bbox 1324 3553 1491 3616; x_wconf 91' lang='lat' dir='ltr'><strong>seculorum</strong></span> <span class='ocrx_word' id='word_1_363' title='bbox 1503 3559 1563 3614; x_wconf 86' lang='lat' dir='ltr'><strong>aut</strong></span> <span class='ocrx_word' id='word_1_364' title='bbox 1585 3550 1654 3614; x_wconf 88' lang='lat' dir='ltr'><strong>aui-</strong></span> 
     </span>
     <span class='ocr_line' id='line_1_37' title="bbox 298 3639 1571 3723; baseline 0.002 -21"><span class='ocrx_word' id='word_1_365' title='bbox 298 3641 484 3714; x_wconf 86' lang='lat' dir='ltr'><strong>madversas,</strong></span> <span class='ocrx_word' id='word_1_366' title='bbox 508 3647 562 3702; x_wconf 92' lang='lat' dir='ltr'><strong>aut</strong></span> <span class='ocrx_word' id='word_1_367' title='bbox 584 3639 735 3703; x_wconf 90' lang='lat' dir='ltr'><strong>minimum</strong></span> <span class='ocrx_word' id='word_1_368' title='bbox 759 3661 850 3703; x_wconf 91' lang='lat' dir='ltr'><strong>seusu</strong></span> <span class='ocrx_word' id='word_1_369' title='bbox 873 3649 1035 3723; x_wconf 85' lang='lat' dir='ltr'><strong>perceptas</strong></span> <span class='ocrx_word' id='word_1_370' title='bbox 1059 3641 1258 3706; x_wconf 81' lang='lat' dir='ltr'><strong>refractiores</strong></span> <span class='ocrx_word' id='word_1_371' title='bbox 1281 3641 1312 3704; x_wconf 92' lang='lat' dir='ltr'><strong>in</strong></span> <span class='ocrx_word' id='word_1_372' title='bbox 1336 3647 1406 3704; x_wconf 78' lang='lat' dir='ltr'><strong>abre</strong></span> <span class='ocrx_word' id='word_1_373' title='bbox 1430 3641 1571 3704; x_wconf 87' lang='lat' dir='ltr'><strong>siderum.</strong></span> 
     </span>
     <span class='ocr_line' id='line_1_38' title="bbox 386 3727 1654 3811; baseline 0 -19"><span class='ocrx_word' id='word_1_374' title='bbox 386 3727 509 3792; x_wconf 83' lang='lat' dir='ltr'><strong>Clarum</strong></span> <span class='ocrx_word' id='word_1_375' title='bbox 530 3729 658 3811; x_wconf 89' lang='lat' dir='ltr'><strong>praebet</strong></span> <span class='ocrx_word' id='word_1_376' title='bbox 676 3729 878 3793; x_wconf 88' lang='lat' dir='ltr'><strong>testimoninm</strong></span> <span class='ocrx_word' id='word_1_377' title='bbox 902 3731 1017 3794; x_wconf 90' lang='lat' dir='ltr'><strong>Plinius</strong></span> <span class='ocrx_word' id='word_1_378' title='bbox 1037 3730 1088 3794; x_wconf 88' lang='lat' dir='ltr'><strong>lib.</strong></span> <span class='ocrx_word' id='word_1_379' title='bbox 1104 3731 1144 3796; x_wconf 84' lang='grc' dir='ltr'><strong>ΙΙ.</strong></span> <span class='ocrx_word' id='word_1_380' title='bbox 1169 3729 1313 3794; x_wconf 86' lang='lat' dir='ltr'><strong>historiae</strong></span> <span class='ocrx_word' id='word_1_381' title='bbox 1336 3729 1493 3806; x_wconf 90' lang='lat' dir='ltr'><strong>naturalis,</strong></span> <span class='ocrx_word' id='word_1_382' title='bbox 1515 3747 1582 3810; x_wconf 84' lang='lat' dir='ltr'><strong>cap.</strong></span> <span class='ocrx_word' id='word_1_383' title='bbox 1602 3727 1654 3792; x_wconf 80' lang='lat'><strong>13.</strong></span> 
     </span>
    </p>
   </div>
   <div class='ocr_carea' id='block_1_7' title="bbox 208 3817 1653 3899">
    <p class='ocr_par' dir='ltr' id='par_1_7' title="bbox 208 3817 1653 3899">
     <span class='ocr_line' id='line_1_39' title="bbox 208 3817 1653 3899; baseline 0.002 -19"><span class='ocrx_word' id='word_1_384' title='bbox 208 3827 227 3847; x_wconf 68' lang='lat'>³</span> <span class='ocrx_word' id='word_1_385' title='bbox 297 3818 382 3899; x_wconf 89' lang='lat' dir='ltr'><strong>cnjus</strong></span> <span class='ocrx_word' id='word_1_386' title='bbox 406 3818 499 3881; x_wconf 88' lang='lat' dir='ltr'><strong>verba</strong></span> <span class='ocrx_word' id='word_1_387' title='bbox 522 3818 565 3882; x_wconf 92' lang='lat' dir='ltr'><strong>sic</strong></span> <span class='ocrx_word' id='word_1_388' title='bbox 589 3817 722 3881; x_wconf 88' lang='lat' dir='ltr'><strong>habeut:</strong></span> <span class='ocrx_word' id='word_1_389' title='bbox 755 3829 881 3892; x_wconf 84' lang='lat' dir='ltr'><strong>Quanam</strong></span> <span class='ocrx_word' id='word_1_390' title='bbox 911 3829 1034 3894; x_wconf 74' lang='lat' dir='ltr'><strong>mucre,</strong></span> <span class='ocrx_word' id='word_1_391' title='bbox 1065 3845 1126 3885; x_wconf 78' lang='lat' dir='ltr'><strong>urm</strong></span> <span class='ocrx_word' id='word_1_392' title='bbox 1148 3829 1222 3886; x_wconf 82' lang='lat' dir='ltr'><strong>sotir</strong></span> <span class='ocrx_word' id='word_1_393' title='bbox 1247 3837 1347 3886; x_wconf 82' lang='lat' dir='ltr'><strong>exortu</strong></span> <span class='ocrx_word' id='word_1_394' title='bbox 1377 3830 1476 3886; x_wconf 89' lang='lat' dir='ltr'><strong>umbra</strong></span> <span class='ocrx_word' id='word_1_395' title='bbox 1497 3829 1548 3884; x_wconf 87' lang='lat' dir='ltr'><strong>illa</strong></span> <span class='ocrx_word' id='word_1_396' title='bbox 1567 3829 1653 3884; x_wconf 83' lang='lat' dir='ltr'><strong>hehe·</strong></span> 
     </span>
    </p>
   </div>
   <div class='ocr_carea' id='block_1_8' title="bbox 297 3909 1654 4062">
    <p class='ocr_par' dir='ltr' id='par_1_8' title="bbox 297 3909 1654 4062">
     <span class='ocr_line' id='line_1_40' title="bbox 298 3909 1653 3980; baseline 0 -16"><span class='ocrx_word' id='word_1_397' title='bbox 298 3909 388 3966; x_wconf 83' lang='lat' dir='ltr'><strong>tutrix</strong></span> <span class='ocrx_word' id='word_1_398' title='bbox 408 3911 459 3965; x_wconf 90' lang='lat' dir='ltr'><strong>snb</strong></span> <span class='ocrx_word' id='word_1_399' title='bbox 481 3911 569 3966; x_wconf 85' lang='lat' dir='ltr'><strong>Terra</strong></span> <span class='ocrx_word' id='word_1_400' title='bbox 588 3927 650 3966; x_wconf 82' lang='lat' dir='ltr'><strong>ease</strong></span> <span class='ocrx_word' id='word_1_401' title='bbox 676 3910 793 3975; x_wconf 85' lang='lat' dir='ltr'><strong>debeat,</strong></span> <span class='ocrx_word' id='word_1_402' title='bbox 821 3911 907 3964; x_wconf 88' lang='lat' dir='ltr'><strong>semel</strong></span> <span class='ocrx_word' id='word_1_403' title='bbox 930 3909 991 3980; x_wconf 86' lang='lat' dir='ltr'><strong>jam</strong></span> <span class='ocrx_word' id='word_1_404' title='bbox 1016 3909 1160 3975; x_wconf 76' lang='lat' dir='ltr'><strong>acciderit,</strong></span> <span class='ocrx_word' id='word_1_405' title='bbox 1186 3916 1219 3966; x_wconf 90' lang='lat' dir='ltr'><strong>ut</strong></span> <span class='ocrx_word' id='word_1_406' title='bbox 1239 3909 1267 3966; x_wconf 91' lang='lat' dir='ltr'><strong>iu</strong></span> <span class='ocrx_word' id='word_1_407' title='bbox 1292 3925 1392 3964; x_wconf 85' lang='lat' dir='ltr'><strong>occasu</strong></span> <span class='ocrx_word' id='word_1_408' title='bbox 1411 3911 1493 3964; x_wconf 88' lang='lat' dir='ltr'><strong>Luna</strong></span> <span class='ocrx_word' id='word_1_409' title='bbox 1513 3909 1653 3972; x_wconf 79' lang='lat' dir='ltr'><strong>deficeret,</strong></span> 
     </span>
     <span class='ocr_line' id='line_1_41' title="bbox 297 3986 1654 4062; baseline 0.006 -18"><span class='ocrx_word' id='word_1_410' title='bbox 297 3996 414 4062; x_wconf 89' lang='lat' dir='ltr'><strong>utroque</strong></span> <span class='ocrx_word' id='word_1_411' title='bbox 435 4007 520 4060; x_wconf 86' lang='lat' dir='ltr'><strong>super</strong></span> <span class='ocrx_word' id='word_1_412' title='bbox 540 3991 653 4046; x_wconf 84' lang='lat' dir='ltr'><strong>Terram</strong></span> <span class='ocrx_word' id='word_1_413' title='bbox 674 3990 820 4062; x_wconf 88' lang='lat' dir='ltr'><strong>conspicuo</strong></span> <span class='ocrx_word' id='word_1_414' title='bbox 842 3990 940 4045; x_wconf 86' lang='lat' dir='ltr'><strong>ridere.</strong></span> <span class='ocrx_word' id='word_1_415' title='bbox 984 3987 1064 4052; x_wconf 82' lang='lat' dir='ltr'><strong>Ecce</strong></span> <span class='ocrx_word' id='word_1_416' title='bbox 1098 3986 1203 4050; x_wconf 85' lang='lat' dir='ltr'><strong>Solem</strong></span> <span class='ocrx_word' id='word_1_417' title='bbox 1235 3988 1324 4052; x_wconf 81' lang='lat' dir='ltr'><strong>simul</strong></span> <span class='ocrx_word' id='word_1_418' title='bbox 1357 3996 1389 4050; x_wconf 84' lang='lat' dir='ltr'><strong>et</strong></span> <span class='ocrx_word' id='word_1_419' title='bbox 1417 3987 1551 4058; x_wconf 74' lang='lat' dir='ltr'><strong>Lunam,</strong></span> <span class='ocrx_word' id='word_1_420' title='bbox 1585 4007 1654 4052; x_wconf 87' lang='lat' dir='ltr'><strong>cum</strong></span> 
     </span>
    </p>
   </div>
   <div class='ocr_carea' id='block_1_9' title="bbox 297 4075 1652 4336">
    <p class='ocr_par' dir='ltr' id='par_1_9' title="bbox 297 4075 1652 4336">
     <span class='ocr_line' id='line_1_42' title="bbox 297 4075 1652 4160; baseline 0 -20"><span class='ocrx_word' id='word_1_421' title='bbox 297 4085 400 4141; x_wconf 90' lang='lat' dir='ltr'><strong>essent</strong></span> <span class='ocrx_word' id='word_1_422' title='bbox 424 4077 452 4140; x_wconf 92' lang='lat' dir='ltr'><strong>in</strong></span> <span class='ocrx_word' id='word_1_423' title='bbox 476 4078 551 4141; x_wconf 92' lang='lat' dir='ltr'><strong>locis</strong></span> <span class='ocrx_word' id='word_1_424' title='bbox 575 4077 738 4160; x_wconf 87' lang='lat' dir='ltr'><strong>oppositis,</strong></span> <span class='ocrx_word' id='word_1_425' title='bbox 763 4076 950 4142; x_wconf 88' lang='lat' dir='ltr'><strong>semicirculo</strong></span> <span class='ocrx_word' id='word_1_426' title='bbox 974 4077 1142 4151; x_wconf 86' lang='lat' dir='ltr'><strong>distantes,</strong></span> <span class='ocrx_word' id='word_1_427' title='bbox 1165 4095 1311 4160; x_wconf 81' lang='lat' dir='ltr'><strong>apparere</strong></span> <span class='ocrx_word' id='word_1_428' title='bbox 1335 4084 1436 4140; x_wconf 87' lang='lat' dir='ltr'><strong>tamen</strong></span> <span class='ocrx_word' id='word_1_429' title='bbox 1458 4095 1513 4156; x_wconf 90' lang='lat' dir='ltr'><strong>per</strong></span> <span class='ocrx_word' id='word_1_430' title='bbox 1535 4075 1652 4140; x_wconf 89' lang='lat' dir='ltr'><strong>refrac-</strong></span> 
     </span>
     <span class='ocr_line' id='line_1_43' title="bbox 297 4165 1651 4247; baseline -0.001 -19"><span class='ocrx_word' id='word_1_431' title='bbox 297 4167 408 4230; x_wconf 87' lang='lat' dir='ltr'><strong>tionem</strong></span> <span class='ocrx_word' id='word_1_432' title='bbox 436 4185 529 4247; x_wconf 91' lang='lat' dir='ltr'><strong>snpra</strong></span> <span class='ocrx_word' id='word_1_433' title='bbox 559 4167 745 4230; x_wconf 87' lang='lat' dir='ltr'><strong>horizontem</strong></span> <span class='ocrx_word' id='word_1_434' title='bbox 769 4174 802 4228; x_wconf 90' lang='lat' dir='ltr'><strong>et</strong></span> <span class='ocrx_word' id='word_1_435' title='bbox 825 4166 856 4230; x_wconf 90' lang='lat' dir='ltr'><strong>iu</strong></span> <span class='ocrx_word' id='word_1_436' title='bbox 883 4167 996 4230; x_wconf 87' lang='lat' dir='ltr'><strong>minore</strong></span> <span class='ocrx_word' id='word_1_437' title='bbox 1029 4166 1195 4242; x_wconf 86' lang='lat' dir='ltr'><strong>distantia,</strong></span> <span class='ocrx_word' id='word_1_438' title='bbox 1229 4185 1319 4247; x_wconf 90' lang='lat' dir='ltr'><strong>qnam</strong></span> <span class='ocrx_word' id='word_1_439' title='bbox 1346 4173 1396 4228; x_wconf 91' lang='lat' dir='ltr'><strong>est</strong></span> <span class='ocrx_word' id='word_1_440' title='bbox 1427 4165 1651 4230; x_wconf 89' lang='lat' dir='ltr'><strong>semicirculus:</strong></span> 
     </span>
     <span class='ocr_line' id='line_1_44' title="bbox 297 4254 1459 4336; baseline 0.002 -18"><span class='ocrx_word' id='word_1_441' title='bbox 297 4255 375 4336; x_wconf 92' lang='lat' dir='ltr'><strong>quod</strong></span> <span class='ocrx_word' id='word_1_442' title='bbox 400 4264 449 4318; x_wconf 89' lang='lat' dir='ltr'><strong>eet</strong></span> <span class='ocrx_word' id='word_1_443' title='bbox 471 4255 628 4319; x_wconf 88' lang='lat' dir='ltr'><strong>doctrinae</strong></span> <span class='ocrx_word' id='word_1_444' title='bbox 652 4254 868 4318; x_wconf 82' lang='lat' dir='ltr'><strong>refractionem</strong></span> <span class='ocrx_word' id='word_1_445' title='bbox 890 4257 1036 4320; x_wconf 90' lang='lat' dir='ltr'><strong>hactenus</strong></span> <span class='ocrx_word' id='word_1_446' title='bbox 1060 4255 1191 4319; x_wconf 89' lang='lat' dir='ltr'><strong>traditae</strong></span> <span class='ocrx_word' id='word_1_447' title='bbox 1215 4263 1459 4320; x_wconf 88' lang='lat' dir='ltr'><strong>consentaneum.</strong></span> 
     </span>
    </p>
   </div>
   <div class='ocr_carea' id='block_1_10' title="bbox 225 4349 1652 4698">
    <p class='ocr_par' dir='ltr' id='par_1_10' title="bbox 225 4349 1652 4698">
     <span class='ocr_line' id='line_1_45' title="bbox 387 4349 1651 4434; baseline -0.003 -16"><span class='ocrx_word' id='word_1_448' title='bbox 387 4349 565 4418; x_wconf 79' lang='lat' dir='ltr'><strong>Cleomedcs</strong></span> <span class='ocrx_word' id='word_1_449' title='bbox 586 4353 637 4416; x_wconf 93' lang='lat' dir='ltr'><strong>lib.</strong></span> <span class='ocrx_word' id='word_1_450' title='bbox 653 4355 694 4416; x_wconf 91' lang='lat' dir='ltr'><strong>II.</strong></span> <span class='ocrx_word' id='word_1_451' title='bbox 719 4353 821 4427; x_wconf 89' lang='lat' dir='ltr'><strong>refert,</strong></span> <span class='ocrx_word' id='word_1_452' title='bbox 846 4353 1031 4434; x_wconf 89' lang='lat' dir='ltr'><strong>antiquiores</strong></span> <span class='ocrx_word' id='word_1_453' title='bbox 1057 4353 1174 4434; x_wconf 89' lang='lat' dir='ltr'><strong>aliquos</strong></span> <span class='ocrx_word' id='word_1_454' title='bbox 1198 4353 1428 4418; x_wconf 89' lang='lat' dir='ltr'><strong>mathematicos</strong></span> <span class='ocrx_word' id='word_1_455' title='bbox 1449 4353 1527 4416; x_wconf 90' lang='lat' dir='ltr'><strong>hunc</strong></span> <span class='ocrx_word' id='word_1_456' title='bbox 1541 4351 1651 4414; x_wconf 90' lang='lat' dir='ltr'><strong>nodum</strong></span> 
     </span>
     <span class='ocr_line' id='line_1_46' title="bbox 295 4439 1652 4520; baseline 0.001 -17"><span class='ocrx_word' id='word_1_457' title='bbox 295 4443 342 4504; x_wconf 88' lang='lat' dir='ltr'><strong>ita</strong></span> <span class='ocrx_word' id='word_1_458' title='bbox 364 4441 509 4516; x_wconf 87' lang='lat' dir='ltr'><strong>solvisse,</strong></span> <span class='ocrx_word' id='word_1_459' title='bbox 543 4450 577 4504; x_wconf 91' lang='lat' dir='ltr'><strong>ut</strong></span> <span class='ocrx_word' id='word_1_460' title='bbox 609 4442 758 4515; x_wconf 86' lang='lat' dir='ltr'><strong>dicerent,</strong></span> <span class='ocrx_word' id='word_1_461' title='bbox 791 4441 915 4504; x_wconf 89' lang='lat' dir='ltr'><strong>Terram</strong></span> <span class='ocrx_word' id='word_1_462' title='bbox 940 4443 978 4505; x_wconf 94' lang='lat' dir='ltr'><strong>ob</strong></span> <span class='ocrx_word' id='word_1_463' title='bbox 1006 4444 1222 4507; x_wconf 89' lang='lat' dir='ltr'><strong>rotunditatem</strong></span> <span class='ocrx_word' id='word_1_464' title='bbox 1253 4442 1351 4507; x_wconf 88' lang='lat' dir='ltr'><strong>instar</strong></span> <span class='ocrx_word' id='word_1_465' title='bbox 1380 4441 1491 4505; x_wconf 90' lang='lat' dir='ltr'><strong>montis</strong></span> <span class='ocrx_word' id='word_1_466' title='bbox 1524 4439 1652 4520; x_wconf 89' lang='lat' dir='ltr'><strong>alicujus</strong></span> 
     </span>
     <span class='ocr_line' id='line_1_47' title="bbox 296 4529 1651 4613; baseline -0.001 -22"><span class='ocrx_word' id='word_1_467' title='bbox 296 4529 426 4604; x_wconf 87' lang='lat' dir='ltr'><strong>habere,</strong></span> <span class='ocrx_word' id='word_1_468' title='bbox 458 4549 496 4592; x_wconf 86' lang='lat' dir='ltr'><strong>ex</strong></span> <span class='ocrx_word' id='word_1_469' title='bbox 523 4547 581 4610; x_wconf 89' lang='lat' dir='ltr'><strong>quo</strong></span> <span class='ocrx_word' id='word_1_470' title='bbox 614 4538 770 4612; x_wconf 80' lang='lat' dir='ltr'><strong>spectator</strong></span> <span class='ocrx_word' id='word_1_471' title='bbox 802 4529 901 4606; x_wconf 89' lang='lat' dir='ltr'><strong>idem,</strong></span> <span class='ocrx_word' id='word_1_472' title='bbox 935 4551 1010 4612; x_wconf 89' lang='lat' dir='ltr'><strong>quae</strong></span> <span class='ocrx_word' id='word_1_473' title='bbox 1033 4531 1064 4594; x_wconf 91' lang='lat' dir='ltr'><strong>in</strong></span> <span class='ocrx_word' id='word_1_474' title='bbox 1096 4539 1225 4613; x_wconf 89' lang='lat' dir='ltr'><strong>utraque</strong></span> <span class='ocrx_word' id='word_1_475' title='bbox 1256 4533 1336 4594; x_wconf 87' lang='lat' dir='ltr'><strong>valle</strong></span> <span class='ocrx_word' id='word_1_476' title='bbox 1368 4537 1530 4610; x_wconf 86' lang='lat' dir='ltr'><strong>gerantur,</strong></span> <span class='ocrx_word' id='word_1_477' title='bbox 1561 4529 1651 4590; x_wconf 89' lang='lat' dir='ltr'><strong>facile</strong></span> 
     </span>
     <span class='ocr_line' id='line_1_48' title="bbox 225 4615 1648 4698; baseline 0.001 -20"><span class='ocrx_word' id='word_1_478' title='bbox 225 4631 231 4638; x_wconf 86' lang='grc'><strong><em>·</em></strong></span> <span class='ocrx_word' id='word_1_479' title='bbox 295 4616 427 4698; x_wconf 90' lang='lat' dir='ltr'><strong>inspicit.</strong></span> <span class='ocrx_word' id='word_1_480' title='bbox 484 4615 627 4683; x_wconf 81' lang='lat' dir='ltr'><strong>Ceterum</strong></span> <span class='ocrx_word' id='word_1_481' title='bbox 658 4616 837 4682; x_wconf 83' lang='lat' dir='ltr'><strong>Cleomedes</strong></span> <span class='ocrx_word' id='word_1_482' title='bbox 864 4618 934 4681; x_wconf 87' lang='lat' dir='ltr'><strong>illos</strong></span> <span class='ocrx_word' id='word_1_483' title='bbox 962 4619 1076 4684; x_wconf 86' lang='lat' dir='ltr'><strong>refutat</strong></span> <span class='ocrx_word' id='word_1_484' title='bbox 1104 4629 1228 4684; x_wconf 88' lang='lat' dir='ltr'><strong>ostensa</strong></span> <span class='ocrx_word' id='word_1_485' title='bbox 1257 4619 1512 4682; x_wconf 85' lang='lat' dir='ltr'><strong>dissimilitudine.</strong></span> <span class='ocrx_word' id='word_1_486' title='bbox 1569 4617 1648 4680; x_wconf 88' lang='lat' dir='ltr'><strong>Nam</strong></span> 
     </span>
    </p>
   </div>
   <div class='ocr_carea' id='block_1_11' title="bbox 297 4703 1758 4789">
    <p class='ocr_par' dir='ltr' id='par_1_11' title="bbox 297 4703 1758 4789">
     <span class='ocr_line' id='line_1_49' title="bbox 297 4703 1758 4789; baseline 0 -23"><span class='ocrx_word' id='word_1_487' title='bbox 297 4703 323 4766; x_wconf 86' lang='lat' dir='ltr'><strong>ei</strong></span> <span class='ocrx_word' id='word_1_488' title='bbox 346 4723 404 4785; x_wconf 91' lang='lat' dir='ltr'><strong>qno</strong></span> <span class='ocrx_word' id='word_1_489' title='bbox 428 4727 466 4769; x_wconf 82' lang='lat' dir='ltr'><strong>ex</strong></span> <span class='ocrx_word' id='word_1_490' title='bbox 488 4708 599 4770; x_wconf 86' lang='lat' dir='ltr'><strong>montis</strong></span> <span class='ocrx_word' id='word_1_491' title='bbox 622 4709 689 4771; x_wconf 90' lang='lat' dir='ltr'><strong>loco</strong></span> <span class='ocrx_word' id='word_1_492' title='bbox 714 4716 840 4788; x_wconf 74' lang='lat' dir='ltr'><strong>chaque</strong></span> <span class='ocrx_word' id='word_1_493' title='bbox 863 4706 952 4770; x_wconf 88' lang='lat' dir='ltr'><strong>vallia</strong></span> <span class='ocrx_word' id='word_1_494' title='bbox 982 4708 1141 4789; x_wconf 88' lang='lat' dir='ltr'><strong>aspicitur,</strong></span> <span class='ocrx_word' id='word_1_495' title='bbox 1166 4709 1192 4770; x_wconf 88' lang='lat' dir='ltr'><strong>is</strong></span> <span class='ocrx_word' id='word_1_496' title='bbox 1216 4709 1300 4772; x_wconf 88' lang='lat' dir='ltr'><strong>locus</strong></span> <span class='ocrx_word' id='word_1_497' title='bbox 1328 4708 1489 4770; x_wconf 89' lang='lat' dir='ltr'><strong>admodum</strong></span> <span class='ocrx_word' id='word_1_498' title='bbox 1512 4706 1650 4769; x_wconf 89' lang='lat' dir='ltr'><strong>elevatus</strong></span> <span class='ocrx_word' id='word_1_499' title='bbox 1749 4757 1758 4774; x_wconf 83' lang='lat'><strong>.</strong></span> 
     </span>
    </p>
   </div>
   <div class='ocr_carea' id='block_1_12' title="bbox 298 4794 1649 4879">
    <p class='ocr_par' dir='ltr' id='par_1_12' title="bbox 298 4794 1649 4879">
     <span class='ocr_line' id='line_1_50' title="bbox 298 4794 1649 4879; baseline 0.001 -23"><span class='ocrx_word' id='word_1_500' title='bbox 298 4801 330 4856; x_wconf 85' lang='lat' dir='ltr'><strong>et</strong></span> <span class='ocrx_word' id='word_1_501' title='bbox 361 4811 447 4858; x_wconf 89' lang='lat' dir='ltr'><strong>mous</strong></span> <span class='ocrx_word' id='word_1_502' title='bbox 480 4794 509 4858; x_wconf 88' lang='lat' dir='ltr'><strong>fu</strong></span> <span class='ocrx_word' id='word_1_503' title='bbox 539 4795 668 4860; x_wconf 78' lang='lat' dir='ltr'><strong>turbinis</strong></span> <span class='ocrx_word' id='word_1_504' title='bbox 698 4796 817 4862; x_wconf 88' lang='lat' dir='ltr'><strong>modum</strong></span> <span class='ocrx_word' id='word_1_505' title='bbox 849 4795 977 4876; x_wconf 89' lang='lat' dir='ltr'><strong>undique</strong></span> <span class='ocrx_word' id='word_1_506' title='bbox 1008 4805 1188 4879; x_wconf 82' lang='lat' dir='ltr'><strong>praeruptus</strong></span> <span class='ocrx_word' id='word_1_507' title='bbox 1219 4797 1263 4861; x_wconf 90' lang='lat' dir='ltr'><strong>sit</strong></span> <span class='ocrx_word' id='word_1_508' title='bbox 1293 4804 1422 4879; x_wconf 85' lang='lat' dir='ltr'><strong>oportet.</strong></span> <span class='ocrx_word' id='word_1_509' title='bbox 1469 4795 1514 4858; x_wconf 85' lang='lat' dir='ltr'><strong>At</strong></span> <span class='ocrx_word' id='word_1_510' title='bbox 1541 4794 1649 4858; x_wconf 91' lang='lat' dir='ltr'><strong>uosin</strong></span> 
     </span>
    </p>
   </div>
   <div class='ocr_carea' id='block_1_13' title="bbox 0 0 1846 5518">
    <p class='ocr_par' dir='ltr' id='par_1_13' title="bbox 0 0 1846 5518">
     <span class='ocr_line' id='line_1_51' title="bbox 0 0 1846 5518; baseline 0 0"><span class='ocrx_word' id='word_1_511' title='bbox 0 0 1846 5518; x_wconf 95' lang='lat' dir='ltr'><strong> </strong></span> 
     </span>
    </p>
   </div>
  </div>
 </body>
</html>
