3566 5536
685 337 766 408 Caput
782 341 858 394 XXX.
1372 339 1436 408 737

106 540 173 584 curn
195 520 284 583 aliter
302 521 382 603 loqui
401 540 488 603 quam
508 539 563 602 per
576 521 797 602 phantasmata,
821 539 895 602 quae
920 518 1034 581 invenit
1051 519 1082 581 in
1102 528 1205 581 nostra
1226 495 1434 602 imaginativai

104 611 183 673 hanc
205 610 312 692 quippe
336 610 400 691 ejus
423 630 491 673 esse
513 618 663 684 naturam,
691 610 768 673 hano
791 607 982 672 essentialem
1003 608 1091 689 hujus
1113 616 1238 671 naturae
1266 611 1435 691 proprieta-

105 707 181 769 tem,
202 699 382 781 participsre
406 699 611 774 cumhomine
631 697 900 779 phantasmatibus,
924 715 1016 779 eaque
1039 716 1128 779 posse
1146 705 1275 773 movere,
1297 707 1436 779 coaptare

106 797 138 852 ct
152 787 284 850 dividere
295 788 354 864 sic,
376 795 411 851 ut
431 808 519 871 quam
540 781 777 851 commodissime
802 793 974 869 conceptum
993 805 1078 849 suum
1095 787 1175 850 intra
1194 787 1302 849 mentis
1316 796 1436 850 nostrae

97 877 193 959 'septa
216 877 353 959 explicet.

193 966 253 1038 Qui
276 967 320 1030 sic
342 966 493 1048 disputat,
516 967 661 1029 sermonis
683 965 779 1029 nostri
802 965 1018 1046 cognitionem,
1050 963 1169 1028 auditus
1199 984 1240 1027 sc.
1264 964 1437 1026 facultatem

106 1057 151 1119 illi
172 1064 297 1118 naturae
317 1056 429 1120 adimet
448 1055 571 1138 perinde
593 1075 628 1118 ac
648 1056 768 1136 linguae
786 1075 888 1130 usum;
912 1061 946 1116 ut
965 1053 1018 1116 illa
1032 1053 1107 1116 nihil
1126 1054 1232 1143 hprum
1252 1053 1338 1128 aciat,
1362 1073 1436 1135 quae

105 1145 183 1208 inter
204 1145 341 1208 homines
363 1145 539 1207 commercio
568 1145 711 1209 sermonis
740 1152 883 1225 aguntur,
909 1142 969 1206 nisi
998 1151 1143 1224 quatenus
1170 1143 1263 1205 variis
1290 1142 1437 1223 phantas-

103 1235 204 1296 matis.
217 1235 331 1310 eadem,
355 1253 430 1316 quae
453 1234 599 1310 dicuntur,
622 1236 702 1297 intus
725 1233 756 1296 in
779 1234 900 1296 cerebro
924 1233 1134 1312 exprimuntur.
1181 1233 1246 1295 Nec
1260 1230 1374 1293 tribuet
1392 1231 1435 1292 illi

103 1330 286 1406 potestatem
308 1322 449 1404 gignendi
470 1323 665 1404 phantasma,
696 1324 782 1406 quale
812 1322 870 1404 ipsi
898 1322 972 1384 utile
1002 1321 1040 1382 ad
1068 1330 1242 1402 conceptum
1265 1339 1350 1382 suum
1373 1320 1437 1381 for-

103 1413 257 1487 mandum,
288 1412 342 1474 sed
372 1411 555 1474 solummodo
579 1410 962 1496 signandi‚inculcandique
986 1409 1065 1490 ejus,
1093 1411 1171 1492 quod
1197 1409 1228 1472 vi
1258 1409 1437 1490 irrequietae

104 1500 341 1566 ratiocinationis
365 1501 486 1564 obvenit
506 1501 584 1564 ultro
607 1502 686 1580 intra
707 1501 836 1563 hominis
859 1500 1020 1562 cerebrum.
1062 1497 1179 1570 Quibus
1200 1499 1297 1561 modia
1320 1498 1438 1578 rediget

104 1591 188 1653 illam
211 1590 249 1652 sd
270 1590 326 1652 has
351 1591 516 1670 augustias,
538 1598 573 1653 ut
594 1611 653 1654 non
671 1591 770 1672 pos'sit
788 1589 876 1656 aliter
894 1588 954 1651 nisi
976 1587 1129 1668 allegoriis
1148 1595 1179 1650 et
1192 1587 1316 1669 picturis
1331 1587 1437 1649 uobis-

104 1700 171 1743 cum
193 1698 290 1760 agcre.
336 1679 437 1761 Atque
461 1679 628 1742 confoditur
649 1679 725 1741 haec
746 1680 836 1754 ratio,
860 1697 895 1740 eo
918 1677 997 1758 quod
1018 1696 1072 1758 per
1095 1695 1229 1740 somnum
1252 1683 1283 1738 et
1304 1675 1386 1757 loqui
1407 1682 1438 1737 ει

105 1768 207 1832 andire
235 1768 385 1831 videmur:
419 1769 556 1832 nimirum
588 1769 772 1850 loquelamm
800 1775 830 1830 et
855 1766 1012 1829 verborum
1045 1766 1221 1847 phantasias
1252 1783 1310 1826 uon
1340 1765 1438 1826 minus

104 1859 214 1921 ceteris
237 1857 451 1938 significativas
474 1858 671 1938 concipimus3
695 1857 831 1939 quodque
846 1865 933 1918 extra
946 1855 1094 1930 hominem
1112 1855 1190 1917 iuter
1207 1860 1348 1935 portenta
1369 1860 1439 1914 sunt

106 1947 197 2009 etiam
217 1965 308 2009 voces
330 1945 433 2024 doulos
455 1953 507 2008 aut
529 1947 693 2022 absurdae,
722 1955 757 2009 ut
785 1946 811 2009 si
832 1945 902 2020 bos,
934 1944 960 2006 si
990 1944 1125 2026 embryo,
1154 1943 1180 2005 si
1201 1943 1329 2006 Bileami
1352 1941 1438 2003 asina

104 2037 179 2099 talia
201 2035 355 2118 loquatur,
385 2035 486 2118 qualia
513 2035 641 2117 intelligi
661 2042 797 2117 possunt
842 2036 947 2115 Itaque
976 2040 1011 2096 ut
1031 2033 1082 2115 qui
1102 2033 1178 2122 hacc
1201 2032 1335 2094 defendit
1356 2037 1438 2094 recte

105 2125 262 2200 defendat,
285 2144 408 2186 necesse
432 2133 480 2187 eat
501 2124 595 2200 dicat,
624 2133 676 2186 aut
697 2125 797 2207 plures
810 2143 888 2202 csse
911 2122 1081 2203 huJusmodi
1103 2129 1227 2184 naturas
1250 2119 1437 2200 rariorcsque

103 2214 192 2290 illas,
215 2233 290 2296 quae
318 2214 440 2280 vocibus
467 2233 628 2296 vocumque
660 2213 828 2276 simulacris
852 2232 941 2274 sensa
964 2231 1018 2274 sua
1041 2212 1223 2292 exprimant,
1253 2218 1306 2271 aut
1335 2227 1437 2270 omnes

7 2379 8 2384 γ
103 2303 221 2387 quidem
242 2303 348 2366 modos
371 2304 503 2384 ejusdem
526 2323 593 2366 esse
617 2311 787 2378 creaturae,
818 2301 909 2363 alium
938 2307 1039 2362 munau
1069 2301 1129 2362 alio
1161 2298 1384 2362 imbecilliorem
1407 2303 1438 2359 ει

7 2391 8 2474 l
102 2393 254 2456 rariorem.
299 2393 378 2456 Utra
397 2412 470 2455 vara
490 2393 531 2456 sit
546 2412 584 2455 ex
597 2392 646 2455 hia
663 2390 830 2465 sententiis,
853 2389 989 2471 utrinque
1011 2389 1069 2451 hoc
1090 2388 1265 2462 adstruitur,
1287 2393 1437 2467 portenta,

7 2561 8 2570 ἵ
103 2489 232 2556 ostenta,
256 2482 372 2544 somnia
396 2488 428 2543 et
448 2481 617 2562 hujusmodi
638 2499 691 2561 per
714 2479 875 2560 allegorias
898 2477 1076 2558 explicanda
1098 2496 1175 2539 esse.
1221 2476 1317 2556 Igitur
1337 2474 1438 2556 posito

7 2589 9 2598 ’
102 2571 181 2654 quod
204 2579 286 2633 certo
309 2570 435 2633 consilio
465 2591 518 2632 seu
539 2570 597 2633 Dei
625 2569 719 2649 ipsius
749 2587 802 2631 sen
831 2573 985 2630 creaturae
1012 2567 1170 2630 rationalis
1200 2565 1322 2626 incensa
1349 2563 1439 2625 fuerit

101 2661 177 2721 haec
200 2659 299 2733 stella,
323 2659 349 2720 si
371 2678 409 2720 ex
430 2677 477 2720 me
500 2665 669 2740 quaeratur,
692 2656 833 2739 quemad
851 2656 938 2717 duem
957 2655 1014 2717 hoc
1035 2655 1147 2716 factum
1160 2662 1271 2734 putem,
1295 2659 1326 2714 et
1339 2659 1437 2714 utrum

104 2749 169 2828 ejus
190 2747 358 2826 significata
377 2747 415 2808 ad
436 2767 472 2808 ea
485 2746 687 2828 pertrahenda
701 2746 770 2820 siut,
793 2763 867 2826 quae
887 2745 941 2807 sub
962 2744 1098 2806 manibus
1116 2741 1259 2807 habemus
1281 2741 1436 2804 homines?

7 2845 8 2850 ’
103 2837 230 2917 primum
252 2853 308 2914 ego
331 2854 389 2897 uon
412 2844 516 2914 gentes
539 2841 656 2897 tautum
679 2835 828 2914 singulas,
858 2834 911 2896 sed
938 2840 1035 2895 totum
1062 2832 1136 2895 adeo
1159 2831 1288 2894 Telluris
1318 2828 1438 2911 globum

7 2949 8 2960 ¹
103 2925 193 2988 nimis
216 2922 324 2985 exilem
344 2930 433 3004 puto,
456 2933 490 2986 ut
510 2925 542 2986 iu
564 2924 629 3004 ejus
651 2923 837 3004 complexum
860 2941 963 2985 omues
986 2922 1184 3002 cogitationes
1207 2927 1338 2992 nostrae,
1363 2937 1438 3000 quae

105 3014 239 3077 oriuntur
262 3031 350 3094 super
372 3013 500 3093 genuina
528 3012 742 3093 significatione
771 3011 878 3074 sideris
900 3011 932 3073 in
958 3010 1107 3074 altissimo
1134 3011 1255 3072 aethere
1276 3009 1437 3081 versantis,

104 3102 301 3166 effundantur.
353 3103 468 3183 Magna
496 3120 622 3184 namquo
650 3100 752 3163 mundi
779 3101 944 3182 amplitudo
972 3107 1032 3173 est,
1063 3118 1119 3162 nec
1147 3099 1278 3162 absurda
1304 3096 1439 3179 Tychoni

101 3192 220 3256 Braheo
242 3192 310 3252 visa
332 3198 380 3253 est
401 3191 455 3253 illa
476 3198 611 3254 veterum
632 3191 815 3273 quorundam
834 3189 1079 3271 philosophorum
1099 3188 1209 3269 opinio,
1233 3186 1437 3261 statuentium,

102 3267 211 3344 ceteris
234 3299 348 3362 quoque
371 3279 485 3360 globis,
508 3280 557 3362 qui
580 3278 748 3342 vastissimi
771 3286 853 3354 suut,
877 3299 948 3342 suos
972 3296 1039 3340 essa
1062 3278 1193 3353 incolas,
1221 3296 1279 3339 non
1302 3274 1438 3358 equidem

101 3371 251 3444 homines,
275 3375 308 3430 at
328 3377 483 3432 creaturas
506 3370 603 3445 alias3
633 3386 708 3451 quae
732 3368 758 3432 si
781 3375 866 3444 suut,
899 3367 1061 3430 ad'mundi
1085 3374 1221 3430 ornatum
1242 3365 1344 3447 utique
1366 3383 1438 3446 per·
1464 3381 1466 3384 ’

102 3459 249 3534 tinebant,
271 3477 366 3540 neque
390 3465 505 3522 tautum
526 3459 656 3520 siderum
671 3457 794 3520 effectus
815 3455 1044 3538 persentiscunt,
1068 3456 1123 3518 sed
1145 3455 1236 3518 etiam
1250 3451 1438 3536 providentia

104 3546 232 3628 supremi
255 3547 388 3610 custodis
410 3547 711 3628 comprehendentur3
741 3545 979 3610 nec'absurdum
999 3545 1066 3620 erit,
1089 3563 1181 3627 aeque
1201 3544 1276 3624 ipsis
1296 3561 1332 3604 ac
1351 3541 1438 3604 nobis

104 3637 134 3698 iu
148 3635 269 3697 -Tellure
290 3637 479 3698 versantibus
502 3636 670 3699 homiuibus
693 3654 731 3699 ex
753 3636 807 3698 illa
829 3634 978 3698 altissima
1000 3633 1123 3715 specula
1143 3635 1269 3696 fixarum
1292 3631 1437 3711 sphaerae

104 3725 192 3806 signa
214 3723 302 3800 mitti,
327 3724 423 3804 magis
447 3726 548 3788 forsan
566 3725 698 3806 ipsorum
720 3724 914 3805 appropriata
932 3723 1041 3804 captui,
1066 3741 1153 3804 quam
1170 3729 1283 3784 nostro.
1317 3717 1437 3790 Quaero

99 3832 189 3895 ergo,
214 3832 272 3875 nou
296 3813 343 3875 cui
365 3813 462 3893 genti,
484 3815 538 3876 sed
561 3814 679 3877 omnino
703 3814 749 3876 cui
772 3813 860 3894 globo
887 3812 987 3893 potius
1015 3812 1192 3875 credendum
1215 3810 1258 3872 sit
1279 3825 1437 3872 accensum

103 3922 171 3965 essa
194 3901 280 3964 sidus
299 3901 377 3964 hoc?
895 3951 898 3960 ,

190 3991 277 4052 Hunc
298 3991 328 4052 iu
352 3989 471 4052 modum
494 3997 642 4053 errantem
661 4009 707 4052 mc
725 3985 779 4072 pe'r
800 3989 900 4053 mundi
924 3987 1289 4068 amplitudinemrursuru
1303 3985 1343 4048 ad
1361 3983 1437 4046 hanc

102 4088 238 4146 nostram
261 4079 409 4143 Tellurem
436 4087 559 4141 revocat
586 4097 696 4160 magna
717 4079 807 4141 trium
828 4079 1016 4156 planetarum
1043 4073 1243 4157 conjunctio,⁸
1256 4092 1331 4155 quae
1355 4073 1437 4135 sidus

102 4174 158 4236 hoc
181 4169 451 4232 circumsteterunt.
480 4167 529 4230 Da
552 4169 638 4244 enim,
662 4167 739 4248 quod
762 4167 830 4231 huic
848 4167 911 4247 jam
934 4166 1102 4230 sententiaa
1125 4165 1274 4247 proprium
1298 4169 1355 4238 est,
1378 4181 1436 4224 nou

103 4259 255 4325 fortuitum
280 4258 372 4320 fuisse
395 4257 472 4319 hunc
491 4257 598 4320 stellae
621 4275 794 4318 concursum
808 4275 873 4318 cum
887 4255 942 4318 illa
963 4255 1179 4336 conjunctione,
1203 4254 1257 4316 sed
1271 4252 1437 4335 quaesitum

105 4348 224 4412 aDeo:
244 4347 310 4427 jam
333 4353 414 4409 certe
432 4346 626 4428 convinceris,
642 4345 742 4408 Terris
764 4345 951 4425 potissimum
972 4344 1117 4412 illuxisse,
1140 4343 1242 4406 Terris
1262 4342 1434 4421 deputatum

104 4439 248 4519 fulgorem
270 4437 361 4510 hunc,
395 4435 468 4498 nulli
490 4443 647 4516 praeterea
669 4434 769 4514 globo.
814 4434 961 4513 Nuspiam
988 4433 1066 4496 enim
1097 4432 1155 4494 uisi
1177 4433 1207 4495 in
1230 4430 1330 4493 Terris
1352 4429 1434 4491 hisce

108 4526 226 4607 Jupiter
247 4525 341 4589 Marti
362 4524 446 4586 visus
469 4531 518 4586 est
546 4525 721 4605 conjunctus
744 4541 779 4585 eo
803 4522 861 4599 dia,
886 4541 942 4605 quo
965 4523 1055 4585 stella
1078 4521 1198 4584 effulsit.
1242 4519 1318 4581 Esto
1345 4518 1436 4598 igitur

105 4623 138 4678 ut
158 4615 211 4678 illa
233 4614 302 4678 anui
327 4611 422 4679 1572.
446 4613 537 4677 atella
560 4613 648 4676 fuerit
669 4631 798 4676 accensa
815 4613 864 4675 vel
878 4611 1097 4693 cynocephalis
1110 4609 1279 4674 Lucianicis
1302 4608 1332 4670 iu
1355 4606 1433 4670 Sirio

105 4704 154 4767 vel
175 4703 354 4768 Minotauris
385 4702 416 4765 iu
448 4701 613 4783 Sagittario
644 4702 851 4774 versantibus,
881 4701 950 4784 quia
981 4721 1036 4764 nec
1067 4701 1097 4763 in
1130 4699 1297 4780 eclipticam
1323 4716 1377 4760 nec
1399 4697 1430 4759 in

107 4793 242 4876 planetas
268 4794 389 4874 junctos
412 4792 577 4855 inciderat:
605 4793 679 4854 haec
703 4799 783 4854 carte
811 4798 917 4853 nostra
939 4791 1030 4854 stella
1053 4791 1122 4872 quia
1148 4807 1240 4872 propa
1268 4787 1434 4867 eclipticam

108 4883 202 4956 stetit,
225 4883 254 4944 in
272 4882 425 4964 globorum
446 4881 680 4965 planetariorum
702 4881 830 4961 gratiam
851 4881 957 4958 illuxit,
982 4887 1016 4944 ut
1032 4883 1152 4961 quorum
1171 4885 1268 4942 motus
1282 4876 1434 4940 zodiacum

183 4987 268 5039 ιοριιιι
281 4989 356 5039 osaea
370 4991 397 5032 u.
435 5005 438 5014 ·
1193 4981 1227 5035 47
