3700 5530
333 258 399 328 584
756 261 856 314 Literae
874 261 977 330 Kepleri
995 263 1145 332 monnone
1163 273 1264 318 mutuae

333 446 385 490 tres
413 437 525 490 admitto.
561 435 625 490 Sunt
648 444 697 490 tres
721 438 784 490 coeli
801 445 829 490 et
850 453 926 492 uuam
952 440 1057 492 coelum.
1092 441 1123 492 ld
1139 447 1312 506 repraesentat
1338 441 1483 508 parabolice
1506 441 1646 494 atamen
1665 449 1695 494 et

334 512 457 562 unitatem
483 509 599 560 dunen.
645 508 790 574 Supremam
817 510 913 562 eoelum
939 512 1059 562 invisibile
1085 514 1232 564 invisibilem
1259 515 1341 564 innuit
1367 528 1499 579 personam
1525 513 1576 564 Dei
1602 516 1694 578 pauis-

335 583 528 632 Firmameutum
547 581 674 632 atellam
692 582 796 632 fiuamm
814 583 918 632 denotat
935 598 1066 646 personam
1084 583 1133 634 Dei
1151 585 1195 636 filii
1212 585 1364 636 mediatoris.
1391 584 1485 636 Stellae
1503 586 1573 650 ipsae
1590 588 1694 650 magni-

332 653 424 703 tudinis
444 653 553 702 diversae
571 651 682 702 referunt
699 653 769 703 nobie
788 655 930 712 masnata,
950 655 1189 720 archiepiscopatum
1208 662 1234 706 et
1252 658 1435 721 episcopatum,
1455 659 1497 721 qui
1513 658 1539 706 iu
1558 657 1694 720 superficie

333 726 409 772 totius
423 723 514 774 Terrae
532 724 643 774 similiter
660 725 799 789 inaequalia
817 725 995 790 magnitudinis
1008 727 1058 776 sire
1077 727 1168 776 ordinis
1187 729 1280 790 passim
1292 733 1359 786 suut,
1378 729 1479 780 fueram
1496 733 1522 778 et
1533 727 1610 778 icturi
1622 735 1693 777 suut

332 793 446 858 Denique
465 794 560 845 coelum
578 802 673 860 septem
691 795 847 860 planetarum
866 801 1037 859 repraesentat
1055 799 1167 862 spiritum
1185 806 1301 850 sanctum
1320 814 1376 850 cum
1395 797 1410 848 7
1429 799 1603 857 sacramentis,
1623 813 1693 862 quae

333 866 366 916 ad
385 866 515 916 ecelesiam
533 866 681 916 militantem
699 869 832 932 perducat,
852 881 927 932 quare
945 869 1015 918 nobis
1027 883 1071 932 per
1088 868 1173 920 stellas
1190 870 1292 920 mobiles
1311 875 1545 934 repraesentantur:
1563 870 1640 918 Luna
1653 877 1694 919 est

331 935 405 986 stella
424 937 554 1000 Baptismi,
574 938 638 1003 quod
657 953 687 987 er
706 941 853 1004 cognatione
872 940 997 1004 utrimque
1016 953 1073 990 cum
1091 954 1157 1005 aqua
1175 941 1291 1006 colligere
1308 957 1456 1006 possumuss
1483 949 1508 992 et
1526 957 1570 1005 per
1588 941 1692 992 Lunam

331 1008 362 1056 fit
380 1010 498 1058 transitur
516 1009 549 1058 ad
573 1010 738 1073 coguitionem
766 1012 912 1075 reliquarum
939 1011 1074 1062 stellarum.
1111 1011 1248 1062 Mercurius
1275 1021 1313 1064 est
1338 1014 1413 1065 sulla
1434 1013 1600 1068 Matrimonii.
1631 1013 1692 1061 rub-

332 1079 444 1136 obscnra,
472 1093 545 1144 vaga.
582 1081 668 1130 Venus
688 1107 720 1117 —
740 1081 811 1131 Sacri
831 1081 936 1141 Ordinis,
965 1083 1073 1132 omnium
1100 1081 1271 1146 pulcherrima
1309 1081 1353 1134 Sol
1371 1111 1404 1120 —
1423 1084 1605 1143 l'neuitentiae,
1631 1083 1692 1140 dua.

333 1150 426 1208 nonina,
447 1165 496 1208 cnr,
514 1151 688 1202 ionanmninm
705 1152 852 1218 reliquarum
871 1153 997 1204 stellarum
1015 1153 1148 1210 mobilium,
1167 1153 1269 1217 perinde
1282 1162 1310 1204 ut
1323 1155 1453 1213 coniessio,
1473 1155 1595 1212 concido,
1614 1155 1691 1203 satia·

331 1221 408 1270 factio
426 1221 572 1285 reliquorum
600 1231 818 1274 sacramentorum.
855 1223 924 1276 Mars
944 1249 976 1260 -
996 1224 1210 1282 Confirmationis,
1235 1226 1333 1277 biennio
1352 1241 1496 1285 recurrens,
1521 1228 1603 1290 pueris
1622 1239 1692 1274 cnm-

332 1300 428 1356 petens,
448 1294 556 1357 aliquam
575 1297 742 1344 constantiam
761 1295 891 1345 denotans.
926 1296 1024 1360 Jupiter
1042 1319 1076 1330 -
1095 1295 1280 1358 Eucharistiae,
1300 1298 1424 1360 pubertati
1443 1311 1596 1364 congruens,
1616 1295 1694 1346 stella

332 1365 440 1413 omnium
456 1365 637 1428 jucundissima
655 1373 681 1418 et
698 1367 852 1416 suarbsima
890 1367 1011 1417 Saturnus
1032 1394 1062 1403 -
1084 1367 1215 1417 Extrema
1236 1369 1368 1419 unctionis.

420 1433 447 1485 Si
465 1437 519 1500 quis
537 1437 699 1501 proprietates
718 1445 929 1489 sacramentorum
948 1454 1003 1489 cum
1021 1440 1128 1490 motibus
1153 1439 1309 1503 planetarum
1334 1441 1460 1498 coniuret,
1480 1437 1651 1490 admirabilem
1669 1438 1691 1486 ia

332 1505 381 1555 hae
399 1508 425 1556 ia
443 1521 469 1556 re
488 1509 682 1558 concinnitatem
700 1511 813 1573 reperiet.
834 1535 867 1544 —

421 1587 460 1636 Ad
488 1588 552 1638 haec
579 1590 705 1654 respondit
731 1590 897 1653 Keplerur
923 1590 996 1652 paulo
1024 1596 1080 1654 port
1098 1587 1163 1651 (dies
1182 1587 1263 1660 deest)
1290 1591 1356 1640 bunc
1374 1592 1400 1641 iu
1421 1589 1537 1640 medum:
1565 1581 1691 1642 Literas

333 1665 424 1744 luae,
449 1667 553 1747 Magn.
579 1679 610 1731 et
633 1671 711 1733 Nob.
737 1671 794 1732 Vir
817 1671 863 1732 his
887 1671 993 1732 diebus
1021 1689 1132 1752 magna
1160 1673 1278 1733 laetitia
1302 1673 1415 1754 accepi.
1461 1670 1558 1750 Igitur
1582 1669 1690 1730 statim

334 1757 373 1816 ad
396 1760 635 1836 respondendum
656 1779 828 1834 conversus,
850 1761 928 1840 quod
947 1759 1152 1840 magnitudine
1173 1761 1336 1822 officiorum
1355 1781 1414 1823 nnn
1428 1777 1559 1842 possum,
1583 1775 1690 1839 prom·

331 1845 458 1908 titudine
483 1855 515 1908 et
538 1847 680 1930 obsequio
705 1849 812 1910 testari
835 1849 916 1910 volui
940 1869 1038 1910 meam
1061 1849 1284 1928 gratitudinem.

423 1953 532 2014 Libelii
555 1955 615 2016 mei
635 1955 671 2016 de
696 1955 794 2016 Stella
817 1963 919 2034 partes
944 1964 1015 2016 eunt
1037 1956 1160 2028 multae,
1184 1973 1308 2036 quarum
1331 1974 1407 2029 eam,
1432 1973 1509 2036 quse
1533 1953 1690 2034 significa-

331 2040 463 2104 tionibus
489 2051 545 2116 est,
570 2043 683 2106 minimi
707 2045 799 2118 iacio;
824 2045 882 2106 etsi
906 2045 1002 2106 muita
1025 2045 1162 2124 inspersa
1185 2043 1402 2125 philosophica.
1447 2043 1523 2106 Cum
1543 2043 1690 2122 judiciuin

331 2130 375 2191 M.
400 2129 439 2192 V.
464 2139 606 2211 peterem,
633 2143 699 2194 erat
722 2133 793 2194 mihi
819 2133 898 2196 inter
920 2133 1084 2216 praecipua
1114 2134 1143 2194 in
1173 2133 1271 2196 enimn
1296 2133 1371 2212 (lap.
1395 2129 1513 2197 XXVI.
1538 2131 1689 2203 xxvss.

330 2228 366 2280 ut
389 2220 513 2292 scirem,
538 2239 694 2302 quamnam
720 2223 887 2301 expositis
912 2222 1099 2303 opinionibus
1123 2224 1299 2302 sequereris.
1347 2223 1393 2284 De
1418 2218 1690 2301 significationibus

330 2308 416 2369 vides
439 2328 485 2370 me
511 2309 593 2372 litem
617 2329 746 2373 movere.
794 2311 903 2373 Testor
926 2312 955 2373 in
979 2311 1184 2392 praefatione,
1217 2320 1316 2373 testor
1343 2310 1374 2372 in
1406 2309 1606 2372 conclusione.
1654 2309 1688 2370 ln

331 2406 569 2460 contentusero
598 2419 716 2480 semper
744 2420 865 2462 assumo
899 2399 1068 2480 hujusmodi
1100 2399 1260 2481 principia,
1296 2419 1372 2480 quae
1406 2408 1476 2462 sunt
1503 2419 1689 2474 sonnonem,

329 2505 424 2566 neque
449 2496 549 2550 tamen
575 2487 663 2550 facile
687 2490 865 2558 refutantur.
889 2490 1027 2569 populari
1050 2491 1244 2570 persuasione
1269 2489 1401 2552 suilulta.
1448 2487 1490 2550 Et
1513 2487 1584 2567 quid
1608 2487 1688 2548 aliud

329 2584 378 2636 est
411 2585 492 2638 totus
523 2577 657 2653 libellus,
693 2598 782 2658 quam
821 2579 953 2640 solennis
990 2577 1222 2656 inconprensa
1264 2579 1358 2640 totius
1398 2577 1461 2640 iere
1503 2575 1688 2655 astrologiae

328 2663 514 2744 judiciariae,
540 2666 613 2727 sniis
638 2667 810 2747 aspectibus
833 2668 863 2728 iu
888 2675 1013 2728 naturae
1036 2677 1140 2747 partes
1163 2667 1322 2729 traductis.
1369 2668 1477 2747 ltaque
1496 2667 1566 2726 dum
1582 2683 1688 2742 negas,

329 2755 550 2833 praedictiones
579 2775 676 2817 rerum
700 2756 927 2838 particularium
959 2757 1013 2817 niti
1046 2757 1143 2819 solido
1176 2766 1207 2818 et
1229 2755 1312 2818 firmo
1346 2756 1560 2828 fundamento,
1582 2753 1688 2814 babes

329 2863 377 2905 me
401 2843 638 2908 consentientem
661 2865 716 2906 nec
741 2846 821 2907 aliud
852 2865 890 2906 ex
921 2845 997 2906 libro
1025 2846 1161 2908 eviceris.
1207 2845 1253 2906 At
1284 2845 1404 2906 interim
1435 2845 1529 2926 pilam
1561 2843 1689 2904 eandem

330 2933 493 2994 identidem
517 2933 743 3014 repercutimus,
767 2935 847 3015 qnod
870 2933 988 2996 scilicet
1011 2954 1068 2996 nnn
1093 2935 1160 2998 iden
1184 2934 1258 2996 nihil
1289 2935 1405 2996 coelum
1437 2931 1563 3013 agatis
1587 2931 1687 2994 hnmi-

329 3040 410 3096 nem‚
436 3021 461 3082 si
486 3041 562 3102 quae
586 3023 696 3084 homini
720 3025 862 3086 eveniunt
884 3024 1081 3103 particularis
1112 3023 1245 3104 praedici
1275 3042 1334 3084 non
1361 3032 1500 3102 possunt.
1548 3020 1688 3082 Praedici

331 3111 461 3171 fortasse
484 3110 583 3190 potuit
606 3120 773 3192 tempestas
795 3113 825 3174 in
851 3113 918 3173 lacu
943 3111 1143 3176 Genesareth.
1176 3111 1222 3173 At
1246 3110 1401 3174 Christum
1424 3111 1455 3171 in
1478 3109 1547 3172 navi
1571 3110 1688 3172 dormi-

329 3206 435 3272 turum,
462 3198 625 3278 discipulos
649 3201 862 3280 trepidaturos,
888 3201 1022 3282 praedici
1045 3222 1103 3264 nnn
1126 3200 1235 3282 potuit.
1282 3201 1463 3282 Tempestas
1491 3199 1569 3260 enim
1593 3207 1686 3260 natu-

330 3287 424 3348 ralem
449 3288 526 3348 inrte
550 3308 674 3352 oausam
696 3291 811 3366 habuit3
835 3299 991 3370 aspectum
1006 3292 1181 3363 coelestem,
1206 3289 1360 3352 Christum
1383 3307 1528 3352 veronen
1544 3298 1688 3368 aspectus

328 3375 382 3436 sed
406 3373 562 3438 arbitrium
585 3377 616 3439 in
643 3379 744 3441 navim
774 3380 942 3442 induxerat.
989 3379 1098 3460 Itaque
1128 3399 1222 3442 causa
1244 3380 1327 3440 nulla
1354 3385 1416 3451 est,
1445 3397 1498 3440 cur
1520 3377 1687 3438 Martinum

329 3463 387 3524 Dei
410 3463 469 3526 Rio
493 3465 540 3525 hic
563 3467 734 3548 repudium,
758 3467 787 3530 iu
812 3468 863 3530 iiio
887 3477 1029 3530 accurate
1053 3469 1190 3530 examine
1223 3467 1407 3548 astrologiae
1440 3465 1552 3546 aliquid
1583 3473 1685 3527 tamen

330 3553 414 3616 cneio
439 3553 571 3617 dantem.
618 3555 682 3616 Alii
704 3575 785 3633 vern,
810 3557 858 3638 qui
882 3558 998 3620 coelum
1020 3557 1107 3638 ajunt
1130 3557 1273 3620 inclinare
1298 3576 1356 3618 nnn
1380 3555 1582 3632 necessitate,
1607 3553 1687 3636 quod

328 3644 428 3704 altera
459 3663 549 3706 manu
582 3645 729 3708 dederant
759 3647 855 3708 altera
887 3665 1004 3710 rursum
1037 3646 1187 3726 eripiunt;
1225 3645 1369 3708 inclinare
1407 3644 1613 3724 intelligentes
1646 3641 1684 3704 ad

327 3732 540 3812 particularia,
567 3753 644 3814 quae
668 3735 878 3798 suntarbitrii
902 3747 1081 3811 anteesse,
1114 3743 1148 3797 ut
1172 3736 1211 3796 sd
1234 3737 1364 3808 caedes,
1397 3735 1437 3796 ed
1461 3734 1614 3806 incestus,
1647 3731 1685 3792 ad

327 3822 406 3882 ictus
436 3821 616 3902 ignitorum:
655 3824 734 3904 quod
762 3843 835 3886 sane
864 3843 921 3886 nnn
950 3823 1059 3904 probo:
1098 3825 1181 3886 nulia
1213 3824 1292 3884 enim
1325 3823 1397 3884 talis
1430 3831 1480 3883 est
1506 3841 1564 3883 nnn
1598 3819 1685 3881 modo

326 3910 513 3981 necessitas,
546 3913 601 3974 sed
625 3932 661 3974 ne
685 3913 840 3976 inclinatio
865 3914 992 3995 quidem.
1040 3913 1200 3975 inclinatio
1223 3931 1295 3974 vero
1321 3931 1357 3972 ex
1381 3911 1467 3973 eneln
1490 3911 1568 3991 petit
1591 3909 1684 3970 affec-

326 4007 375 4060 tus
399 3999 526 4062 hominis
551 4009 725 4082 ceteraeque
750 4004 855 4064 brutas
879 4004 1052 4066 facultates.
1091 4002 1154 4066 Sed
1177 4001 1280 4080 accipe
1304 4001 1383 4082 quod
1405 3999 1511 4079 petisti
1530 3999 1683 4079 judicium.

416 4086 617 4169 (inseparatur
640 4092 687 4152 hic
711 4093 827 4154 coelum
850 4111 917 4154 cum
941 4091 1080 4155 ecclesia.
1127 4089 1299 4153 Probabile.
1346 4090 1426 4153 Nam
1450 4089 1533 4150 Deus
1557 4087 1684 4168 popula-

325 4174 401 4237 riter
424 4179 557 4242 creditur
578 4181 665 4241 nobis
689 4180 726 4241 de
750 4182 840 4243 rebus
864 4183 976 4244 nostris
999 4183 1032 4244 in
1055 4181 1156 4243 Terris
1180 4180 1267 4258 signa
1298 4178 1435 4240 mittere:
1468 4175 1564 4239 mittit
1586 4186 1685 4238 autem

325 4264 415 4344 signa
437 4267 474 4329 de
499 4269 595 4330 coelo.
643 4266 768 4332 Ocelum
792 4270 884 4350 igitur
907 4271 1011 4351 signat
1032 4289 1081 4331 res
1112 4278 1244 4332 nostras.
1289 4265 1338 4328 Ex
1367 4267 1455 4328 rebus
1484 4266 1597 4327 nostris
1629 4283 1685 4345 po-

327 4353 465 4418 tissimae
489 4357 725 4433 ecclesiasticae,
750 4359 908 4441 inquibus
933 4359 1048 4420 animus
1073 4366 1251 4438 occupetur,
1274 4356 1330 4418 illa
1351 4374 1424 4436 pars
1447 4355 1587 4426 hominis,
1612 4371 1686 4436 quae

327 4451 400 4522 apta
438 4453 486 4507 eet
528 4445 643 4508 moveri
677 4465 696 4508 a
728 4446 822 4527 signis
857 4447 975 4510 divinis.
1037 4445 1134 4528 Signa
1171 4447 1263 4526 igitur
1300 4443 1447 4508 coelestia
1483 4444 1608 4524 signant
1639 4461 1687 4504 res

327 4533 485 4595 ecciesiae.
533 4533 710 4596 Auctoritas
735 4555 761 4598 s.
786 4537 940 4598 literarum
971 4535 1133 4599 ecclesiam
1156 4543 1315 4615 comparat
1337 4534 1456 4608 Lunae,
1488 4532 1688 4614 particulares

267 4689 272 4695 ,
328 4622 475 4684 ecclesias
508 4632 626 4703 septem
649 4623 743 4686 Asiae
773 4632 932 4705 comparat
954 4633 1071 4705 septem
1102 4625 1200 4689 stellis
1233 4643 1393 4704 esmmque
1427 4623 1571 4702 angelos,
1604 4622 1634 4682 h.
1660 4639 1688 4682 e.

328 4725 495 4791 episcopos.
