3700 5530
239 1195 478 1269 merome
504 1198 627 1272 nom
654 1199 866 1300 alume,
894 1197 1028 1278 211011
1056 1200 1213 1274 arms
1240 1199 1411 1274 1111017.
1437 1200 1502 1272 H*

457 1336 608 1414 11111111.
636 1339 810 1414 ruham
837 1339 895 1414 nt
922 1339 1278 1416 spermatum
1476 1347 1482 1358 “

815 1509 921 1524 ..ud—

776 1559 909 1700 Caput·
926 1601 956 1676 Ι.

280 1771 370 1834 Anno
404 1771 442 1834 ah
473 1791 545 1835 aera
578 1773 820 1839 Christianomm
851 1776 1011 1838 millesimo
1043 1775 1263 1838 sexcentesimo
1297 1785 1419 1859 quarto,
1458 1776 1544 1856 cujus

193 1859 313 1922 initium
339 1861 508 1924 Nativitate
538 1863 661 1925 Domini
692 1865 789 1926 nostri
817 1866 892 1928 Jesu
922 1863 1036 1928 Christi
1058 1863 1117 1927 Dei
1147 1873 1178 1927 et
1205 1865 1345 1928 Hominis
1376 1885 1414 1927 ex
1443 1865 1545 1930 Maria

192 1947 321 2028 Virgine
351 1949 468 2030 aliquot
497 1950 584 2012 aunis
612 1953 766 2031 posterius
794 1972 862 2016 esse
893 1951 1069 2032 chronologi
1096 1953 1234 2016 hodierni
1261 1953 1433 2034 disputant3
1465 1972 1544 2015 anno

189 2035 286 2116 primo
310 2037 426 2116 periodi
449 2038 652 2118 astrologicae
676 2041 916 2120 octingentomm
938 2060 1083 2104 annorum
1111 2061 1131 2101 a
1152 2041 1330 2122 triplicitate
1361 2043 1450 2122 ignea
1474 2060 1543 2102 sur-

189 2124 301 2210 gentis,
324 2145 344 2185 a
358 2126 466 2188 mundo
483 2127 604 2208 condito
620 2137 762 2203 octavae,
786 2149 876 2210 quam
891 2129 1015 2192 Saturni
1029 2129 1174 2210 ,Iovisque
1191 2148 1373 2210 congressus
1389 2129 1419 2190 in
1436 2137 1543 2192 octavo

189 2213 285 2292 gradu
300 2212 460 2293 Sagittarii
484 2215 649 2294 superioris
671 2217 741 2279 anni
766 2211 859 2280 1603.
885 2217 934 2278 die
955 2211 1038 2298 7117.
1056 2217 1232 2280 Decembris
1250 2217 1315 2296 jam
1339 2217 1543 2290 inchoaverat,

189 2301 315 2364 absente
338 2311 439 2364 tamen
453 2303 571 2379 Marte3
596 2323 663 2366 cum
680 2313 837 2368 exstarent
853 2305 919 2383 jam
938 2325 956 2364 a
975 2304 1078 2367 multis
1101 2305 1188 2366 annis
1203 2305 1306 2367 variae
1323 2306 1543 2384 astrologorum

190 2389 413 2470 praedictiones
438 2390 475 2450 de
498 2391 672 2454 revolvente
695 2393 815 2472 trigono
837 2393 925 2474 igneo
956 2393 1180 2472 etiugentibus
1209 2393 1357 2473 prodigiis
1386 2411 1543 2474 remmque

189 2477 378 2559 publicamm
399 2477 531 2542 motibus
554 2499 593 2540 ex
614 2479 671 2542 hoc
695 2500 773 2543 anno
801 2476 893 2543 1604.
918 2482 1140 2556 consecuturis3
1172 2500 1296 2562 cumque
1320 2481 1388 2541 ideo
1413 2481 1543 2542 omnium

191 2567 283 2630 animi
305 2565 337 2628 in
359 2586 409 2628 ras
432 2583 528 2628 novas
551 2577 656 2630 esseut
682 2569 774 2632 erecti
780 2588 790 2646 3
817 2570 939 2650 jamque
970 2569 1061 2630 etiam
1083 2569 1184 2632 Marte
1208 2569 1372 2630 Saturnum
1402 2577 1542 2647 praeter-

190 2673 297 2734 gresso
320 2655 351 2716 iu
377 2647 442 2718 10ο
463 2653 634 2734 Sagittarii,
662 2656 703 2718 ad
725 2657 804 2719 diem
831 2649 934 2738 16126.
959 2655 1152 2738 Septembris
1173 2651 1205 2718 et
1229 2657 1297 2718 hinc
1320 2657 1468 2735 paulatim
1491 2673 1543 2716 se-

191 2743 351 2824 quentihus
375 2743 480 2806 diebus
503 2743 542 2806 ad
556 2745 676 2821 Joveru,
699 2743 752 2826 qui
770 2745 834 2826 jam
850 2763 904 2826 per
918 2745 1063 2825 pauculos
1083 2745 1195 2824 gradus
1213 2743 1377 2807 Saturnum
1393 2751 1544 2818 evaserat,

191 2839 389 2911 properante,
426 2850 515 2912 quem
546 2832 573 2894 si
605 2841 836 2914 assequeretur,
876 2832 1096 2912 conjunctionis
1133 2851 1261 2912 magnae
1293 2832 1544 2912 complementum

185 2919 361 3000 justumque
388 2919 508 2984 titulum
536 2938 574 2982 ex
597 2921 818 3000 astrologorum
842 2921 982 2984 doctrina
1004 2921 1195 2982 confecturus
1217 2927 1299 2994 erpt3
1323 2939 1391 2982 cum
1413 2919 1545 2982 omniurn

191 3015 443 3082 astronomorum,
466 3007 516 3089 qui
539 3007 680 3087 gnaviter
701 3029 787 3072 snam
809 3009 1029 3090 professionem
1052 3009 1172 3084 obeunt,
1197 3008 1275 3070 oculi
1290 3007 1331 3069 ad
1346 3008 1403 3070 hoc
1419 3014 1544 3069 naturas
1647 3055 1650 3064 ,

191 3095 395 3176 spectaculum
418 3095 633 3158 continentium
650 3097 765 3160 diorum
779 3097 915 3178 vesperis
932 3095 1091 3175 diligenter
1106 3104 1210 3158 essent
1231 3095 1355 3170 intenti,
1379 3094 1432 3158 alii
1447 3093 1544 3156 corri-

190 3185 356 3264 gendorum
378 3191 527 3258 motuum,
558 3184 611 3246 alii
635 3184 863 3260 delectationis,
894 3185 948 3246 alii
973 3184 1164 3246 solennitatis
1187 3192 1234 3246 tot
1256 3184 1426 3245 seculomm
1447 3181 1544 3244 inter-

185 3273 273 3354 jectu
294 3272 463 3346 redeuntis,
494 3271 547 3333 alii
569 3272 808 3352 praedictionum
831 3272 946 3348 studio,
977 3273 1098 3355 quidam
1122 3271 1212 3334 etiam
1242 3271 1427 3352 exploraturi
1456 3271 1544 3332 tidem

193 3379 315 3422 snamm
337 3381 562 3440 apooppnoaov,
585 3367 619 3422 ut
641 3361 691 3442 qui
715 3380 752 3422 ex
766 3359 903 3424 Arabum
926 3361 1063 3424 doctrina
1078 3360 1202 3422 disertis
1218 3359 1320 3421 verbis
1334 3359 1393 3422 hoc
1409 3367 1544 3438 tempore

191 3449 337 3510 oriturum
360 3456 509 3511 cometam
537 3448 767 3530 praedixerant3
784 3447 810 3522 ²)
840 3468 907 3510 oum
929 3467 986 3528 ego
1009 3451 1127 3528 Pragae
1150 3448 1200 3511 die
1225 3445 1329 3520 17127.
1354 3445 1544 3527 Septembris

192 3535 355 3598 serenitate
378 3555 446 3600 cum
468 3535 606 3616 digressu
621 3538 733 3600 Martis
756 3557 775 3598 a
798 3535 940 3612 Saturno,
963 3543 998 3598 ut
1015 3538 1058 3611 lit,
1081 3535 1234 3612 restituta,
1258 3555 1362 3598 omnes
1385 3543 1450 3596 tres
1472 3533 1542 3613 pla-

191 3631 279 3686 netas
309 3624 481 3704 superiores
512 3624 723 3688 observassem
753 3625 929 3705 diligenter,
958 3625 999 3686 ad
1019 3625 1153 3688 Martem
1182 3633 1214 3688 et
1239 3625 1350 3686 Jovsur
1378 3621 1543 3702 appropin-

191 3719 319 3792 quantes
342 3711 547 3793 respexissem
569 3709 622 3776 23.
646 3713 730 3794 Sept.
755 3713 805 3776 vel
827 3710 857 3778 3.
883 3713 971 3788 Oct,
993 3713 1074 3776 idem
1095 3713 1242 3776 fecissent
1262 3713 1399 3774 Josunes
1414 3707 1544 3772 Schuler

192 3799 384 3864 amanuensis
414 3819 499 3864 meus
531 3797 583 3865 27.
608 3801 693 3881 Sept
722 3801 772 3862 vel
796 3802 825 3865 7.
851 3801 920 3868 Oct.
952 3809 984 3862 at
1011 3802 1147 3864 Josunes
1169 3797 1374 3880 Brunovslry,
1405 3795 1544 3858 minister

189 3886 325 3950 illustris
345 3888 385 3952 D·
410 3887 564 3968 Rodolphi
588 3887 766 3963 Coraducii,
790 3889 1042 3952 Viceeancellarii
1064 3888 1203 3968 Imperii,
1234 3887 1282 3948 die
1305 3882 1359 3948 28.
1384 3884 1469 3964 Sept
1494 3881 1544 3944 vel

189 3973 222 4040 8.
247 3975 316 4040 Oct
340 3975 425 4040 coelo
448 3976 501 4038 vix
523 3975 698 4039 dehiscente
717 3975 900 4052 nubibus,*)
923 3977 1004 4040 idem
1026 3975 1131 4038 eodem
1151 3975 1201 4037 die
1216 3981 1248 4035 et
1261 3973 1424 4036 Helisaeus
1438 3972 1543 4034 Roas-

278 4174 307 4242 *1
327 4172 357 4228 Si
377 4172 448 4226 haec
469 4187 537 4225 vera
556 4179 635 4235 sunt,
657 4169 698 4225 nti
719 4176 785 4226 aunt
805 4169 911 4242 quidem
932 4170 1092 4224 remurinus:
1114 4165 1283 4239 impossibile
1303 4175 1361 4234 eat,
1382 4183 1541 4232 versasse,

189 4269 261 4324 quae
283 4253 420 4323 Georgius
449 4251 537 4322 Spste
566 4251 716 4322 presbyter
745 4251 913 4305 Pomeranus
944 4249 1066 4304 Herlioio
1096 4249 1184 4302 dixit:
1213 4247 1308 4302 Visam
1339 4247 1463 4302 nimirum
1495 4243 1541 4302 17.

190 4331 239 4387 27.
260 4329 430 4402 Septembris
460 4330 548 4400 primo
578 4330 713 4385 omniurn:
744 4329 912 4400 impossibile
941 4335 971 4382 et
994 4329 1077 4394 illud,
1109 4329 1179 4398 quod
1199 4328 1336 4382 Antonius
1356 4324 1543 4384 Laurentinus

189 4411 353 4476 Politianus,
375 4409 449 4463 edito
470 4408 542 4462 libro
562 4409 700 4463 idiomatis
722 4409 822 4472 ltalioi,
844 4409 981 4462 affirmat:
1005 4407 1206 4474 ,Observatum
1226 4423 1288 4461 esse
1308 4405 1352 4459 die
1372 4405 1400 4461 8.
1416 4403 1543 4460 Octobris

190 4489 299 4543 circiter
321 4489 373 4545 18ο
390 4491 428 4557 l,
449 4487 478 4540 in
505 4503 559 4557 quo
584 4487 681 4560 siguo,
713 4488 793 4560 quasi
812 4487 841 4541 in
861 4487 998 4558 ipsissimo
1025 4487 1074 4541 illo
1099 4487 1142 4539 die
1172 4485 1321 4556 contigerit
1339 4485 1437 4539 Joram
1457 4481 1543 4538 Marti

191 4567 331 4640 coniungi,
345 4568 466 4622 Saturno
476 4581 530 4619 non
544 4565 630 4636 longe
644 4567 770 4631 absente,
785 4567 866 4622 Luna
878 4583 930 4636 per
938 4565 1061 4620 Arietem
1075 4571 1210 4630 comente,
1225 4565 1305 4636 quasi
1317 4581 1369 4635 per
1382 4563 1543 4618 diametrum

191 4646 321 4716 opposita
338 4644 425 4702 soli!
455 4645 560 4698 Horum
579 4650 697 4715 uterque
717 4647 845 4700 sinnam
864 4661 958 4700 vocem
980 4641 1026 4714 (ut
1045 4643 1128 4715 puto)
1148 4644 1195 4697 rel
1216 4641 1260 4711 (ut
1279 4639 1387 4714 opinor)
1408 4643 1444 4696 ad
1465 4657 1544 4698 susm

190 4724 367 4779 traditionem
387 4724 573 4794 apposuisset,
594 4737 694 4778 carere
714 4723 853 4795 potuisset
873 4723 1054 4780 acerbitatem
1080 4722 1185 4778 dicendi
1205 4722 1233 4777 in
1253 4739 1284 4777 se
1305 4721 1471 4778 concitatam
1491 4721 1544 4776 hoo

191 4804 265 4857 nudo
285 4803 431 4860 affirmato.
460 4802 553 4856 Causa
572 4803 645 4856 enim
666 4819 737 4876 quaa
758 4803 874 4858 moverit
893 4809 1047 4876 utrumque,
1068 4809 1151 4874 patet
1164 4819 1201 4856 ex
1214 4801 1452 4872 Ephemeridibua.
1478 4801 1552 4857 Nam
