3684 5518
749 301 831 368 Caput
848 303 881 354 V.
901 301 926 355 3.

240 475 466 557 Propositio
488 475 591 538 XVII.
634 474 672 538 Si
695 477 822 538 oculus
845 477 946 540 ultra
969 480 1164 543 terminum

154 563 471 628 intersectionem
498 561 774 644 propositionis
800 563 851 629 15.
877 587 895 627 1
918 569 1026 646 globo
1050 587 1162 630 remo-

157 661 302 726 veatur,
338 651 513 732 quiequid
540 659 627 732 post
658 652 808 731 globum
841 655 941 716 ultre
973 657 1163 719 terminum

160 741 325 804 ultimum
357 741 679 813 intersectionum,
713 760 804 821 quas
827 741 896 803 hae
921 743 1017 806 oculi
1041 745 1162 806 radis-

159 829 282 890 tiones
306 848 377 891 non
400 829 608 908 parallelae
632 829 794 903 faciunt,
819 831 1048 906 collocatur,
1081 833 1163 912 ejus

159 919 278 995 imago
298 935 435 979 everso
453 917 529 980 situ
553 925 712 997 apparet
729 917 774 978 in·
788 919 990 998 superficie
1010 920 1162 998 globi.*)

159 1005 208 1068 Sit
229 1002 347 1068 EGHF
379 1005 501 1085 globus,
536 1013 639 1067 centro
662 1005 696 1080 I,
729 1006 805 1068 DIA
837 1008 923 1081 axis,
955 1009 984 1069 in
1017 1028 1051 1068 eo
1076 1008 1164 1082 T,R

158 1091 276 1156 termini
299 1092 544 1156 intersectionnm
568 1094 788 1173 parallelorum,
814 1093 847 1165 S,
867 1097 899 1156 M
924 1097 1042 1158 tormini
1064 1097 1161 1158 inter-

158 1181 326 1243 sectionum
339 1200 396 1243 non
410 1182 633 1261 parallelorum,
656 1182 710 1242 sed
726 1201 827 1244 earum
851 1183 1061 1259 radiationum,
1086 1204 1161 1265 qnae

157 1289 196 1330 ex
217 1269 247 1330 D
270 1269 411 1343 veniunt,
445 1269 543 1349 sitque
566 1270 595 1331 D
618 1270 741 1344 oculus,
774 1271 830 1333 NP
853 1291 901 1332 res
929 1272 1074 1342 visibilis,
1112 1272 1161 1334 ille

158 1357 301 1420 remotior
333 1376 420 1437 quam
444 1357 513 1432 TR,
547 1359 622 1420 haec
652 1377 741 1437 quam
764 1359 838 1420 AM.
884 1360 960 1422 Dico
984 1361 1040 1422 NP
1065 1361 1162 1422 visum

158 1445 194 1508 iri
227 1463 363 1508 eversam
396 1446 425 1507 in
455 1447 510 1508 ΡΗ
542 1446 707 1525 superficie.
761 1446 901 1520 Etenim,
933 1449 1002 1528 quia
1033 1467 1082 1510 res
1115 1457 1163 1510 cst

158 1541 244 1596 extra
269 1533 528 1608 intersectionem,
558 1534 631 1596 nulli
660 1533 752 1613 igitur
782 1535 857 1597 radii
888 1537 926 1598 ad
949 1535 1005 1598 NP
1029 1543 1163 1600 extrema
1270 1612 1271 1615 Ἴ
1354 1598 1369 1607 ,
1395 1600 1399 1627 ¹

158 1641 197 1683 ex
219 1621 248 1683 D
271 1621 402 1697 venient,
428 1622 476 1701 qui
501 1642 558 1684 non
581 1623 662 1684 inter
684 1620 717 1691 S,
732 1623 767 1683 M
789 1622 850 1684 sint
871 1625 1038 1688 intersecti.
1062 1626 1162 1688 Inter·
1267 1618 1273 1633 ²

158 1718 263 1772 secent
295 1709 333 1784 ii,
367 1709 417 1789 qui
448 1718 584 1772 extrema
616 1711 884 1790 comprehendunt,
913 1732 981 1776 sese
1005 1713 1034 1774 iu
1058 1715 1106 1786 A,
1132 1721 1162 1774 et

158 1797 221 1860 sint
252 1797 409 1874 DFEAP,
441 1796 612 1874 DHGAN,
644 1798 738 1878 igitur
768 1818 822 1878 per
850 1796 880 1862 6.
912 1801 1163 1882 praemissamN

158 1886 315 1966 putsbitnr
337 1887 366 1948 in
388 1887 419 1948 Η
442 1895 474 1948 11
496 1887 520 1948 P
543 1888 572 1949 in
596 1887 772 1950 Fhaerere.
811 1886 920 1969 Sicque
945 1897 1080 1952 extrema
1103 1889 1163 1950 sito

159 1981 341 2038 commutato
375 1983 533 2054 apparent.
589 1975 634 2036 At
666 1974 736 2055 quia
768 1975 858 2037 etiam
891 1997 968 2058 quse
998 1977 1076 2040 inter
1107 1978 1164 2041 NP

158 2063 335 2140 interjectae
356 2071 426 2126 sunt
448 2069 561 2142 partes,
586 2063 665 2126 ultra
679 2063 712 2124 M
731 2072 864 2125 remotas
882 2071 961 2138 sunt,
986 2065 1164 2128 videbuntur

160 2150 252 2212 radiis
283 2151 363 2212 inter
385 2151 448 2226 DF,
473 2151 533 2213 ΒΗ
565 2151 748 2214 intermediis
773 2161 804 2213 et
832 2171 900 2216 sese
932 2173 987 2232 per
1010 2151 1038 2217 9.
1072 2173 1163 2233 prae·

160 2240 282 2302 missam
304 2246 376 2318 post
396 2237 428 2302 A
450 2239 605 2313 secabunt,
630 2240 710 2302 iutra
733 2248 833 2302 tamen
852 2241 886 2302 M
909 2241 1076 2304 terminum.
1115 2243 1165 2304 lta

160 2347 228 2390 sese
252 2333 408 2402 secantes,
436 2335 540 2406 partes
564 2346 679 2408 quoque
707 2328 866 2390 interiores
890 2348 992 2392 omues
1017 2337 1163 2392 evertant.

160 2416 204 2478 Ut
226 2415 269 2477 ita
291 2433 341 2478 res
363 2423 431 2478 tota
454 2434 560 2476 everso
584 2415 644 2477 situ
668 2425 824 2495 appareat.

248 2513 460 2570 Corollaria.
505 2516 531 2569 1.
566 2515 652 2568 Patet
679 2514 758 2578 hinc,
790 2517 868 2570 oculo
888 2517 914 2570 D
942 2516 1053 2588 lougius
1083 2517 1167 2571 etiam

160 2593 280 2648 distante
301 2611 383 2665 quam
396 2595 452 2658 BT,
475 2594 497 2649 si
513 2601 605 2649 tamen
619 2593 668 2648 NP
690 2594 772 2648 fuerit
786 2594 858 2648 inter
871 2595 928 2658 SM,
951 2597 1052 2665 partim
1072 2614 1168 2650 everso

161 2674 216 2728 situ
237 2672 276 2740 (iu
297 2674 428 2729 extremis
448 2670 559 2744 nempe)
581 2673 668 2727 risum
690 2673 731 2736 iri,
753 2674 855 2742 partim
877 2671 916 2738 (et
938 2675 964 2728 in
986 2671 1169 2744 intermediis)

161 2753 217 2807 situ
236 2759 329 2808 recto:
352 2760 381 2807 11
402 2755 517 2808 eandem
537 2753 622 2806 etiarn
648 2751 824 2816 circularem,
851 2754 935 2823 juxta
954 2755 989 2818 X,
1013 2755 1059 2808 43.
1082 2754 1169 2808 Vitel-

162 2832 260 2888 lionis:
281 2833 375 2904 itaque
397 2834 519 2886 confuse.

251 2912 278 2966 2.
316 2914 417 2975 Quodsi
445 2912 484 2966 sic
513 2917 641 2966 manente
670 2911 767 2976 oculo,
796 2911 844 2966 NP
872 2913 909 2964 sit
937 2913 1021 2968 etiam
1052 2912 1124 2966 intra
1152 2913 1171 2967 S

162 2991 281 3046 citimum
301 2991 503 3047 intersectionis
524 2991 677 3053 terminum,
700 2999 763 3044 tcta
784 2997 879 3046 erecta
899 2991 1044 3048 videbitur.

250 3071 276 3126 3.
327 3071 356 3126 Si
392 3089 458 3126 vero
490 3071 584 3127 oculus
614 3069 689 3124 intra
718 3071 766 3124 TR
796 3070 848 3134 sit,
879 3071 1120 3127 intersectionibus
1145 3071 1174 3126 in

161 3151 295 3206 inlinitum
325 3152 535 3206 excurrentibus
567 3157 598 3205 et
626 3149 765 3220 aliquibus
795 3167 831 3203 ex
861 3152 941 3205 oculo
974 3151 1174 3206 radiationibus

163 3231 341 3302 paralleliter
360 3232 505 3286 refractis:
532 3231 555 3285 si
575 3235 642 3285 tunc
661 3247 706 3284 res
728 3230 756 3283 in
777 3245 833 3284 axe
857 3231 942 3286 luerit
962 3232 1018 3286 sita
1038 3238 1068 3285 11
1088 3231 1174 3286 minor

165 3461 270 3515 intuito
299 3460 387 3524 absit,
419 3460 550 3515 terminus
584 3458 690 3514 citimus
719 3465 764 3513 111
788 3459 914 3528 proxime
943 3460 1056 3529 globum
1082 3461 1151 3515 inl.
1192 3464 1291 3534 Itaque
1321 3479 1430 3518 rursum
1459 3463 1520 3515 dum

164 3539 275 3594 radians
289 3557 308 3594 a
321 3539 483 3594 brevissima
503 3540 637 3594 distantia
651 3539 679 3594 in
699 3538 834 3594 infinitam
854 3539 989 3608 provenit,
1012 3540 1142 3595 terminus
1158 3541 1202 3595 hic
1223 3542 1335 3597 citerior
1356 3543 1393 3595 ab
1414 3535 1521 3594 inli'nita

149 3622 197 3674 ad
219 3619 409 3674 brevissimam
437 3619 598 3674 distantiam
623 3619 766 3674 decrescit.
807 3619 868 3674 Non
889 3626 984 3688 potest
1011 3628 1104 3674 autem
1124 3621 1196 3685 lieri,
1227 3631 1260 3676 111
1281 3622 1371 3676 causis
1393 3619 1520 3673 continue

163 3699 352 3754 crescentibus
373 3699 487 3753 effectus
508 3699 645 3753 interdum
666 3705 787 3763 crescat,
814 3706 873 3752 tum
894 3699 1069 3753 imminuatur
1091 3700 1198 3754 iterum.
1239 3701 1316 3772 Ergo
1337 3701 1421 3770 plane
1443 3697 1521 3752 initio

164 3779 303 3833 minimum
324 3785 435 3848 oportet
455 3795 526 3843 esse,
548 3780 601 3832 dne
623 3778 780 3833 maximum.
822 3779 964 3833 collocato
985 3779 1073 3849 igitur
1099 3780 1226 3834 radiante
1247 3797 1334 3851 prope
1355 3779 1392 3841 F,
1415 3777 1520 3831 citimus

164 3857 296 3913 terminus
326 3857 432 3928 quidem
454 3863 500 3912 111
528 3858 629 3928 aliquis
651 3863 681 3911 et
701 3858 786 3929 longe
808 3874 826 3911 a
846 3858 931 3929 globo
962 3859 1085 3922 distans,
1118 3861 1166 3912 sed
1187 3865 1279 3913 tamen
1311 3858 1440 3930 longrius,
1468 3855 1520 3910 imo

160 3937 264 3992 infinito
285 3937 390 3992 distans
412 3939 448 3992 ab
468 3937 565 3992 ultimo
586 3937 718 4001 termino,
741 3938 788 4007 qui
811 3937 1011 4005 ι1111111111
1038 3937 1187 4001 terminus,
1216 3955 1276 3993 cum
1298 3955 1353 3991 non
1381 3935 1518 3999 terminet,

161 4017 328 4072 sectionibus
354 4017 382 4071 in
409 4017 544 4072 infinitum
574 4017 795 4071 excurrentibus.
843 4017 906 4070 Non
935 4023 1028 4070 11111111
1054 4017 1106 4070 boc
1135 4017 1196 4072 vult
1228 4015 1418 4079 corollarium,
1450 4016 1520 4086 quod

161 4097 286 4151 radiante
307 4096 336 4150 in
356 4097 379 4151 F
398 4097 506 4152 citimus
526 4096 564 4152 sit
582 4096 714 4151 remotior
735 4112 818 4166 quam
837 4095 964 4149 radiante
985 4095 1014 4149 in
1034 4097 1055 4152 1.
1097 4097 1168 4150 Narn
1188 4097 1217 4151 in
1238 4098 1253 4151 I
1273 4105 1391 4167 uterque
1414 4095 1520 4149 citimus

160 4181 190 4230 et
211 4176 324 4230 ultimus
346 4175 374 4230 in
395 4175 528 4231 infinitum
549 4178 671 4230 abeunt:
693 4175 722 4229 in
740 4177 764 4229 F
783 4175 881 4229 ultimo
898 4174 959 4242 jam
978 4181 1156 4240 sanescente,
1178 4177 1286 4232 citimus
1312 4181 1405 4230 tamen
1426 4179 1520 4229 manet

161 4255 187 4309 in
207 4261 286 4310 certa
306 4255 447 4310 distantia.
490 4257 641 4326 Comparat
665 4255 753 4326 igitur
781 4255 956 4308 corollarium
976 4253 1020 4307 bic
1044 4260 1176 4324 punctum
1197 4258 1220 4310 F
1240 4273 1295 4310 non
1326 4271 1386 4310 cum
1412 4253 1519 4325 punctis

162 4335 192 4398 F,
213 4335 233 4399 l,
255 4337 304 4389 sed
324 4353 386 4389 cum
405 4351 436 4388 se
457 4329 644 4404 superioribus
665 4333 742 4388 tertii
763 4334 883 4404 generis.

249 4413 430 4468 Corollarium
452 4415 562 4468 tertium
584 4419 628 4467 est
649 4431 686 4467 ex
707 4413 864 4483 praemissis
886 4417 916 4466 et
936 4413 1086 4466 oculariter
1113 4414 1250 4468 declarari
1271 4421 1371 4483 potest
1393 4413 1422 4466 in
1441 4413 1518 4465 selre-

161 4493 302 4550 1111180.
344 4493 373 4550 Si
394 4495 466 4549 enim
486 4495 532 4547 111
553 4501 583 4549 11
602 4494 656 4547 HG
677 4491 732 4546 sint
752 4493 896 4561 paralleli,
924 4499 1006 4547 errmt
1032 4494 1165 4564 aequales
1186 4494 1234 4557 lD,
1257 4494 1308 4556 lA,
1336 4491 1405 4564 quia
1426 4491 1531 4566 aequi·¹

163 4589 266 4629 crurum
286 4575 372 4638 FDH,
393 4575 480 4636 EAG,
501 4575 583 4628 bases
605 4573 663 4634 ΓΗ,
684 4572 736 4625 EG
757 4573 897 4642 aequales,
919 4578 950 4625 et
971 4572 1069 4642 anguli
1090 4573 1125 4634 D,
1146 4577 1170 4626 A
1192 4573 1229 4626 ob
1248 4572 1435 4626 retractiones
1456 4585 1518 4623 eas·

164 4653 220 4706 dem
240 4654 267 4708 in
287 4655 317 4720 F,
339 4656 381 4718 H,
404 4661 434 4708 11
452 4654 487 4718 Ε,
509 4654 542 4708 G.
584 4653 661 4706 Tunc
691 4650 778 4720 igitur
806 4651 891 4705 etiam
919 4653 957 4706 nt
991 4651 1044 4721 ipsi
1072 4651 1104 4705 IS
1135 4652 1261 4722 aequalis
1289 4651 1344 4705 erit
1378 4647 1517 4720 (11118,

165 4731 246 4788 citimi
265 4733 321 4789 11111
341 4729 471 4798 termini),
495 4740 525 4788 et
543 4733 587 4796 ΙΤ.
609 4731 652 4786 m
674 4728 709 4796 (si
730 4730 761 4794 Τ,
782 4731 812 4786 Μ
832 4727 936 4800 ultimi)
957 4735 987 4784 11
1007 4730 1124 4802 denique
1145 4731 1201 4793 ΒΤ,
1223 4731 1273 4786 SM
1293 4731 1435 4802 aequales.

247 4808 275 4885 ·)
296 4812 382 4884 Cogit
407 4829 450 4866 me
474 4829 519 4867 res
550 4813 613 4884 ipsa
642 4810 812 4879 distinguere
842 4810 914 4863 inter
943 4809 1151 4864 intersectiones
1180 4827 1234 4864 nou
1262 4811 1462 4881 parallelorum
1486 4816 1518 4864 ot
