3700 5530
763 301 844 376 tepet
860 303 903 360 Π·
1441 305 1505 374 otc

159 486 217 550 hoc
239 487 311 552 mihi
334 487 487 564 credatur,
521 487 600 571 quod
621 486 687 550 Deo
718 488 911 569 permittente
943 486 1024 550 alibi¹
1040 485 1173 568 probabo
1199 487 1284 568 justo
1313 488 1404 552 libro:
1435 487 1504 550 huic

159 597 265 640 vocum
288 585 321 639 et
343 586 519 658 aspectuum
550 578 783 657 comparationi,
814 577 840 640 si
873 575 1041 658 quintilem,
1075 576 1274 660 biquintilqm,
1308 577 1504 659 sesquadmur

159 668 238 730 iuter
259 674 379 729 veteres
401 667 501 748 legas,
525 667 735 731 mathematice
759 667 799 730 ad
830 666 1084 731 absolutissimam
1112 665 1336 748 congruentiam
1358 667 1429 730 nihil
1448 667 1503 730 de-

159 775 238 832 esse,
261 756 335 819 nibil
358 755 446 838 objici
467 774 568 837 posse.

247 843 363 917 Quodsi
395 864 466 924 ergo
498 846 578 908 auris
614 844 756 919 hominis,
787 843 819 906 id
850 851 899 908 est
930 865 1037 908 sensns
1069 844 1203 919 auditus,
1239 845 1386 910 communi
1416 863 1506 908 sensu

158 935 330 1010 instructus,
358 932 389 996 id
411 933 521 1016 probat
541 936 572 998 iu
595 935 728 1008 vocibus,
750 933 829 1016 quod
852 935 1018 1014 geometria
1033 934 1208 1015 comprobat
1230 933 1260 996 iu
1274 934 1503 1016 quantitatibus,

159 1044 215 1087 nec
237 1032 358 1106 praetor
382 1026 565 1104 geometrica
592 1025 684 1088 ullum
710 1042 804 1104 genus
826 1042 923 1086 rernm
946 1024 1111 1105 excogitari
1143 1042 1197 1102 pro
1220 1042 1312 1088 cansa
1335 1043 1504 1088 consonan-

160 1115 268 1176 tiamm
291 1121 403 1193 potest,
428 1115 505 1195 quod
530 1113 665 1176 omnibus
677 1112 907 1194 particularibus
923 1111 1211 1175 considerationibus
1226 1114 1411 1177 satisfaciat:
1437 1113 1506 1194 quid

160 1221 232 1284 rogo
255 1203 347 1266 Picus
368 1203 582 1284 respondebit?
626 1203 706 1266 Nam
736 1221 841 1264 vocum
871 1202 1084 1264 concordantia
1114 1219 1168 1282 per
1199 1222 1232 1264 se
1262 1203 1335 1266 nihil
1366 1215 1507 1285 operatur

160 1292 271 1355 effluxu
294 1293 422 1374 quodam
445 1287 647 1354 inhominem
670 1292 729 1354 alio
753 1309 842 1373 qoam
865 1292 1026 1364 sensitivo,
1059 1309 1114 1352 neo
1137 1291 1228 1354 ullum
1251 1292 1376 1356 hilarem
1399 1293 1507 1356 humo·

159 1399 223 1444 rem
245 1399 300 1462 per
322 1400 356 1443 se
379 1399 522 1462 generare
545 1389 658 1464 potest.
703 1379 833 1444 Accedit
854 1400 924 1442 vero
948 1381 1048 1443 anima
1070 1380 1214 1443 sensitiva
1229 1381 1257 1443 in
1278 1381 1406 1458 homine,
1431 1399 1506 1463 quae

160 1489 217 1534 usa
239 1489 380 1533 sensuum
403 1471 541 1550 organis,
575 1489 664 1534 sonos
696 1469 813 1551 quidem
846 1470 1007 1532 introrsum
1035 1469 1154 1550 recipit,
1186 1470 1409 1551 proportionem
1424 1461 1506 1534 'vero

160 1559 312 1636 aestimat,
337 1560 525 1624 aestimando
548 1561 672 1640 probam
695 1567 726 1621 et
749 1559 961 1640 geometricam
985 1578 1052 1622 sese
1071 1559 1220 1622 exhilarat
1238 1579 1380 1642 suumque
1400 1571 1514 1640 corpus'

160 1667 288 1728 congrua
316 1657 427 1712 movet.
482 1650 568 1712 Haec
597 1649 698 1730 utiquc
728 1667 785 1710 uon
817 1649 1043 1712 ratiocinatione
1070 1649 1154 1711 liunt.
1210 1649 1278 1712 Nisi
1311 1650 1387 1712 forte
1419 1649 1507 1712 Picus

160 1739 301 1816 agricolis
324 1737 523 1820 cognitionem
541 1739 629 1818 hujus
657 1737 840 1818 geometriae
870 1738 996 1813 tribuet,
1027 1757 1116 1818 quam
1147 1744 1218 1818 post
1245 1746 1293 1802 tot
1323 1739 1426 1802 secula
1457 1737 1508 1802 vix

160 1828 281 1890 tandem
302 1828 554 1910 perquisivimus?
574 1899 576 1910 Ι
599 1827 725 1890 Tribuat
747 1826 838 1907 igitur
862 1835 893 1890 et
915 1827 1028 1901 cervis3
1060 1826 1129 1908 quin
1159 1825 1259 1906 potius
1282 1827 1385 1891 rustici
1409 1829 1507 1892 lacul-

158 1923 256 1978 tatem
279 1917 455 1980 sensitivam
478 1911 584 1980 innata
605 1916 656 1994 vi,¹
684 1917 762 1978 citra
784 1915 967 1992 discursum,
992 1916 1071 1978 affici
1094 1915 1177 1978 dicat
1199 1916 1306 1980 iisdem
1328 1918 1431 1998 liguris
1455 1937 1507 1982 seu

157 2025 213 2086 per
234 2006 344 2087 ligures
367 2007 539 2070 constitutis
563 2007 745 2069 sectionibus
768 2012 800 2066 et
822 2005 1062 2086 proportionibus
1084 2005 1115 2068 in
1138 2005 1374 2070 conformatione
1392 2025 1507 2079 vocum,

160 2114 233 2175 quas
256 2104 375 2158 creator
397 2095 639 2176 sapientissimus
662 2095 692 2157 in
716 2095 949 2157 conformatione
977 2092 1079 2157 mundi
1102 2093 1220 2174 selegit.
1266 2095 1399 2158 Medium
1429 2096 1508 2158 inter

158 2183 233 2246 haec
256 2185 314 2247 duo
338 2186 564 2266 loquacissimus
587 2195 619 2248 et
641 2184 881 2266 imperitissimus
905 2184 1029 2266 quisque
1056 2182 1189 2246 inveniet
1212 2184 1367 2260 facillime,
1396 2185 1508 2248 nullum

157 2291 229 2336 vero
258 2274 384 2337 inveniri
410 2294 501 2356 posse
529 2293 632 2336 omues
659 2273 722 2336 veri
749 2273 919 2356 philosophi
947 2274 1056 2337 dicent.
1105 2273 1209 2355 itaque
1241 2293 1330 2356 quam
1361 2273 1509 2337 rationem

158 2363 264 2426 afferet
277 2364 377 2436 Piens,
401 2384 452 2427 cur
471 2365 636 2444 geometria
653 2363 684 2425 in
703 2362 825 2425 vocibus
842 2361 956 2427 afliciat
977 2362 1145 2426 hominem?
1168 2364 1294 2428 eandem
1318 2381 1373 2446 ego
1398 2362 1506 2438 dicam,

159 2470 212 2515 cur
233 2453 398 2533 geometria
420 2454 451 2516 in
473 2455 566 2516 radiis
589 2454 745 2516 stellarum
768 2453 880 2516 afficiat
904 2461 1041 2515 naturam
1065 2451 1273 2516 sublunarem?

248 2541 347 2614 Quam
369 2543 459 2605 Picus
491 2546 572 2624 (cap.
598 2543 633 2617 7)
664 2541 811 2604 rationem
828 2542 982 2608 confinxit
1012 2548 1201 2621 aspectuum,
1233 2541 1312 2623 quod
1344 2541 1507 2606 artificibus

159 2631 285 2693 totidem
308 2632 475 2712 placuerint
498 2640 569 2714 quot
592 2631 715 2694 suntin
738 2641 871 2712 tempore
902 2632 1130 2695 semimenstruo
1152 2630 1264 2710 pheses
1286 2630 1404 2704 Lunae,
1437 2644 1504 2688 cor·

160 2721 303 2796 niculata,
327 2721 431 2797 bifida,
461 2722 566 2802 gibba,
602 2723 707 2803 plena3
740 2740 777 2784 ea
798 2720 983 2801 ingeniosam
1006 2720 1206 2800 conjecturam
1230 2717 1339 2782 habet:
1364 2726 1397 2781 ut
1418 2715 1508 2777 mirer

162 2809 210 2890 qui
232 2811 299 2885 liat,
331 2819 365 2873 ut
388 2811 532 2890 astrologi
562 2831 628 2874 eam
661 2829 721 2872 non
753 2811 814 2873 sint
844 2811 956 2886 secuti,
988 2829 1055 2872 cum
1085 2807 1220 2871 rationes
1253 2807 1378 2888 undiquc
1411 2824 1506 2885 quae-

160 2898 266 2960 sierint
294 2899 391 2962 auxie.
437 2901 580 2963 Fortasse
604 2900 725 2980 quidem
747 2919 849 2962 verum
872 2907 936 2973 est,
970 2899 1141 2977 astrologos
1173 2897 1229 2959 hac
1262 2893 1415 2960 occasione
1449 2893 1506 2955 ad-

159 2987 290 3051 monitos
313 2989 351 3050 de
374 2989 547 3069 aspectibus
554 3009 563 3066 ;
592 2989 693 3070 itaque
722 2990 816 3070 (quod
844 2987 915 3051 alibi
938 2988 1028 3052 Picus
1052 2986 1215 3066 astrologis
1237 2985 1361 3048 irridens
1385 2981 1506 3056 tribuit)
1570 2981 1573 2987 “

159 3078 301 3140 utravis
324 3078 474 3141 interdum
496 3086 679 3161 tempestate
702 3078 733 3142 in
756 3088 876 3159 portum
899 3077 1008 3159 agitur,
1032 3077 1076 3138 sic
1099 3075 1154 3138 hos
1178 3093 1274 3139 errore
1294 3071 1325 3133 in
1344 3070 1506 3134 veritatem

159 3175 263 3230 actos:
288 3187 358 3231 nam
379 3168 538 3252 pleraeque
562 3168 693 3232 omnium
716 3169 825 3231 artium
847 3167 1033 3230 inventiones
1057 3164 1198 3228 fortuitae
1220 3169 1299 3224 sunt.

747 3413 929 3425 *-

738 3632 857 3732 Caput
882 3629 933 3705 X.

203 3809 364 3888 Quotam
384 3807 462 3888 locis
482 3811 628 3896 εἰφηγονί
649 3831 671 3875 c
687 3811 892 3894 placeremus
914 3804 1134 3888 congressibus,
1158 3802 1213 3886 qai
1234 3803 1291 3866 oreb
1313 3803 1358 3865 iia
1378 3803 1472 3885 sicat,

604 3901 729 3986 aliquid
750 3899 897 3964 macari
917 3894 1068 3962 accedat!

250 4055 322 4120 Dixi
344 4059 467 4138 prolixe,
492 4061 563 4142 quid
584 4061 756 4144 aspectibus
776 4067 806 4122 et
819 4059 897 4120 inter
910 4058 965 4120 hos
980 4049 1236 4135 conjunctionibus
1250 4049 1390 4113 tribuam.
1435 4048 1506 4111 Jam

163 4144 259 4208 tribus
283 4145 383 4212 verbis
406 4149 497 4212 etiam
520 4150 556 4213 de
587 4151 662 4234 ipsis
685 4148 920 4230 conjunctionum
953 4145 1026 4207 locis
1059 4151 1108 4204 est
1140 4139 1310 4214 dicendum,
1342 4147 1440 4201 utrum
1470 4157 1507 4200 ea
1606 4165 1608 4171 ·

162 4254 233 4315 pars
256 4236 403 4319 sphaerae
426 4240 562 4316 lixarum,
596 4241 650 4303 sub
674 4258 731 4320 qua
755 4236 815 4300 bini
837 4237 976 4315 planetae
1001 4231 1244 4314 congrediuntur,
1274 4227 1334 4291 vim
1358 4227 1507 4310 quandam
1603 4293 1605 4298 ,

162 4325 231 4387 inde
261 4327 432 4409 concipiat?
476 4329 533 4392 Hic
559 4330 648 4393 Picus
679 4327 749 4403 (VI,
782 4322 830 4400 4.)
858 4344 896 4386 ex
925 4322 1051 4386 Panetio
1082 4329 1113 4382 et
1141 4313 1313 4391 Plotino¹²)
1345 4316 1506 4380 cachinnos

162 4414 286 4495 profert,
311 4417 514 4482 deridentibus
537 4419 714 4498 astrologos,
739 4415 816 4497 quod
840 4413 1039 4497 proprietates
1059 4411 1107 4472 vel
1130 4408 1281 4490 signorum
1303 4405 1343 4468 ad
1366 4406 1506 4486 planetas

163 4503 212 4565 vel
234 4505 336 4570 horum
360 4508 399 4570 ad
421 4509 474 4570 illa
500 4526 555 4588 per
582 4514 698 4569 tantum
727 4505 829 4567 mundi
860 4503 990 4582 spatium
1020 4498 1173 4579 pervenire
1203 4515 1293 4576 posse
1316 4493 1504 4558 existiment:

165 4598 276 4657 certum
307 4596 399 4673 anim,
433 4583 655 4659 inaestimabili
676 4594 834 4656 intervallo
865 4592 978 4654 distare
1008 4589 1146 4668 planetas
1178 4607 1197 4648 a
1225 4585 1302 4648 lixis.
1347 4583 1390 4646 Et
1421 4583 1507 4646 addit

164 4679 253 4744 Picus
276 4702 360 4748 suam
382 4705 499 4767 quoque
522 4685 684 4748 rationem:
719 4683 744 4744 si
774 4681 943 4761 contingat,
973 4677 1083 4740 nullam
1116 4696 1183 4740 esse
1215 4673 1335 4737 stellam
1364 4673 1454 4736 lixam
1475 4671 1507 4734 iu

166 4768 231 4830 loco
254 4790 442 4851 congressus,
467 4791 607 4856 quorsum
629 4789 699 4852 ergo
722 4770 823 4850 recipi,
846 4769 957 4850 inquo
981 4787 1034 4830 ceu
1057 4765 1190 4847 subjecto
1205 4764 1328 4828 haerere
1346 4763 1407 4825 vim
1430 4762 1505 4826 hanc

166 4857 402 4940 conjunctionis?
