3464 5524
312 351 357 421 58
732 357 832 408 literae
850 356 952 420 Kspicri
971 357 1120 423 dierumque
1139 361 1241 408 mutuas

312 537 419 592 assidat,
437 535 564 586 flammam
582 546 625 598 per
643 539 721 583 totam
740 534 858 582 nimmia
877 532 1067 598 anagniensi?
1104 532 1158 584 bisc
1183 534 1284 598 sanguis
1312 545 1391 597 qamt
1404 539 1442 582 sot
1468 539 1497 582 ut
1519 534 1662 584 &mentum

311 607 427 656 flammae
449 606 603 670 suppeditet,
627 610 724 668 propter
747 605 904 668 aquositetis,
934 619 1009 668 quam
1031 605 1057 654 iu
1076 619 1103 654 se
1129 607 1252 662 coutinst,
1280 606 1385 668 copiam.
1422 603 1526 669 insuper
1546 603 1620 668 quala
1638 607 1662 652 in

312 677 385 728 corde
404 677 474 726 dabis
493 676 639 740 ellychnium
658 674 840 731 combustibiie,
860 676 899 724 cui
917 675 1020 725 damma
1039 675 1220 742 agglutinetur,
1240 682 1268 724 ut
1287 675 1337 724 lixa
1361 683 1503 736 remaneat,
1522 689 1571 724 uon
1589 689 1661 739 rage-

310 755 351 798 tur
369 755 414 798 aut
432 742 548 798 exhalet?
566 763 624 796 num
642 748 721 808 ipsam
740 745 819 795 cordis
837 745 1025 796 substantiam?
1063 745 1119 796 Nou
1143 748 1240 810 opinor;
1266 753 1293 796 at
1311 753 1409 810 praeter
1430 745 1496 796 hauc
1515 745 1581 796 oordi
1606 745 1662 795 nihil

310 821 376 868 inest
393 819 471 869 solidi.
508 817 573 875 Dixi,
598 817 655 881 quid
674 817 788 874 sennam,
815 818 859 868 sed
877 816 983 866 iortasm
1003 818 1085 866 miuus
1105 824 1171 882 apte,
1196 818 1216 866 si
1242 823 1352 868 mentem
1369 823 1440 866 tuam
1469 831 1520 866 non
1538 825 1662 866 macutus

311 905 373 939 sum.
410 889 526 938 Dubitari
550 887 663 952 primum,
691 893 773 937 utrum
799 887 830 938 de
853 887 976 938 materiali
1001 901 1034 938 su
1062 889 1220 939 immateriali
1245 890 1303 954 igne
1326 887 1446 952 loquaris:
1479 889 1544 938 risus
1563 902 1590 937 ss
1608 887 1662 936 mihi
1721 947 1722 952 Ἰ

311 969 397 1010 tamen
415 961 446 1009 ds
463 959 505 1009 ilio
522 958 597 1008 verba
614 960 705 1015 iacere,
729 959 788 1024 quia
812 959 928 1009 dammae
948 973 1038 1008 nomeu
1058 961 1189 1011 matonam
1213 961 1338 1024 supponit,
1362 967 1388 1008 et
1412 959 1585 1010 immaterialis
1601 959 1663 1023 iguis

311 1045 356 1082 uec
374 1030 471 1080 follibus
489 1043 536 1079 uec
554 1029 608 1078 oleo
626 1029 730 1095 indiget,
749 1044 849 1094 quornm
869 1044 885 1079 a
904 1030 939 1080 Te
958 1031 985 1079 fit
1007 1030 1108 1080 mentio.

399 1101 595 1180 Keplerns:
632 1099 787 1165 Flammae
812 1100 944 1162 usitatae
969 1109 1000 1162 et
1022 1101 1114 1162 calori
1139 1101 1237 1163 cordis
1263 1101 1349 1163 video
1372 1101 1467 1163 multa
1490 1118 1558 1162 esse
1582 1118 1662 1161 com·
1721 1167 1722 1180 χ

309 1188 421 1263 munia,
461 1197 637 1268 perpetuam
668 1195 919 1252 recrementorum
948 1189 1126 1268 ejectionem
1158 1189 1360 1271 materiaeque
1394 1196 1425 1252 et
1450 1189 1531 1252 aeris
1553 1207 1661 1268 sugge-

313 1277 457 1352 stionem,
482 1295 606 1358 quorum
631 1277 779 1340 alterutro
803 1277 914 1340 omisso
930 1285 1014 1340 certa
1037 1297 1117 1340 mors
1142 1279 1239 1354 adest,
1265 1279 1428 1341 communis
1443 1279 1561 1358 utrique
1574 1279 1661 1351 calor,

309 1385 461 1429 commune
484 1364 601 1446 utrique
626 1366 803 1428 alimentum
826 1367 985 1446 pinguedo.
1034 1365 1228 1430 Communem
1252 1386 1324 1446 ergo
1348 1367 1465 1448 utrique
1489 1368 1585 1428 luceru
1609 1385 1661 1427 au-

310 1463 437 1536 guratus
462 1473 537 1516 sum.
583 1453 630 1516 Tu
653 1463 761 1517 contra
783 1464 887 1535 putas,
911 1455 997 1535 ignes
1023 1475 1090 1518 esse
1113 1456 1201 1518 valde
1226 1456 1397 1518 dissimiles.
1444 1456 1594 1525 Flamma,
1617 1455 1661 1516 in-

310 1543 392 1626 quis,
427 1551 475 1605 est
498 1543 597 1605 fumus
622 1563 779 1606 accensus.
825 1545 923 1624 Nego.
968 1543 1028 1606 Est
1051 1545 1129 1607 enim
1153 1545 1274 1607 flamma
1302 1545 1454 1606 exhalatio
1477 1541 1661 1625 pinguedinis
1721 1553 1722 1626 j

311 1651 475 1706 accensae,
500 1631 586 1710 cujus
610 1639 829 1694 recrementum
850 1641 899 1694 est
922 1631 1027 1696 fumus.
1066 1633 1100 1695 In
1125 1634 1214 1695 corde
1230 1653 1361 1715 quoque,
1386 1633 1424 1695 ob
1439 1652 1579 1713 magnum
1595 1631 1662 1692 iilud
1721 1665 1722 1668 =

312 1719 393 1782 vitae
417 1719 601 1796 incendium,
636 1721 760 1782 exhalat
782 1719 931 1801 pinguedo
956 1722 1111 1802 sanguinis
1141 1723 1171 1784 in
1194 1722 1250 1783 ilia
1272 1741 1403 1784 caverna
1426 1722 1523 1802 ibique
1547 1721 1661 1782 inflam-

311 1816 425 1882 matur,
450 1809 528 1889 quod
552 1815 684 1871 testatur
705 1809 865 1890 inspiratio
891 1810 1074 1872 inevitabilis
1098 1817 1129 1871 et
1148 1811 1281 1872 excretio
1305 1811 1449 1872 iuniorum
1473 1810 1502 1870 in
1528 1809 1662 1879 arterias,
1721 1854 1722 1876 ,

311 1897 349 1960 de
373 1916 433 1978 qua
455 1897 613 1960 Fernelius
638 1897 667 1960 iu
693 1898 896 1977 descriptione
930 1899 1045 1975 cordis,
1078 1917 1134 1960 nec
1167 1897 1245 1961 enirn
1273 1899 1340 1961 huic
1363 1899 1427 1978 igni
1449 1905 1561 1978 aequat
1583 1898 1662 1959 illum

310 2003 366 2065 per
388 1994 507 2047 ceteros
531 1993 626 2048 artus,
672 1987 839 2049 Praeterea
857 1986 917 2062 ais,
951 1987 1051 2066 ignem
1075 2007 1143 2050 essa
1171 1986 1200 2049 in
1224 2007 1339 2050 summo
1363 1985 1459 2066 gradu
1483 1987 1612 2048 calidum
1636 1993 1663 2046 et
1721 1997 1722 2010 ³

279 2073 283 2080 '
312 2075 434 2136 siccum.
482 2073 582 2148 Sane,
617 2074 644 2134 si
672 2075 777 2136 nudus.
825 2076 871 2137 At
903 2075 953 2156 qni
987 2083 1035 2138 est
1057 2095 1077 2137 a
1100 2077 1222 2138 fornace
1254 2077 1418 2151 calefacta,
1452 2075 1479 2137 is
1503 2095 1521 2136 e
1543 2093 1662 2154 corpore

312 2163 453 2225 sudorem
484 2163 608 2224 excitat.
656 2163 707 2225 Ad
740 2163 868 2228 eundum
899 2164 1019 2227 modum
1051 2164 1100 2246 qui
1131 2165 1160 2226 in
1184 2165 1274 2227 corde
1305 2173 1352 2226 est
1374 2159 1509 2226 inclusus
1533 2164 1663 2225 membra

313 2261 417 2314 cetera
441 2269 500 2312 nou
519 2250 624 2314 laedit.
671 2251 783 2314 Metuis
808 2253 890 2314 cordi
913 2255 1065 2316 flammam
1089 2252 1118 2314 in
1135 2253 1200 2315 sinu
1224 2253 1356 2334 gerenti,
1382 2253 1452 2333 quid
1476 2253 1520 2315 ilii
1544 2253 1660 2314 accide-

313 2339 382 2402 ret?
420 2336 500 2409 Quid
526 2341 621 2415 euim,
652 2341 709 2402 nisi
739 2341 817 2421 quod
839 2341 973 2421 puellae,
1006 2361 1081 2421 qnae
1109 2343 1213 2422 palma
1244 2361 1350 2404 manus
1378 2342 1477 2404 cinere
1510 2349 1663 2403 constrata
1721 2345 1722 2396 i

311 2429 401 2490 vivos
424 2427 567 2508 imposuit
589 2428 745 2490 carbones.
791 2430 870 2492 Nam
895 2430 994 2493 cordis
1026 2430 1151 2510 capsula
1174 2429 1255 2492 intus
1279 2430 1393 2492 munita
1416 2437 1586 2492 estcoutra
1608 2430 1661 2490 vim

310 2517 398 2596 hujus
422 2517 510 2596 ignis.
556 2517 600 2578 Et
623 2524 727 2578 tamen
751 2517 799 2579 hic
822 2518 854 2579 iu
877 2519 1054 2598 quibusdam
1078 2519 1190 2581 morbis
1205 2519 1409 2581 exardescens
1430 2517 1593 2580 violentias
1617 2517 1660 2578 in·

310 2605 432 2668 teritum
456 2606 554 2667 affert.
601 2606 770 2668 Praeterea
793 2605 907 2686 ignium
931 2606 1024 2668 etiam
1041 2607 1220 2669 nostratium
1239 2623 1350 2687 magna
1372 2615 1422 2668 est
1444 2605 1588 2680 varietas,
1613 2623 1661 2680 neo

310 2693 400 2756 valde
433 2694 493 2756 urit
516 2695 638 2756 flamma
669 2712 708 2756 ex
740 2694 808 2756 vino
842 2695 964 2772 adusto,
1000 2695 1132 2775 aliguis
1164 2696 1319 2758 viridibus.
1367 2694 1550 2776 Sanguinem
1574 2713 1662 2773 negas

310 2782 570 2846 inflammabilem:
594 2801 650 2844 nec
674 2801 747 2845 saue
771 2784 876 2846 sebum
900 2783 944 2846 sia
968 2783 1084 2846 habens
1098 2785 1315 2860 inflammatur,
1341 2785 1394 2846 sed
1418 2785 1505 2863 priss—
1524 2790 1661 2844 attenua·

309 2879 358 2934 tur
381 2891 401 2932 a
423 2871 544 2932 flamma
566 2871 596 2932 iu
627 2871 791 2954 ellychnio,
825 2881 858 2934 ut
888 2873 942 2934 fiat
965 2873 1134 2948 exhalatio,
1161 2891 1237 2952 quae
1258 2892 1315 2953 quo
1339 2873 1472 2948 tenuior,
1506 2871 1561 2933 hoo
1590 2869 1661 2951 ignis

309 2959 502 3034 luculentior,
538 2979 595 3040 quo
620 2960 764 3036 crassior,
798 2969 833 3022 ut
856 2961 898 3022 ad
921 2962 1059 3022 flammae
1083 2960 1217 3034 radices,
1253 2961 1308 3023 hoo
1336 2963 1460 3022 flamma
1482 2960 1662 3023 tenebrosior
1721 2961 1722 2986 ¹

311 3057 343 3110 et
366 3049 452 3128 quasi
478 3049 627 3111 caerulea.
673 3049 751 3111 Mihi
776 3049 897 3129 quidem
921 3069 1022 3112 ramus
1046 3057 1239 3112 transversus
1269 3069 1306 3111 ex
1330 3066 1424 3112 venae
1448 3067 1541 3113 cavae
1563 3045 1661 3128 stipite

309 3155 414 3199 crasso
444 3137 564 3198 videtur
586 3145 669 3198 totus
692 3137 877 3216 pinguedine
908 3139 1029 3217 plenus,
1063 3157 1138 3218 quae
1162 3159 1181 3198 a
1205 3138 1303 3201 cordis
1332 3140 1432 3200 calore
1463 3158 1501 3200 ex
1523 3139 1661 3218 sauguine

312 3243 349 3285 eo
372 3224 569 3304 protestetur,
595 3233 629 3286 nt
652 3225 690 3287 ab
713 3225 783 3305 igne
807 3227 911 3288 sebum
941 3227 971 3288 in
995 3226 1189 3310 ellychnium
1221 3229 1275 3304 sed
1299 3235 1400 3290 tamen
1429 3227 1512 3308 prins
1537 3227 1569 3288 in
1595 3228 1661 3307 pul·
1721 3245 1722 3268 ¹

312 3313 453 3374 monibus
478 3319 678 3392 temperatur;
703 3313 778 3375 etin
794 3314 925 3389 senibus,
949 3315 1106 3376 deficiente
1130 3315 1186 3378 hoc
1209 3316 1329 3378 humido
1353 3313 1491 3391 radicati,
1516 3313 1661 3394 extingui·
1721 3319 1722 3366 ἒ

310 3410 361 3463 tur
385 3401 517 3476 flamma,
544 3401 681 3463 succedit
703 3420 799 3476 mors,
824 3411 859 3464 nt
883 3405 913 3465 in
938 3402 1071 3466 candelis
1096 3405 1251 3468 deficiente
1276 3405 1358 3468 sebo.
1407 3403 1470 3466 Sed
1494 3404 1612 3485 qnaeris
1634 3410 1662 3460 et

312 3489 352 3551 de
377 3488 538 3571 ellychnio,
564 3489 649 3570 qnasi
665 3489 765 3551 vinum
779 3491 918 3554 adustum
943 3491 1118 3554 absumatur
1132 3495 1281 3555 aflamma
1298 3511 1353 3573 per
1375 3493 1456 3555 alind
1481 3491 1660 3576 ellychnium,
1721 3499 1722 3540 l

311 3597 401 3660 quam
427 3585 474 3637 ost
489 3576 674 3639 continuatio
699 3579 913 3654 exhalationis3
938 3589 1093 3643 ettamen
1118 3590 1149 3642 et
1172 3582 1220 3643 bio
1244 3581 1339 3662 liquor
1362 3582 1468 3662 aquosi
1482 3581 1550 3661 qnid
1564 3579 1659 3641 babet.

398 3665 614 3730 Brenggerus:
649 3665 698 3714 Gur
723 3667 829 3716 calorem
855 3681 951 3718 omnem
983 3669 1062 3719 iacies
1094 3669 1239 3736 qualitatem
1265 3669 1398 3720 coelestem
1425 3671 1461 3720 rei
1487 3669 1661 3718 turmateriatae
1721 3693 1722 3709 r

310 3731 347 3800 (p.
368 3732 432 3798 ts),
451 3738 550 3795 nescio,
575 3751 655 3801 nequo
674 3738 739 3786 euim
757 3737 826 3787 video
845 3739 965 3803 quomodo
991 3741 1059 3790 calor
1082 3741 1217 3801 scindilse,
1247 3754 1278 3790 ex
1297 3741 1386 3792 attritu
1405 3739 1515 3804 abdybtr
1542 3747 1567 3789 st
1591 3737 1660 3788 silicis

308 3808 447 3865 excitatae,
467 3808 545 3870 possit
564 3807 612 3856 dici
629 3807 737 3872 qualitas
756 3809 870 3859 caelenis
888 3817 914 3859 et
931 3812 1074 3861 materiata

397 3879 598 3959 KepIerus:
624 3877 764 3942 Calorem
788 3880 1007 3956 immaterialis,
1034 3881 1110 3953 dixi,
1139 3881 1293 3961 passivum
1325 3889 1356 3943 et
1389 3881 1659 3944 adventitiumesse

308 3967 508 4048 primitusque
533 3966 677 4028 advenire
701 3968 748 4028 vei
773 3987 810 4029 ex
834 3969 934 4030 anima
957 3971 1092 4032 coelesti.
1132 3967 1247 4050 Objicis
1271 3971 1421 4032 scintillas
1436 3989 1474 4032 ex
1493 3969 1597 4032 attritu
1618 3967 1658 4028 si·
1721 3977 1722 4040 l

309 4055 408 4117 licum.
467 4055 501 4118 Si
525 4053 674 4116 scintillas
698 4055 827 4118 dixisses
852 4075 890 4118 ex
920 4059 1027 4122 attritu
1059 4057 1220 4120 irustornm
1247 4057 1357 4137 glaciei
1385 4058 1465 4120 inter
1496 4077 1544 4134 se,
1577 4055 1658 4116 vaide

312 4493 485 4557 animalium
509 4497 697 4560 facultatum.

400 4581 623 4649 Brenggerns:
643 4584 763 4646 Quaestio
783 4586 813 4636 de
832 4585 930 4650 iride,
949 4599 1023 4651 quam
1043 4585 1112 4638 culce
1130 4595 1190 4638 tuae
1209 4545 1328 4652 epistolas
1346 4587 1406 4640 mihi
1423 4587 1547 4655 proponis,
1564 4583 1656 4650 elegans
1721 4573 1722 4646 i

310 4655 357 4706 est.
376 4647 406 4700 de
425 4665 476 4716 qus
491 4655 553 4704 torto
573 4655 635 4706 alias
654 4656 777 4707 scribendi
795 4656 894 4708 dabitur
912 4659 1018 4709 occuio.
1055 4653 1128 4709 Nunc
1155 4665 1181 4708 et
1198 4664 1295 4724 tempus
1319 4666 1346 4711 et
1363 4658 1484 4724 epistolae
1511 4655 1592 4709 modus
1615 4655 1655 4704 im·

308 4161 354 4204 me
378 4143 556 4223 pressisses.
607 4143 694 4205 Nunc
722 4145 799 4208 silex
824 4151 855 4206 et
887 4146 995 4210 ferrum
1025 4146 1126 4229 utique
1150 4147 1279 4209 materia
1302 4153 1363 4217 est,
1398 4147 1516 4210 animae
1545 4143 1657 4207 subter·

307 4251 418 4294 naneae
444 4233 581 4306 frustum,
623 4231 774 4312 habetque
798 4233 920 4313 sulphur
945 4235 1080 4316 aliquod,
1113 4235 1189 4297 adeo
1217 4243 1253 4299 ut
1281 4235 1372 4298 etiarn
1400 4255 1439 4298 ex
1467 4235 1572 4298 attritu
1595 4227 1657 4294 ierri
1721 4231 1722 4308 ἶ

311 4327 345 4380 et
369 4319 479 4399 glaciei
504 4321 640 4382 existant
663 4320 813 4383 scintillae
827 4331 951 4403 propter
973 4332 1114 4386 naturam
1138 4324 1217 4387 terri.
1263 4323 1310 4387 Eo
1334 4325 1425 4406 igitur
1444 4324 1513 4404 juro
1536 4319 1658 4385 scintilla

311 4425 349 4467 ex
374 4408 473 4482 silice,
506 4427 562 4488 qno
583 4410 651 4490 jure
674 4410 796 4472 flamnra
820 4430 857 4472 ex
880 4411 960 4488 oleo,
990 4412 1059 4492 jure
1082 4409 1269 4488 nativitatis,
1303 4425 1371 4476 cum
1393 4414 1470 4476 baec
1493 4412 1553 4474 siut
1575 4425 1657 4489 opera

310 4726 416 4785 perant,
439 4728 468 4770 ut
485 4722 559 4774 finem
584 4726 682 4776 inciam.
727 4727 811 4778 Unum
836 4727 925 4778 saitem
953 4727 1076 4790 adjiciam,
1101 4729 1166 4794 quod
1189 4729 1342 4782 intermeat
1366 4731 1548 4783 obseruationes
1571 4723 1655 4790 reperio
1721 4731 1722 4802 q

311 4794 468 4850 motatum.
486 4793 588 4860 eclipsin
600 4795 696 4856 Lunae,
715 4812 779 4863 quas
792 4813 857 4849 anuo
872 4795 939 4850 1595
952 4799 991 4850 dis
1005 4795 1047 4849 u.
1061 4795 1129 4863 (at.)
1143 4800 1233 4868 Aprilis
1244 4815 1319 4854 mane
1329 4803 1429 4862 accidit.
1442 4795 1655 4856 numanum
1721 4803 1722 4853 i
