3684 5518
352 283 418 349 212
821 281 1012 350 Paralipomena
1028 281 1055 332 ln
1073 279 1240 334 litelllonem.

351 462 451 541 possit
474 460 532 523 nisi
555 460 677 520 admota
700 459 739 520 ad
762 478 852 520 nares
876 459 1011 538 spongia,
1046 457 1124 538 quod
1149 457 1186 518 de
1210 455 1339 538 Olympo
1362 459 1497 516 testatur
1519 451 1705 517 Aristoteles

352 550 381 611 in
404 549 559 612 Meteoris
607 546 711 609 Simile
745 547 896 627 quippiam
927 550 963 608 de
997 546 1147 608 montibus
1175 547 1330 606 Peruanae
1358 543 1503 618 referunt,
1541 542 1618 604 adiri
1647 559 1704 602 non

352 658 452 718 posse,
477 637 554 717 quod
578 635 701 717 spiritus
727 635 861 697 homines
885 636 1015 698 deficiat.
1053 635 1094 696 Et
1114 635 1251 696 Bodiuus
1276 653 1314 696 ex
1336 631 1464 694 historia
1482 631 1586 693 Indica
1601 631 1705 703 refert,

352 725 506 806 Hispanos
531 723 786 804 quamplurimos
811 725 920 803 frigore
949 724 1074 804 perisse,
1099 743 1164 785 cum
1189 741 1330 802 suprema
1361 721 1437 800 juga
1473 719 1618 781 montium
1652 717 1706 780 sub

353 823 515 895 aequalore
539 812 800 892 transmigrarent,
824 832 891 876 cum
914 822 1016 876 tamen
1037 811 1181 892 planities
1204 811 1361 872 ardoribus
1386 817 1551 871 urerentur.
1589 807 1707 870 Extant

352 903 431 964 enim
455 900 596 964 altissimi
628 908 745 963 montes
770 920 808 962 ex
831 909 911 976 abre,
944 910 977 965 ut
1000 899 1116 980 scopuli
1139 919 1177 961 ex
1200 901 1285 976 nrari,
1320 907 1352 960 et
1373 897 1604 972 mediterranea,
1630 915 1706 976 quae

352 999 423 1053 suut
445 989 581 1070 proxima
599 990 757 1052 fluviorum
778 990 951 1069 originibus,
978 990 1015 1051 ob
1043 988 1233 1050 altitudinem
1258 1005 1349 1067 supra
1368 987 1458 1049 litora
1481 986 1606 1060 marina,
1630 1004 1706 1065 quae

353 1081 507 1150 decursum
530 1078 632 1142 irritat
655 1079 818 1150 fluminum,
841 1079 1027 1158 respondent
1050 1071 1269 1158 quadamtenus
1292 1075 1433 1138 brevibus
1450 1074 1478 1136 in
1494 1075 1580 1136 mari.
1620 1073 1706 1136 Unde

351 1167 486 1246 vulgata·
509 1167 627 1246 opinio,
661 1167 857 1230 salubriorem
882 1178 956 1230 'esse
986 1167 1016 1227 iu
1039 1166 1170 1245 Alpibus
1201 1172 1322 1240 aerem,
1356 1165 1434 1245 quod
1463 1163 1505 1224 sit
1535 1162 1654 1224 tenuior
1676 1171 1707 1222 et

352 1255 548 1330 defaecatior,
574 1255 716 1317 crassiori
739 1256 767 1316 in
787 1256 884 1317 valles
908 1247 1093 1318 subsidente.
1130 1254 1229 1316 Erunt
1251 1255 1353 1335 itaque
1377 1252 1573 1314 retractiones
1595 1249 1706 1312 alicubi

351 1345 461 1418 nullae,
487 1343 597 1405 alicubi
621 1343 815 1423 perexiguae,
841 1352 872 1405 et
894 1351 977 1405 totae
1001 1345 1030 1404 in
1054 1345 1120 1423 ipso
1144 1362 1220 1422 pene
1248 1343 1412 1404 horizonte.
1462 1338 1706 1402 Consentaneum

351 1432 429 1494 euim
454 1440 511 1500 est,
537 1433 631 1494 multa
653 1433 722 1493 loca
744 1451 829 1505 esse,
854 1451 929 1512 quae
953 1432 1075 1494 dimidio
1099 1432 1229 1512 milliari,
1255 1438 1368 1511 quanta
1392 1437 1440 1491 est
1462 1447 1517 1508 per
1543 1426 1592 1490 11.
1617 1429 1706 1506 hujus

352 1520 462 1601 capitis
486 1521 516 1582 in
541 1519 619 1581 freto
643 1521 759 1582 Danico
783 1521 955 1600 superficies
978 1521 1076 1590 aeris,
1100 1539 1192 1600 supra
1215 1519 1402 1599 superficiem
1425 1518 1517 1578 maris
1541 1518 1705 1579 eleventur.

350 1609 509 1672 Vitruvius
532 1609 585 1672 lib.
601 1606 632 1671 8.
658 1628 723 1688 cap.
745 1609 773 1672 7.
800 1611 938 1689 postulat
960 1609 1197 1671 ducentesimam
1217 1609 1333 1670 decursi
1360 1606 1450 1686 spatii
1475 1606 1653 1670 libramento
1677 1605 1706 1666 in

351 1697 597 1778 aquaeductibus.
643 1697 774 1759 Dubium
797 1708 943 1770 nonest,
974 1698 1041 1778 quin
1070 1697 1239 1777 perniciosa
1269 1697 1370 1758 futura
1393 1697 1434 1756 sit
1462 1693 1706 1774 navigationibus

352 1787 479 1848 altitudo
504 1793 601 1848 tanta.
647 1787 756 1865 Itaque
779 1787 805 1848 si
828 1787 918 1849 Albis
943 1787 1129 1849 aufractibus
1154 1794 1274 1848 centum
1301 1785 1415 1847 tribuas
1438 1783 1589 1859 milliaria,
1614 1785 1707 1846 multo

351 1871 447 1937 minus
472 1874 594 1938 dimidio
617 1873 739 1936 milliari
762 1875 850 1937 cedet
872 1876 975 1938 Norici
1004 1876 1069 1954 agri
1099 1875 1235 1954 fastigio,
1261 1875 1339 1936 uude
1363 1873 1389 1935 is
1413 1881 1536 1934 exortus
1559 1873 1589 1933 in
1615 1891 1706 1934 ocea-

351 1984 420 2026 num
451 1963 562 2038 influit,
597 1962 667 2043 quia
699 1963 775 2025 lenis
808 1965 929 2026 fluitet
957 1971 1090 2044 stagnat.
1137 1964 1182 2025 At
1204 1963 1361 2025 Danubius
1383 1979 1438 2040 per
1470 1961 1531 2022 alia
1557 1959 1619 2023 100
1644 1961 1706 2022 fere

351 2053 490 2115 milliaria
514 2053 643 2126 delatus,
667 2071 783 2113 rursum
807 2054 899 2116 altius
926 2061 1015 2114 notat
1038 2051 1168 2115 Sueviae
1200 2071 1289 2133 quam
1311 2049 1415 2114 Norici
1444 2049 1610 2130 fastigium.
1657 2051 1707 2111 Ita

351 2143 506 2212 efficietur,
530 2146 564 2201 ut
586 2140 727 2219 Vogesus
751 2149 783 2202 et
806 2141 1119 2222 contiuuaeRbetiae
1143 2143 1228 2221 alpes
1253 2142 1314 2202 fers
1344 2147 1487 2220 superent
1515 2138 1705 2201 altitudinem

352 2229 441 2305 aeris,
468 2228 517 2309 qui
541 2229 738 2291 refractiones
763 2230 865 2298 efficit.
913 2227 1002 2300 Quod
1025 2230 1202 2293 confirmant
1229 2239 1393 2310 perpetuae
1417 2228 1521 2302 uives3
1545 2227 1706 2307 designant

351 2319 430 2380 enim
453 2317 638 2380 cacuminum
662 2317 781 2380 illorum
803 2318 971 2380 nuditatem
991 2339 1009 2380 a
1026 2318 1137 2398 vapido
1162 2325 1242 2380 abre.
1281 2317 1383 2389 Quare
1407 2336 1502 2397 neque
1525 2316 1566 2378 ibi
1589 2317 1705 2378 refrac-

351 2409 449 2469 tiones
473 2415 561 2469 erunt
583 2406 662 2468 ullae
689 2406 934 2487 utplurimum.⁴‘)
979 2407 1024 2470 At
1048 2409 1074 2469 si
1102 2415 1301 2488 tempestates
1331 2408 1474 2486 ingruant
1497 2413 1528 2467 et
1551 2405 1644 2467 subiti
1667 2425 1704 2466 ex

350 2496 456 2560 vicinis
479 2495 631 2558 montibus
655 2495 789 2558 existant
811 2515 951 2576 vapores,
976 2497 1149 2577 priusquam
1167 2496 1212 2558 illi
1234 2497 1370 2558 defluant
1388 2503 1419 2557 et
1442 2514 1510 2556 sese
1532 2495 1563 2556 in
1588 2514 1702 2575 aequa-

350 2586 469 2648 litatem
492 2584 641 2664 sphaerae
665 2585 765 2647 aeriae
790 2585 904 2659 didaut,
931 2593 1167 2647 consentaneum
1189 2592 1246 2660 est,
1271 2584 1400 2646 officium
1425 2601 1541 2664 quoque
1565 2583 1702 2646 suumin
1767 2613 1770 2618 ·

344 2673 534 2736 retractionis
558 2673 680 2752 negotio
705 2674 814 2748 facere,
840 2673 928 2753 idque
951 2673 1109 2753 plurimum
1128 2674 1246 2736 variare
1266 2674 1303 2735 cb
1327 2673 1516 2753 inaequalem
1537 2671 1567 2733 iu
1592 2673 1703 2735 ebulli-

344 2765 437 2846 tione·
458 2763 654 2842 superficiem.
702 2762 785 2823 Tunc
817 2762 925 2841 igitur,
957 2781 1015 2841 quo
1043 2761 1164 2842 propior
1188 2770 1235 2824 est
1258 2763 1342 2824 locus
1365 2761 1492 2822 termino
1521 2761 1615 2838 abris,
1646 2762 1702 2823 boo

344 2854 473 2934 majores
498 2852 592 2914 sentit
618 2849 895 2924 refractiones,**)
920 2859 1080 2931 propterea
1104 2851 1184 2932 quod
1207 2857 1259 2914 aer
1282 2849 1436 2913 circularis
1465 2857 1527 2926 est,
1553 2858 1584 2911 et
1608 2851 1701 2933 (quod

344 2943 412 3004 hinc
437 2941 585 3022 sequitur)
616 2939 717 3002 radios
742 2938 822 3001 Solis
853 2938 1059 3020 obliquissime
1083 2938 1113 3000 in
1138 2958 1205 3001 sese
1236 2939 1403 3002 incidentes
1433 2940 1563 3000 maximo
1592 2941 1700 3018 angulo

343 3030 492 3108 refringit,
516 3036 550 3091 ut
573 3028 691 3109 quidem
710 3029 775 3106 jam
799 3027 887 3089 modo
911 3046 996 3108 prop.
1022 3025 1051 3091 9.
1074 3029 1184 3107 patuit,
1209 3028 1330 3090 minutis
1354 3024 1392 3091 61
1407 3019 1450 3107 ¹12.
1488 3025 1538 3089 Illi
1561 3047 1633 3090 vero
1657 3029 1701 3090 sic

344 3117 466 3180 refracti
489 3117 566 3180 radii
590 3117 728 3179 nonnisi
753 3135 893 3195 suprema
917 3117 996 3178 atris
1021 3117 1089 3178 loca
1112 3123 1287 3192 transeunt,
1312 3117 1361 3197 qui
1384 3135 1455 3177 vero
1480 3118 1519 3178 ad
1543 3117 1701 3180 humiliora

344 3213 514 3285 penetrant,
539 3204 644 3266 minori
665 3205 774 3284 angulo
799 3205 1011 3284 refringantur,
1036 3205 1108 3284 quia
1126 3205 1219 3267 etiam
1234 3205 1379 3269 rectiores
1394 3205 1423 3267 iu
1439 3211 1539 3268 adrem
1555 3205 1699 3269 incidunt.

306 3293 313 3302 '
435 3292 636 3355 confirmatur
667 3293 723 3353 hoc
756 3294 836 3354 idem
867 3293 1049 3354 testimoniis
1088 3294 1245 3356 doctorum
1277 3294 1409 3357 virorum
1441 3302 1473 3356 et
1505 3295 1699 3374 experientia

346 3380 437 3444 Certe
460 3378 722 3443 Rothmauuus'in
747 3379 957 3457 Bassia,***)
987 3399 1063 3461 quae
1095 3381 1193 3444 vicina
1216 3391 1265 3444 est
1288 3382 1428 3460 Visurgis
1457 3383 1599 3460 fontibus,
1626 3403 1699 3445 cou-

433 3611 461 3684 *)
483 3615 648 3684 Exemplum
669 3613 865 3668 clarissimum:
886 3614 966 3665 Anno
991 3612 1077 3665 1601.
1103 3613 1148 3666 10.
1171 3613 1218 3668 20.
1240 3613 1308 3668 Maii
1327 3614 1376 3670 Sol
1396 3631 1414 3668 a
1434 3615 1613 3685 complurium
1634 3633 1700 3688 gra·

344 3699 427 3751 duum
448 3693 596 3750 altitudine
627 3694 725 3748 occidit
753 3695 812 3748 sine
832 3688 898 3749 ullis
927 3689 1027 3755 radiis,
1058 3690 1164 3747 livente
1185 3694 1272 3758 faeie,
1301 3694 1381 3765 quasi
1401 3711 1453 3764 per
1473 3710 1592 3766 aquam
1623 3697 1700 3751 coelo

343 3778 429 3847 plene
456 3776 524 3830 sudo
550 3775 585 3828 ad
611 3781 763 3844 aspectum.
805 3774 890 3828 Eram
909 3769 938 3824 in
961 3777 1044 3840 parte
1064 3770 1191 3842 styriae,
1218 3789 1300 3846 quam
1320 3774 1412 3828 Colles
1435 3775 1597 3830 Germanico
1618 3793 1701 3830 voca-

343 3857 410 3910 bulo
430 3853 602 3924 indigetant:
629 3856 664 3908 ad
684 3870 811 3910 occasum
831 3856 896 3908 suut
915 3857 1022 3904 montes
1044 3851 1180 3908 altissimi.
1221 3855 1299 3925 Ergo
1320 3853 1367 3907 Sol
1393 3853 1521 3908 distincte
1550 3871 1701 3926 apparens,

343 3936 420 3990 color
448 3934 520 3988 aeris
550 3933 689 4004 aequalis,
716 3935 874 4006 arguebant
898 3929 1042 3984 materiam
1066 3931 1246 4000 pellucidam,
1273 3933 1425 3987 densiorem
1445 3939 1553 3999 tamen,
1573 3939 1607 3989 ut
1627 3953 1702 4006 quae

344 4031 394 4070 auo
415 4013 517 4068 lumine
544 4014 705 4077 combibito,
727 4013 799 4068 Solis
824 4013 917 4066 lumen
942 4011 1025 4064 valde
1051 4009 1224 4067 debilitatum
1250 4015 1433 4083 adaequaret,
1455 4018 1488 4067 ut
1506 4013 1555 4068 Sol
1575 4017 1722 4070 umbram,

343 4092 565 4148 circumscribere
584 4093 691 4148 nullam
704 4099 809 4162 posset.
838 4092 943 4147 Secuta
956 4096 1001 4143 eat
1021 4088 1111 4143 triduo
1129 4093 1282 4147 decumana
1294 4093 1399 4163 pluvia,
1422 4099 1452 4148 et
1465 4093 1570 4148 eluvies
1580 4095 1702 4150 ‘illorum

343 4173 465 4229 locorum
484 4170 648 4242 perniciosa.
1098 4191 1100 4196 ·

432 4248 475 4321 **)
495 4251 569 4306 Dum
589 4252 655 4305 ultis
675 4251 742 4305 locis
757 4253 944 4307 retractiones
965 4247 1057 4303 tribuo
1077 4249 1215 4320 majorem
1241 4249 1370 4324 intellige
1390 4253 1587 4309 horizontales.
1629 4255 1701 4310 Nem

311 4373 314 4383 .
344 4348 415 4403 quae
435 4334 506 4386 fiunt
519 4329 549 4384 in
569 4330 664 4402 aliqua
684 4331 801 4387 siderum
822 4331 969 4394 altitudine
991 4333 1071 4383 tauto
1086 4337 1151 4384 aaut
1164 4329 1291 4396 minores,
1313 4339 1343 4386 et
1357 4337 1436 4387 tante
1457 4332 1538 4388 citius
1559 4333 1700 4400 desinunt,

343 4417 377 4465 ut
396 4427 483 4481 supra
502 4412 726 4466 demonstratum.

432 4485 490 4558 Μ)
511 4489 543 4544 In
563 4490 680 4555 Hassis,
703 4505 774 4560 quae
795 4490 858 4544 alta
877 4495 934 4554 sat,
959 4486 1077 4542 minores
1103 4487 1231 4542 dicuntur
1255 4489 1450 4556 retractiones,
1473 4489 1581 4547 scilicet
1601 4495 1701 4550 altius

344 4569 441 4632 culae;
463 4575 493 4624 et
512 4584 572 4634 eae,
594 4567 623 4622 in
644 4569 742 4639 quibus
762 4568 855 4624 sidera
874 4565 1017 4631 observari
1036 4573 1163 4635 possunt.
1198 4568 1270 4622 Nam
1296 4571 1382 4640 plane
1407 4568 1610 4628 horizontalem
1631 4575 1701 4630 alibi

344 4648 488 4702 immanem
517 4649 715 4714 observarunt,
745 4653 775 4702 et
800 4649 829 4702 in
853 4648 914 4718 ipso
943 4644 1087 4702 horizonte
1116 4647 1214 4701 stellas
1241 4664 1306 4703 raro
1335 4649 1525 4704 instrumentis
1556 4658 1700 4722 ceperunt.

345 4726 424 4780 Haec
445 4729 497 4781 duo
517 4725 590 4782 enim
615 4727 764 4798 diligenter
791 4727 987 4798 distinguenda
1008 4731 1086 4790 sunt,
1112 4725 1231 4795 primum
1257 4730 1328 4798 quod
1348 4727 1378 4784 in
1398 4728 1494 4800 aliqua
1507 4730 1634 4802 ‚regione
1654 4735 1701 4788 rel

346 4809 470 4874 tempom
490 4805 671 4861 retractiones
686 4808 722 4861 ob
737 4807 810 4862 aeris
831 4807 997 4862 tenuitatem
1015 4811 1134 4873 possunt
1147 4821 1209 4860 esse
1222 4807 1350 4876 minores,
1359 4807 1420 4864 ubi
1433 4809 1468 4864 ad
1484 4808 1701 4868 imminutionem
