3702 5532
331 281 396 367 390
825 283 997 357 Maoncrqtae
1015 279 1080 346 Pars
1096 279 1194 346 Optica.

330 461 471 541 exempla
494 461 618 522 dnamm
642 465 858 537 postremarum
883 456 963 522 Solis
981 457 1161 545 *eclipsiumq
1192 457 1299 540 quibus
1330 456 1424 520 totins
1455 457 1618 523 tere-artis
1641 457 1688 526 hit

330 547 374 612 32
397 547 631 629 problematibus
656 547 785 616 traditae
810 546 962 624 specimen
985 546 1143 613 *exhibebo

417 637 523 702 Prius
554 635 766 714 exemplum.
815 637 903 717 Apno
930 629 1027 698 1600.
1056 635 1104 697 die
1129 629 1181 698 30.
1206 633 1288 696 Junii
1321 635 1368 696 rel
1399 633 1450 700 10.
1478 635 1553 698 Julii
1586 633 1686 700 Grati

329 723 453 810 Styriae
476 727 675 788 instrumento
700 723 813 803 ligneo,
844 723 931 804 cujus
959 723 1121 804 descriptio
1153 723 1243 804 plane
1267 730 1353 784 extat
1385 724 1480 802 probi.
1508 724 1535 800 1,
1560 724 1688 790 subdio

330 816 372 876 fui
396 813 588 895 circumjecta
611 832 711 876 scena.
752 812 887 893 Cumque
911 813 1039 876 nondum
1064 819 1147 876 esset
1170 812 1296 874 divisum
1320 813 1547 882 instrumentum
1568 815 1596 875 in
1615 832 1687 878 suas

330 904 505 983 particulas,
532 909 620 964 notas
648 898 686 963 15
712 901 855 982 insculpsi
880 901 1000 964 cultello
1026 921 1135 982 easque
1164 901 1268 964 ordine
1292 902 1354 962 suis
1377 903 1507 965 numeris
1534 902 1686 982 insignivi,

330 1011 464 1074 quaeque
489 993 526 1054 ad
550 999 638 1053 notas
664 991 798 1070 singulas
821 991 850 1052 in
876 991 991 1053 tabella
1014 990 1195 1066 viderentur,
1225 991 1351 1052 seorsim
1373 991 1403 1052 in
1426 1011 1537 1073 papyro
1560 993 1684 1071 consig-

328 1083 408 1145 navi.
464 1081 527 1144 Sed
559 1079 667 1142 seriem
700 1079 922 1142 observationis
953 1079 1167 1142 candidissime
1201 1077 1257 1141 tibi
1290 1099 1327 1140 ex
1361 1081 1474 1142 scheda
1503 1081 1684 1160 descriptam

331 1170 486 1233 exhibebo.
535 1166 595 1230 Odi
620 1169 697 1230 enirn
720 1192 774 1240 τας
797 1171 1076 1250 προσθαφαιρεσεις
1105 1167 1227 1252 despice
1250 1175 1282 1230 et
1309 1169 1434 1244 infidas,
1466 1187 1541 1248 qnae
1570 1171 1684 1232 utinam

329 1279 387 1321 non
417 1259 596 1340 praecipuas
620 1257 787 1322 Ptolemaei
818 1259 1046 1320 observationes
1077 1258 1260 1320 obsiderent.
1306 1255 1373 1339 Ego
1405 1257 1523 1338 quidem
1552 1258 1595 1320 sic
1625 1260 1688 1320 ista

328 1348 437 1422 scribo,
463 1367 499 1410 ac
523 1347 548 1408 si
572 1366 747 1425 persuasum
771 1347 916 1421 habeam,
941 1347 969 1408 iu
995 1367 1100 1410 rnauns
1132 1347 1323 1427 posteritatis
1346 1354 1482 1410 ventura.
1529 1344 1630 1416 Quare
1655 1355 1689 1408 nt

323 1437 469 1516 judicium
493 1438 521 1498 ei
540 1437 569 1497 in
594 1443 749 1515 utramque
773 1443 889 1515 partem
914 1437 1061 1498 sincerum
1076 1444 1107 1498 et
1121 1436 1247 1500 liberum
1269 1436 1474 1517 relinquatur:
1499 1435 1573 1498 nihil
1596 1435 1687 1498 etiam

328 1527 377 1588 vel
401 1525 600 1591 simulandum
624 1526 672 1588 vei
696 1525 944 1588 dissimulandum
969 1523 1035 1587 erit.

327 1661 537 1718 Azimuthornnr
581 1659 686 1730 Anguli
713 1659 854 1714 verticalis
881 1675 941 1714 cnm
966 1659 1068 1712 circulo
1088 1673 1140 1728 per
1300 1657 1390 1729 Digiti
1411 1658 1439 1712 in
1461 1659 1565 1712 umbra.

350 1748 379 1798 et
389 1740 543 1798 altitudinis
626 1747 730 1794 centra.
768 1741 992 1794 Numerabautur
1014 1740 1051 1792 ab
1071 1738 1144 1792 infra

350 1829 443 1876 notae.
625 1835 721 1874 versus
736 1835 862 1874 occasum
876 1837 963 1891 usque
978 1821 1013 1874 ad
1027 1819 1143 1876 indicem

623 1893 683 1970 (qui
713 1901 810 1954 stabat
839 1919 855 1954 e
883 1900 998 1970 regione
1029 1900 1142 1953 umbrae

622 1980 702 2036 radii.
743 1981 820 2052 Ergo
848 1981 877 2034 in
905 1981 1016 2034 easdem
1047 1985 1142 2050 partes

623 2077 683 2114 cum
703 2059 784 2115 Luna
803 2060 833 2114 in
853 2054 954 2129 coelo.)

484 2180 491 2195 .
534 2179 541 2194 .
583 2139 667 2212 62¹l,.
689 2141 735 2196 rel
757 2140 826 2210 tuq,
832 2177 1138 2195 .......
1182 2137 1208 2190 0.
1229 2135 1348 2190 Initium.
1378 2135 1491 2208 nepus
1511 2133 1586 2190 texit
1605 2139 1687 2190 note·

1269 2215 1450 2273 denariorum.

485 2379 669 2451 ..σφιν

370 2662 377 2676 .
435 2662 441 2677 .
484 2662 490 2677 .
534 2659 540 2674 .
586 2619 631 2674 13.
655 2619 771 2675 circiter.
1260 2616 1365 2670 Versus
1387 2619 1511 2669 ortum..

371 2743 378 2757 .
435 2741 541 2756 ...
604 2701 632 2756 4.
686 2711 775 2755 ..¹
785 2737 1141 2757 ........
1183 2695 1350 2750 doircitsr.

371 2822 378 2837 .
435 2823 441 2837 .
484 2820 492 2836 .
534 2825 540 2838 .
583 2779 632 2836 22.
655 2780 771 2836 circiter,
833 2818 1139 2835 .......
1182 2777 1209 2834 6.
1232 2776 1296 2846 plus
1317 2775 1461 2846 putabam.
1492 2771 1582 2828 Valde
1602 2771 1686 2842 palli·

370 2903 376 2917 .
434 2902 440 2917 .
484 2900 490 2915 .
533 2901 539 2915 .
583 2859 631 2915 32.
1270 2857 1320 2910 dus
1342 2862 1372 2910 et
1392 2855 1530 2912 confusus

370 2982 376 2997 .
434 2983 440 2998 .
484 2981 491 2995 .
534 2980 541 2995 .
583 2941 620 2995 47
625 2977 1138 2997 ...........
1182 2937 1198 2991 5
1233 2935 1351 2994 circiter.

370 3064 376 3078 .
434 3061 440 3076 .
484 3061 489 3074 .
531 3063 538 3076 .
581 3019 619 3075 59
621 3057 1040 3076 .........
1067 3018 1139 3074 inira
1182 3015 1209 3072 5.

370 3143 376 3158 .
434 3141 440 3156 .
484 3141 490 3154 .
533 3140 540 3155 .
583 3101 622 3155 64
624 3137 1136 3156 ...........
1178 3098 1197 3151 4
1230 3095 1347 3151 circiter.

369 3223 376 3238 .
432 3221 440 3236 .
482 3220 489 3235 ·
532 3221 538 3236 .
581 3179 628 3237 64.
653 3181 700 3236 15’
722 3181 847 3251 praecise
881 3218 1136 3236 ......
1179 3175 1206 3230 3.
1229 3175 1279 3232 55¹

369 3303 376 3320 .
433 3303 440 3316 .
483 3299 490 3316 .
533 3302 539 3315 .
583 3261 621 3317 80
624 3301 1039 3317 .........
1067 3259 1143 3313 ultra
1183 3256 1210 3321 2,
1233 3254 1404 3311 aestimando
1425 3273 1480 3310 non
1493 3255 1685 3311 mennnando.

354 3391 409 3460 *n-
431 3387 489 3441 ¹³²·
516 3421 581 3492 ..a
602 3336 1154 3491 ttttffltttltttlzrttll:
1172 3340 1339 3484 milti?
1359 3353 1501 3488 titt.
1520 3335 1688 3471 titii:

413 3492 464 3567 ΔΟ
515 3517 601 3558 causa
620 3495 697 3570 fuit),
719 3501 859 3556 verticalis
881 3503 1002 3573 angulus
1024 3505 1087 3555 erat
1106 3498 1224 3554 nondum
1247 3497 1308 3554 90⁰.

607 3583 652 3636 15.
679 3582 768 3635 Paulo
789 3589 855 3637 ante
875 3583 957 3638 finem
975 3583 1095 3636 nondum
1116 3584 1178 3632 erat
1200 3578 1237 3631 90
1260 3577 1289 3634 iu
1308 3576 1420 3632 vertice.

602 3661 678 3717 Nota
705 3663 738 3715 de
766 3661 810 3717 his
838 3662 927 3728 notis,
960 3661 1160 3718 azimuthorum
1189 3657 1322 3712 indicibus
1355 3665 1385 3711 et
1413 3654 1605 3712 altitudinum:
1634 3654 1688 3708 fine

512 3749 665 3800 transtrum
684 3758 736 3798 seu
755 3743 858 3818 regula
877 3741 1059 3799 horizontalis
1079 3739 1273 3810 propendebat
1286 3745 1316 3792 et
1336 3737 1511 3793 altitudinem
1530 3734 1689 3807 praebebat

511 3841 676 3959 nulum'irino
697 3901 789 3958 omnia
814 3903 958 3960 schemata
977 3918 1029 3973 per
1054 3900 1123 3957 tecti
1147 3897 1232 3955 rimas
1257 3899 1330 3956 hano
1353 3896 1499 3952 habebant
1523 3897 1641 3952 formam
1660 3894 1690 3950 in

511 3987 595 4057 plano
615 3983 777 4040 horizontis.

600 4119 651 4180 De
675 4114 870 4179 azimuthis
895 4121 932 4176 et
954 4111 1217 4176 altitudinibus
1241 4107 1397 4172 adhaec
1424 4105 1463 4170 15
1487 4111 1686 4166 momente.

510 4207 654 4270 Perfecta
689 4204 899 4268 observatione
935 4201 1174 4283 quadrangulum
1206 4216 1303 4260 meum
1340 4194 1521 4258 atimnthale
1561 4193 1688 4255 divisum

436 4261 487 4320 0²³
514 4295 572 4356 luit
601 4295 630 4356 in
661 4294 757 4356 altero
790 4293 885 4355 latere
915 4292 944 4352 in
977 4291 1132 4354 meridiem
1164 4292 1304 4369 porrecto
1334 4285 1364 4346 in
1395 4281 1482 4346 2000
1510 4282 1687 4362 particulas,

328 4387 443 4466 reliquo
475 4384 555 4465 quod
577 4383 609 4445 in
639 4389 738 4444 ortum
763 4388 794 4444 et
826 4399 966 4442 occasum
997 4379 1159 4459 spectabat
1190 4375 1327 4456 utrinque
1357 4373 1387 4435 in
1415 4369 1498 4435 1200
1527 4370 1688 4433 earundem

328 4475 554 4554 particularum.
600 4471 667 4532 Hoc
690 4470 870 4551 quadratum
894 4468 998 4530 diebus
1027 4465 1276 4530 antecedentibus
1304 4472 1452 4541 utcunque
1476 4460 1516 4522 ad
1540 4458 1687 4521 aestima-

328 4563 444 4628 tionem
458 4563 488 4624 iu
506 4559 662 4623 meridiem
686 4559 864 4626 direxeram,
889 4575 945 4635 quo
964 4557 1008 4616 ita
1031 4556 1149 4618 firmato
1173 4551 1309 4634 quaesivi
1333 4551 1382 4612 via
1401 4549 1517 4612 usitata
1538 4565 1592 4627 per
1606 4545 1690 4609 Solis

329 4650 582 4714 antemeridianas
602 4654 633 4709 et
652 4645 873 4729 pomeridianas
902 4643 1087 4720 altitudines,
1117 4643 1261 4724 aequales
1280 4641 1429 4720 utrinqne,
1452 4655 1555 4700 veram
1572 4635 1690 4698 azimu-

328 4739 420 4801 thaIis
434 4741 517 4820 plani
531 4735 694 4812 meridiem,
710 4734 867 4815 invenique
882 4731 1036 4794 meridiem
1049 4730 1242 4796 instrumenti
1256 4747 1361 4792 versus
1380 4745 1520 4792 occasum
1535 4724 1690 4788 declinare
