3674 5538
244 309 247 316 '
312 291 372 358 170
775 295 965 363 Paralipomena
981 301 1006 348 iu
1027 297 1194 349 Vitelliorum.

361 473 414 538 mg.
435 473 477 522 5⁴·
545 473 623 536 oculi
657 473 859 553 profunditas.
906 475 1045 554 lgitnra
1074 473 1209 536 terminis
1232 475 1312 551 aad
1341 481 1521 554 spargantur
1542 495 1587 552 ny,
1610 475 1657 550 lit,

327 593 331 600 ·
551 562 744 625 inclinatione
768 563 891 638 minori3
915 587 961 636 as,
985 560 1024 641 βζ
1045 563 1167 643 majori:
1198 571 1375 624 concurrent
1401 581 1471 642 ergo
1501 585 1545 641 yn,
1568 565 1607 640 dd
1629 563 1659 624 in

550 651 784 727 (tremefieri,¹
802 675 837 714 aa
860 671 931 715 vero
955 661 986 712 et
1009 649 1045 729 ζΒ
1070 652 1100 712 in
1125 673 1143 728 η
1173 651 1302 731 propiori
1336 653 1428 712 fonte.
1476 648 1552 712 Cum
1581 652 1658 712 enim

435 805 437 813 ¹
551 744 613 818 ayt,
635 741 687 818 rsty
708 739 867 802 interiores
889 741 1019 820 majores
1043 740 1105 802 sint
1128 757 1217 819 qnam
1235 736 1296 812 αεζ,
1310 737 1361 816 βζε
1384 739 1559 813 exteriores,
1584 739 1658 801 snb·

436 830 440 906 ².
551 827 641 888 tracti
666 847 684 887 a
707 827 821 890 dnobus
844 829 936 890 rectis
961 827 1010 901 (E.
1027 828 1051 896 l,
1072 826 1128 901 32)
1153 828 1321 907 relinquent
1342 827 1403 888 illic
1425 829 1483 905 pce
1505 827 1658 901 minorem,

440 957 443 979 2
551 915 600 976 hic
623 911 676 991 εηζ
702 919 853 996 majorem.
901 915 1002 988 Quare
1026 916 1078 991 (Ε.
1103 917 1127 990 Ι,
1152 914 1210 988 21)
1242 922 1420 977 concurrent
1450 937 1500 993 yn,
1522 917 1560 992 ee
1583 915 1612 976 in
1634 919 1661 975 θ

551 1004 717 1078 remotiori,
750 1014 783 1065 et
812 1005 907 1084 major
939 1005 997 1067 erit
1019 1010 1066 1066 ad
1097 1005 1145 1064 vel
1168 1005 1213 1080 βθ
1242 1021 1331 1083 qnam
1353 1023 1392 1080 an
1418 1004 1467 1064 vel
1489 1004 1536 1079 βη.
1562 1002 1661 1065 ..Gnnr

553 1111 624 1171 ergo
647 1101 751 1155 teneat
774 1095 876 1155 oculus
900 1093 1076 1156 diametrum
1100 1094 1141 1169 αβ
1164 1101 1195 1153 et
1217 1092 1450 1170 profunditatem
1470 1113 1513 1168 ny,
1539 1100 1571 1152 et
1592 1093 1659 1152 sns-

551 1179 654 1241 ficiens
677 1181 718 1241 sit
740 1182 899 1244 observare
922 1182 1143 1263 proportionem
1158 1185 1190 1259 dy
1211 1181 1250 1241 ad
1274 1177 1304 1253 ζε
1327 1189 1358 1241 et
1381 1180 1533 1260 utriusque
1556 1181 1594 1242 ad
1619 1181 1662 1255 αβ

552 1288 606 1329 een
621 1287 658 1329 ex
681 1271 886 1332 attenuatione
906 1269 980 1332 lucie
995 1288 1047 1332 seu
1063 1289 1100 1330 ex
1124 1269 1282 1330 illustratis
1305 1266 1499 1348 portiunculis
1522 1267 1660 1329 internae

353 1375 368 1406 ⁶
434 1399 453 1406 -
552 1356 727 1436 superficiei,
754 1375 844 1438 qnare
867 1367 900 1420 et
920 1381 967 1436 cn,
991 1363 1037 1420 αθ
1059 1358 1251 1420 observabit:
1282 1357 1371 1436 idque
1394 1373 1452 1416 non
1476 1357 1659 1418 numerando

552 1463 635 1518 sane,
659 1447 712 1508 sed
737 1448 937 1526 comparando
961 1447 1003 1508 rei
1028 1446 1189 1508 distantias
1208 1463 1262 1525 per
1285 1444 1361 1506 hunc
1384 1462 1438 1504 ceu
1462 1444 1596 1506 habitum
1621 1443 1660 1505 ed

549 1533 629 1595 vires
653 1536 784 1614 corporis
807 1535 853 1596 sni
876 1536 1140 1614 ostensionemque
1163 1553 1301 1596 manuum
1325 1541 1355 1594 et
1376 1551 1529 1620 passuum.

339 1637 380 1686 ’ν
453 1641 493 1690 rc
638 1621 722 1685 Satis
745 1623 820 1685 haec
845 1625 967 1699 faciunt,
992 1635 1026 1686 nt
1049 1624 1210 1703 quaejam
1238 1623 1343 1683 statim
1366 1623 1402 1682 de
1428 1620 1560 1682 binorum
1584 1639 1659 1683 ocn-

549 1710 644 1772 lomm
676 1711 823 1774 societate
858 1711 1148 1786 demonstrabimus,
1182 1731 1219 1772 ea
1250 1719 1282 1770 et
1316 1709 1353 1769 de
1390 1709 1550 1788 singularis
1583 1709 1660 1771 oenli

300 1799 449 1862 diametro
474 1797 642 1860 latitudinis
676 1803 883 1863 demonstrata
915 1801 1141 1880 intelligantur:
1176 1799 1253 1880 qnod
1278 1816 1370 1877 snpra
1399 1815 1659 1876 proposueramus.

396 1885 566 1966 Propositio
589 1887 662 1948 XV.
705 1889 747 1950 Et
770 1889 882 1952 dictum
907 1891 1026 1970 quidem
1046 1889 1083 1950 de
1107 1887 1372 1968 comprehensione
1395 1885 1514 1960 coloris,
1539 1886 1658 1965 plagae,

304 1976 483 2050 distantiae,
510 1982 606 2037 restat
630 1977 667 2038 de
696 1977 876 2058 quantitatis
904 1977 1167 2058 comprehensione
1196 1973 1344 2054 legitima,
1375 1991 1463 2053 quam
1487 1991 1544 2035 uno
1568 1975 1659 2036 verbo

305 2063 473 2144 expediam.
520 2063 663 2143 Sequitur
695 2066 772 2128 euim
797 2067 836 2128 ad
869 2064 1165 2145 comprehensionem
1199 2063 1301 2141 anguli
1330 2070 1362 2122 et
1394 2061 1577 2131 distantiae,
1610 2061 1660 2123 nbi

305 2154 389 2214 visus
413 2170 451 2212 ex
474 2152 619 2214 lateribus
642 2152 671 2214 in
696 2155 781 2216 oculo
806 2155 982 2217 coeuntibus
1006 2163 1038 2214 ct
1060 2154 1169 2232 angulo
1199 2151 1278 2230 apud
1301 2169 1335 2212 sc
1359 2150 1523 2212 constituto
1541 2151 1662 2229 judicat

261 2257 266 2263 ·
305 2243 343 2302 de
367 2241 433 2302 basi
465 2241 646 2324 pyramidis,
678 2260 754 2321 quae
777 2251 826 2306 est
848 2243 891 2304 rei
924 2245 1008 2306 visae
1042 2241 1206 2321 quantitas.
1253 2237 1323 2300 Jam
1348 2239 1387 2300 ad
1419 2237 1570 2317 negotium
1602 2237 1660 2300 loci

306 2329 446 2408 imaginis
470 2328 592 2408 propius
616 2331 806 2392 accedamus.

393 2416 538 2478 Definitio
571 2417 612 2480 II.
664 2417 859 2499 Snperficicm
891 2435 1085 2496 repercussus
1118 2416 1167 2480 vel
1200 2414 1389 2477 refractionis
1422 2413 1524 2475 dicunt
1555 2415 1659 2493 optici,

287 2523 383 2585 -qnae
416 2504 555 2568 definitur
587 2505 684 2568 tribus
716 2507 836 2586 punctis
860 2506 914 2582 (ad
946 2507 1007 2568 tria
1039 2505 1116 2566 enirn
1149 2511 1262 2582 puncta
1289 2521 1348 2564 non
1376 2504 1405 2562 iu
1436 2502 1541 2562 eadem
1574 2511 1661 2564 recta

304 2593 407 2672 posita
430 2611 548 2672 semper
579 2595 740 2671 peculiaris
771 2595 914 2675 planities
937 2595 1089 2672 ponitur),
1123 2599 1225 2654 centro
1249 2592 1347 2664 visos,
1373 2597 1482 2670 puncto
1506 2589 1550 2651 rei
1572 2590 1659 2652 visae

301 2691 334 2744 et
356 2690 468 2762 puncto
492 2699 685 2760 repercussus
715 2684 777 2757 (vel
806 2683 1009 2757 refractionis)
1039 2682 1068 2744 in
1100 2681 1254 2742 schemate
1278 2675 1330 2741 53.
1358 2677 1476 2758 punctis
1499 2677 1538 2751 D,
1558 2680 1598 2752 A,
1621 2679 1658 2740 B.

392 2769 563 2849 Propositio
587 2769 676 2834 XVI.
723 2772 901 2851 Hujnsmodi
930 2770 1115 2850 superficiem
1148 2769 1356 2830 demonstrant
1388 2766 1558 2828 necessario
1586 2785 1658 2847 per-

302 2857 538 2937 pendiculariter
575 2859 649 2937 erigi
691 2879 782 2940 snper
822 2860 1008 2940 superficiem
1050 2856 1300 2937 repercutientem
1338 2873 1391 2914 sen
1432 2855 1656 2934 refringentem.

302 2946 430 3008 Vitellio
462 2947 513 3008 lib.
538 2945 570 3008 5.
595 2966 625 3026 p.
651 2945 708 3020 25,
733 2949 881 3010 Alhazen.
914 2949 966 3010 lib.
992 2944 1022 3010 4.
1047 2967 1076 3009 n.
1106 2941 1156 3008 ll.
1181 2941 1465 3006 demonstrationem
1495 2944 1659 3021 expediunt

302 3033 353 3095 ille
376 3051 430 3111 per
453 3051 481 3112 p.
507 3031 559 3106 20,
585 3033 633 3096 hic
656 3053 758 3114 pern.
783 3034 833 3099 10.
859 3037 1030 3107 eorundem,
1056 3035 1133 3114 qnod
1158 3031 1276 3095 scilicet
1298 3029 1399 3109 anguli
1421 3029 1602 3093 incidentiae
1627 3041 1659 3094 et

303 3137 498 3198 repercussus
521 3123 583 3183 siut
606 3124 769 3202 aequales:
804 3133 836 3185 et
858 3143 980 3186 cansam
1009 3123 1130 3184 tandem
1155 3121 1222 3182 inde
1256 3119 1407 3192 derivant,
1443 3121 1520 3198 quod
1548 3128 1659 3181 natura

303 3215 377 3284 agat
399 3225 453 3285 per
476 3207 572 3270 lineas
595 3210 759 3286 breviores,
785 3214 862 3290 qnod
887 3231 924 3272 ex
946 3211 1072 3273 Euclide
1096 3221 1127 3270 et
1151 3209 1326 3271 Ptolemaeo
1349 3207 1522 3268 hauserunt.
1560 3209 1655 3288 Atqui

303 3295 378 3355 haec
402 3312 494 3373 opera
517 3315 576 3359 nou
607 3305 678 3358 sunt
711 3299 823 3360 formae
857 3299 981 3361 consilio
1010 3299 1122 3360 utentis
1155 3305 1208 3359 aut
1239 3297 1327 3357 linem
1359 3294 1568 3373 respicientis,
1602 3295 1655 3356 sed

306 3381 451 3444 rnateriae
474 3385 537 3445 suis
567 3385 759 3464 geometricis
789 3387 1024 3448 necessitatibus
1057 3387 1213 3448 astrictae.
1261 3385 1426 3445 Praeterea
1448 3393 1480 3443 et
1502 3383 1657 3446 stellarum

301 3470 449 3548 imagines
473 3473 622 3538 cernimus
646 3473 676 3535 in
700 3473 823 3535 lacubus
846 3474 954 3536 iisdem
986 3491 1214 3555 repercussnum
1237 3471 1373 3551 legibus,
1398 3471 1446 3532 nbi
1470 3473 1656 3552 comparatio

306 3557 449 3620 lineamnr
473 3560 593 3639 penitus
617 3561 782 3624 evanescit.
828 3563 965 3643 Denique
988 3564 1015 3625 si
1038 3563 1169 3642 genuina
1187 3568 1270 3622 esset
1292 3560 1520 3633 demonstratio,
1545 3577 1656 3640 seque·

305 3655 387 3707 retnr
415 3646 508 3709 etiam
531 3649 560 3710 in
586 3650 737 3730 negotium
765 3651 989 3730 refractionem.
1035 3651 1132 3731 Atqui
1155 3649 1282 3712 Vitellio
1306 3647 1357 3709 lib.
1386 3646 1435 3710 10.
1459 3666 1488 3727 ρ.
1518 3648 1545 3720 1,
1569 3648 1600 3711 2.
1624 3657 1657 3709 et

300 3735 440 3798 Alhazen
465 3736 517 3797 lib.
543 3733 573 3800 7.
598 3757 626 3798 n.
653 3735 682 3801 9.
718 3747 836 3800 mutant
866 3740 913 3801 hic
938 3741 1061 3802 formam
1096 3735 1380 3808 demonstrationis;
1413 3753 1508 3816 neque
1536 3738 1658 3799 enima

303 3823 389 3885 lineis
424 3825 609 3888 brevissimis
633 3826 677 3888 ita
705 3827 753 3889 hic
786 3829 988 3905 argumentari
1018 3828 1190 3907 expeditum
1215 3833 1272 3886 est.
1321 3823 1416 3885 Nobis
1444 3826 1555 3888 sufficit
1581 3843 1656 3888 con-

235 3911 237 3916 ’
303 3919 397 3984 stare,
422 3914 500 3992 qnod
523 3931 717 3993 repercussus
739 3915 794 3977 liat
816 3915 845 3976 in
870 3917 991 3994 plagam
1020 3916 1205 3996 oppositam,
1229 3911 1371 3973 retractio
1396 3913 1435 3973 ad
1457 3913 1655 3993 perpendicn-

301 3999 412 4076 larem,
437 4019 513 4080 qnae
538 4011 708 4082 expuncto
740 4003 878 4066 radiante
902 4005 931 4065 in
958 4005 1144 4084 superficiem
1177 4000 1390 4079 refringentem
1415 4002 1550 4063 ducitur:
1582 4002 1656 4063 illud

303 4105 340 4146 err
363 4105 392 4164 p.
422 4086 470 4151 19.
500 4109 566 4168 εερ,
591 4092 616 4152 Ι.
648 4091 704 4154 hoc
732 4099 778 4170 p.'·
788 4090 839 4154 20.
868 4109 934 4170 cap.
958 4091 1004 4153 L:
1039 4109 1161 4172 quornm
1193 4098 1350 4168 utmmqne
1381 4107 1419 4148 en
1449 4108 1505 4151 sua
1535 4091 1658 4170 propria

303 4193 397 4236 causa
419 4177 605 4252 deduximus,
629 4181 707 4242 unde
731 4179 819 4242 simul
842 4179 935 4240 etiam
966 4180 1148 4258 sequebatur
1180 4176 1350 4256 aequalitas
1381 4179 1555 4256 angulorum
1578 4177 1656 4240 inci-

303 4259 424 4324 dentiae
448 4273 480 4324 et
502 4267 823 4344 repercussisset
843 4267 908 4344 jam
927 4268 955 4328 in
976 4285 1085 4346 genere
1106 4264 1313 4328 adhibebimus
1337 4274 1552 4343 argumentum,
1577 4266 1655 4346 quod

301 4348 332 4408 in
360 4351 461 4429 specie
486 4352 612 4415 Vitellio
639 4356 677 4415 de
709 4355 938 4416 retractionibus
972 4363 1110 4434 usurpat,
1144 4361 1287 4436 quantum
1320 4371 1357 4414 ex
1386 4353 1440 4414 illa
1471 4353 1656 4416 obscuritate

303 4437 403 4516 colligi
426 4447 538 4518 potest.

392 4523 468 4588 Onna
491 4527 570 4588 enim
592 4528 701 4607 plagae
725 4530 909 4591 collocentur
923 4529 952 4590 in
972 4530 1085 4602 orbem,
1111 4535 1272 4591 transeant
1294 4545 1366 4604 ergo
1389 4545 1443 4607 per
1459 4528 1490 4589 A
1512 4535 1655 4608 punctam

303 4627 496 4687 repercussus
519 4615 607 4678 binae
640 4623 742 4678 rectas
765 4615 835 4691 ΒΟ,
860 4617 916 4679 DE
940 4616 968 4678 in
1004 4617 1160 4696 superficie
1191 4615 1425 4696 repercutiente,
1460 4615 1655 4696 designantes

304 4705 431 4773 quatuor
452 4702 571 4779 plagas.
619 4704 771 4766 Transeat
797 4704 862 4783 jam
885 4703 997 4768 BFGO
1021 4705 1194 4783 superficies
1226 4721 1420 4784 repercussus
1443 4723 1497 4784 per
1527 4705 1656 4766 alterans

303 4781 408 4844 harum
432 4785 576 4850 linearum
599 4789 668 4864 BC,
703 4811 779 4872 qnae
803 4792 829 4852 si
858 4793 1020 4856 inclinatur
1043 4793 1071 4852 in
1100 4793 1255 4872 superficie
1287 4791 1509 4871 repercutiente
1532 4791 1656 4860 DOEB,
