3674 5538
582 1156 1086 1259 PROOEMIUM

769 1443 902 1453 ---—-.-.a

239 1591 510 1715 Astrouomia,
544 1657 621 1721 quae
645 1639 681 1700 de
706 1641 836 1704 siderum
859 1639 989 1703 motibus
1014 1641 1092 1721 agit,
1126 1641 1203 1704 duas
1224 1639 1384 1722 praecipue
1407 1647 1512 1722 partes

154 1723 263 1797 babet,
286 1729 388 1790 altera
411 1729 441 1790 in
468 1726 644 1808 inquirenda
668 1740 699 1792 et
722 1731 932 1809 cognoscenda
955 1731 1051 1792 forma
1074 1737 1206 1792 motuum
1230 1729 1384 1805 consistit,
1408 1729 1510 1810 philo·
1577 1758 1579 1764 ¹

154 1811 300 1892 sophicae
325 1816 573 1898 contemplationi
589 1817 779 1897 potissimum
794 1819 940 1892 serviens,
964 1821 1063 1882 altera
1078 1818 1183 1882 axilla
1202 1823 1270 1880 orta
1289 1819 1357 1880 loca
1379 1818 1511 1881 siderum

156 1903 193 1963 ad
217 1905 347 1983 quodvis
380 1915 564 1970 momentum
596 1907 762 1988 investigat
785 1909 877 1968 etad
909 1909 1017 1986 praxln
1046 1927 1114 1970 sese
1138 1907 1347 1970 accommodat
1368 1905 1513 1987 prognosi

156 1989 351 2056 fundamenta
369 1994 501 2074 jaciens.
549 1995 645 2056 Binae
668 1998 725 2059 hae
748 2005 853 2076 partes
868 1998 995 2075 geminis
1009 1997 1095 2077 quasi
1120 1997 1187 2071 alls,
1213 1995 1290 2075 quod
1306 1995 1396 2058 Plato
1411 1995 1510 2058 dicere

156 2075 262 2142 solitus
277 2091 343 2160 est,
367 2083 515 2146 subnixae
531 2085 560 2146 in
576 2084 691 2148 coelum
707 2086 841 2159 evolant,
867 2086 1070 2164 geometria
1094 2093 1126 2147 et
1150 2085 1406 2157 arithmetica,
1432 2103 1509 2166 qua-

157 2186 219 2229 rmn
243 2177 372 2252 utraque
396 2173 517 2252 quidem
542 2173 657 2253 utrique
682 2175 830 2237 dictarum
852 2174 998 2254 partium,
1024 2173 1120 2254 magia
1136 2181 1238 2235 tamen
1254 2173 1421 2252 geometria
1435 2191 1509 2234 con-

157 2259 355 2338 templatrici,
380 2262 573 2324 arithmetica
594 2261 747 2341 practicae
761 2263 841 2342 parti
866 2263 1037 2326 famulatur.
1085 2261 1226 2326 Summus
1249 2262 1352 2340 itaque
1367 2271 1511 2324 astrono-

156 2345 233 2408 miae
257 2367 336 2428 apex
359 2351 389 2412 in
413 2359 532 2430 partem
557 2350 667 2412 desinit
691 2352 985 2428 arithmeticam,
1019 2371 1095 2434 quae
1120 2350 1274 2413 tabulas
1297 2358 1457 2413 motuum
1479 2358 1511 2412 et

157 2433 225 2496 inde
250 2438 405 2500 derivatas
428 2438 647 2518 Ephemeridas
672 2441 890 2520 complectitur.

246 2524 325 2588 Pars
357 2528 542 2608 geometrica
575 2529 686 2591 multos
710 2530 765 2592 sub
790 2548 822 2592 se
846 2529 939 2591 habet
962 2527 1040 2608 alias
1069 2546 1124 2608 pro
1148 2526 1327 2590 diversitate
1351 2525 1508 2600 materiae,

157 2631 246 2692 quam
270 2614 298 2676 in
324 2617 509 2679 astronomia
532 2617 717 2697 geometrica
739 2618 899 2680 sinceritas
922 2617 1030 2680 induit.
1069 2613 1144 2680 Cum
1159 2616 1246 2690 euim,
1268 2622 1303 2677 ut
1317 2614 1355 2676 ab
1378 2633 1434 2676 ovo
1448 2635 1511 2678 rem

158 2701 325 2779 deducam,
359 2705 389 2767 in
414 2706 721 2769 demonstrationibus
745 2705 954 2770 astronomicis
986 2706 1043 2768 duo
1067 2705 1128 2767 sint
1151 2704 1361 2786 principiorum
1384 2722 1507 2782 genera,

156 2789 283 2853 alterum
308 2793 617 2869 observationes,
652 2795 778 2858 altcmm
812 2795 1002 2859 axiomata
1033 2794 1192 2876 physica
1224 2812 1287 2854 seu
1315 2793 1509 2874 metaphy-

155 2879 252 2955 sica,
284 2882 366 2943 circa
389 2883 619 2946 observationes
643 2886 761 2966 quidem
785 2894 848 2947 tres
871 2891 976 2964 partes
1000 2883 1202 2946 astronomiae
1226 2881 1379 2953 oriuntur,
1411 2880 1510 2960 prima

156 2969 385 3047 mechanica,
419 2973 623 3034 instrumenta
649 2975 775 3036 tradens
806 2970 1004 3037 observandis
1035 2971 1167 3036 motibus
1195 2969 1378 3033 coelestibus
1401 2969 1510 3031 idonea

156 3057 335 3140 modumque
359 3060 483 3123 utendi:
509 3080 596 3142 quam
619 3063 749 3140 phoenix
771 3063 823 3124 ille
839 3069 1093 3136 astronomorum,
1123 3059 1245 3143 Tycho
1268 3057 1399 3121 Brahe
1421 3076 1452 3138 p.
1468 3076 1508 3122 m.

154 3155 225 3208 aute
250 3149 483 3230 quinquennium
507 3150 603 3214 edidit
626 3157 723 3225 (temp.
742 3159 833 3212 vett
853 3175 877 3225 p.
892 3155 969 3221 luth:
1000 3151 1101 3234 ¹altera
1123 3149 1324 3218 historica,
1359 3146 1508 3210 observa-

155 3235 254 3298 tiones
276 3237 361 3318 ipsas
386 3239 563 3320 complexa:
597 3240 764 3320 cujusmodi
795 3239 1096 3321 exquisitissimamm
1120 3237 1382 3311 observationum,
1414 3255 1509 3299 annos
1577 3263 1583 3274 ·

152 3325 368 3406 propemodum
391 3324 435 3392 40
458 3329 640 3409 praeteritos
663 3329 940 3409 complectentium,
964 3328 1058 3391 libros
1073 3323 1116 3392 at
1131 3328 1227 3391 lector
1241 3327 1321 3390 sciat
1334 3345 1353 3387 a
1367 3325 1509 3407 Tychone

152 3413 275 3476 relictos
309 3435 396 3492 esse,
430 3436 505 3497 quos
538 3427 705 3498 opportuno
738 3428 873 3500 tempore
907 3419 937 3480 in
967 3419 1063 3504 lucem
1095 3417 1268 3497 prodituros
1300 3433 1388 3496 spero
1415 3421 1509 3488 (comp.

154 3509 208 3562 vol.
227 3511 248 3562 1.
269 3528 296 3577 p.
317 3511 391 3576 192).
436 3504 519 3577 Quia
539 3525 610 3568 vero
635 3507 730 3570 omnis
760 3507 933 3570 observatio
958 3505 1100 3570 coelestis
1123 3507 1158 3568 lit
1184 3505 1336 3568 mediante
1371 3503 1436 3566 luce
1461 3503 1511 3568 vel

152 3591 270 3667 umbra,
305 3593 462 3676 mediaque
495 3595 602 3657 stellas
626 3595 704 3659 iuter
734 3604 767 3658 et
793 3597 909 3659 oculum
941 3597 1103 3659 distinctas
1132 3595 1246 3658 habent
1277 3593 1453 3656 affectiones
1477 3600 1510 3654 et

153 3681 281 3759 quaein
315 3683 400 3744 coelo
433 3684 628 3747 observamus
651 3685 699 3747 vel
723 3693 823 3748 motus
856 3693 940 3762 sunt,
975 3703 1098 3766 quormn
1130 3684 1249 3766 species
1272 3679 1507 3761 retrogradatio,

153 3769 245 3832 statio
261 3779 321 3833 etc.
338 3772 387 3833 vel
402 3791 499 3848 arcus,
524 3773 581 3836 hoc
605 3781 661 3848 est
687 3775 789 3854 auguli
812 3774 850 3837 ad
874 3775 980 3851 visum,
1006 3774 1054 3837 vel
1069 3791 1196 3852 corpora
1217 3771 1328 3842 lucida,
1352 3769 1509 3850 omniaque

153 3857 213 3920 ista
244 3860 276 3922 in
310 3859 412 3940 optioa
442 3862 571 3924 scientia
603 3862 847 3934 considerantur,
880 3863 948 3926 hinc
972 3864 1066 3927 oritur
1094 3863 1187 3925 tertia
1208 3859 1508 3941 pars'astronomiae

152 3950 297 4028 optica,
332 3967 422 4030 quam
446 3949 476 4012 iu
506 3969 651 4030 praesens
680 3953 813 4028 tradam,
847 3953 985 4033 repetitis
1016 3950 1149 4014 breuiter
1180 3957 1213 4011 et
1244 3947 1332 4028 quasi
1360 3947 1390 4010 in
1421 3946 1508 4026 prin-

153 4039 295 4118 cipiomm
324 4043 441 4119 parte,·
467 4058 543 4119 quas
569 4039 606 4100 de
630 4041 688 4102 hac
716 4060 748 4103 re
778 4042 828 4104 vel
850 4051 955 4104 vetera
978 4039 1107 4103 Vitellio
1132 4056 1170 4101 ex
1191 4038 1330 4119 professo
1353 4035 1402 4098 vel
1430 4051 1509 4096 nova

153 4127 250 4210 Tycho
273 4127 378 4192 Brabe
403 4129 533 4207 sparsim
557 4129 720 4192 tradidere.
819 4155 825 4162 ·

234 4218 378 4281 Alterum
403 4235 500 4297 genus
522 4218 736 4298 principiorum
759 4219 789 4280 iu
813 4215 1123 4281 demonstrationibus
1147 4211 1374 4287 astronomicis,
1399 4209 1507 4292 physi-

153 4325 212 4370 cum
234 4325 344 4388 nempe
369 4325 425 4369 seu
449 4306 699 4388 metaphysicum,
720 4326 864 4370 unacum
887 4308 954 4385 ipso
978 4304 1181 4369 astronomiae
1196 4304 1341 4384 subjecto,
1367 4299 1444 4382 quod
1460 4307 1509 4362 est

152 4397 306 4478 praecipue
331 4403 437 4458 motus
462 4396 607 4472 sidemm,
640 4415 690 4457 res
713 4396 851 4479 physica,
876 4403 1043 4477 quartam
1076 4393 1330 4456 astronomiae
1359 4397 1507 4470 partem

150 4485 338 4570 physicam
363 4483 486 4548 scilicet
508 4483 682 4558 constituit,
707 4485 737 4546 in
761 4503 820 4566 qua
843 4486 944 4566 agitur
967 4483 1124 4546 decausis
1148 4489 1280 4545 motuum
1304 4477 1507 4540 efficientibus

149 4575 207 4638 sive
230 4575 413 4649 motoribus,
441 4573 598 4636 decausis
622 4573 799 4636 formalibus
823 4593 876 4636 seu
898 4572 1012 4652 liguris,
1037 4591 1111 4652 quas
1135 4577 1267 4633 motores
1292 4568 1447 4639 affectant,
1470 4567 1508 4628 de

146 4668 238 4731 causis
262 4663 485 4730 materialibus
510 4680 563 4724 seu
588 4661 707 4726 orbibus
732 4670 764 4724 et
782 4669 913 4725 motuum
928 4662 1094 4724 intentione
1110 4659 1156 4720 vel
1171 4657 1349 4721 remissione
1363 4655 1507 4736 physica;

145 4775 224 4837 quarn
246 4766 391 4840 partem,
428 4752 456 4814 si
478 4751 563 4814 Deus
586 4751 682 4818 vitam
710 4751 909 4827 concesserlt,
943 4747 1233 4812 Commentariis
1264 4747 1308 4808 de
1339 4744 1507 4807 motibus

141 4845 280 4913 llartis
304 4851 364 4924 (ex
389 4839 657 4906 observationibus
681 4840 862 4924 Tychonicis
886 4847 918 4902 et
941 4858 1031 4920 super
1054 4837 1278 4902 fundamentum
1303 4833 1507 4926 astronomiae
