3684 5518
697 257 700 268 “
754 287 836 354 eaput
853 288 898 340 1v.
918 285 943 339 a.
1256 254 1258 256 ’
1466 283 1527 350 185
1612 260 1616 266 ’

179 463 375 527 densioribus.
423 465 457 525 In
480 465 622 526 convexis
645 464 764 545 quidem
787 475 890 545 partes
914 466 1029 528 mediae
1057 465 1196 546 imaginis
1221 463 1474 546 appropinquant,
1499 464 1527 524 in

179 553 315 614 concavis
338 553 485 614 recedunt
507 555 633 634 lougius,
659 573 748 634 quem
772 556 1020 616 circumstantes:
1046 555 1124 616 idern
1147 555 1182 615 fit
1203 554 1232 614 in
1257 554 1362 615 mediis
1386 553 1528 614 differen-

178 642 270 714 tibus,
301 639 379 702 adee
411 649 445 702 ut
477 642 507 703 in
540 662 618 722 aqua
639 644 752 704 turdus
783 644 959 722 depressus,
993 643 1222 705 circumstantes
1255 651 1358 721 partes
1391 642 1528 702 elevatae

87 754 93 776 ο
178 737 353 812 appareant.
391 729 469 790 Hine
489 731 656 811 apparebat
674 750 825 793 concavae
845 731 1009 810 superficiei
1030 731 1180 811 speculari
1204 731 1383 810 respondere
1398 730 1529 790 medium

178 816 311 892 densius,
343 836 496 879 convexae
522 819 637 881 rarius:
667 820 754 880 simul
783 821 894 898 patuit,
924 821 1046 898 planam
1075 838 1170 900 aquae
1199 817 1384 898 superficiem
1407 817 1529 878 induere

178 907 325 985 quandam
350 907 508 968 curvitatis
532 908 700 970 rationem:
726 927 816 986 quare
841 909 877 969 de
902 909 1001 970 causis
1031 907 1224 988 cogitandum
1249 914 1329 981 erat,
1355 925 1430 986 quae
1455 925 1528 966 een-

177 994 315 1056 ciliarent
338 994 382 1056 illi
406 995 482 1056 huuc
515 997 671 1058 curvitatis
704 997 856 1068 effectum,
889 1004 923 1058 ut
945 996 971 1057 si
1000 1017 1108 1060 causa.
1125 997 1313 1070 redderetur,
1348 1013 1400 1054 our
1427 1002 1529 1072 partes

176 1101 270 1164 aquae
304 1083 534 1145 circumstantes
566 1085 746 1146 incidentem
780 1084 1058 1165 perpendicularem
1090 1085 1234 1164 majorem
1266 1089 1531 1162 repraesentarent

159 1167 367 1246 densitatem,
394 1190 481 1251 quam
506 1183 589 1236 esset
612 1173 706 1252 ipsius
730 1192 824 1252 aquae
846 1174 901 1235 sub
924 1173 1146 1254 perpendiculo.
1184 1173 1295 1233 ltares
1318 1171 1530 1232 revolvebatur

176 1261 215 1322 ad
237 1255 421 1339 superiores
441 1260 629 1322 molitiones:
664 1280 828 1340 quaecum
857 1261 919 1322 sint
951 1262 1066 1324 ratione
1091 1271 1123 1322 et
1152 1260 1338 1340 experientia
1365 1260 1529 1333 refutatae,

176 1347 429 1428 supersedendum
453 1348 509 1410 tuit
533 1369 551 1409 a
574 1368 683 1410 causae
708 1350 802 1432 ipsius
826 1349 1026 1430 inquisitione.
1073 1349 1239 1428 Pergebam
1263 1348 1355 1429 igitur
1379 1349 1418 1408 ad
1441 1367 1527 1408 men-

177 1456 289 1500 suram.
348 1435 424 1498 Onm
456 1437 547 1516 igitur
579 1439 641 1500 sint
673 1437 784 1500 multae
817 1438 979 1500 mediorum
1012 1439 1130 1518 species
1163 1437 1312 1499 densitate
1346 1437 1529 1509 differentes,

178 1526 309 1604 oportuit
331 1524 398 1587 huic
421 1525 604 1588 multitudini
629 1544 744 1608 queque
764 1533 898 1588 statuere
919 1527 988 1608 quid
1012 1528 1160 1606 analogon
1175 1527 1204 1587 in
1225 1526 1359 1605 speculis
1379 1524 1529 1587 concavis.

178 1614 275 1692 Igitur
296 1621 331 1674 ut
352 1613 381 1674 in
405 1632 536 1676 concavo
560 1615 657 1695 major
680 1616 732 1676 liat
755 1615 868 1695 image,
897 1622 1017 1695 opertet
1045 1614 1161 1677 oculum
1183 1614 1263 1675 intra
1286 1623 1420 1685 centrum
1443 1632 1528 1675 esse:

177 1702 226 1782 qui
260 1719 318 1782 que
346 1702 467 1780 propior
491 1711 539 1764 est
567 1710 684 1772 centro,
718 1704 859 1766 remotior
883 1725 902 1764 a
925 1704 1097 1783 superficie,
1131 1703 1188 1765 hec
1220 1702 1315 1782 major
1339 1703 1397 1764 erit
1419 1701 1528 1782 imago.

182 1791 289 1870 ltaque
322 1809 388 1851 cnm
421 1791 561 1852 densiora
600 1793 700 1853 media
740 1793 883 1873 majorem
921 1793 1024 1854 itidem
1057 1792 1171 1853 iaciant
1202 1791 1380 1870 imaginem,
1414 1791 1533 1852 diversa

181 1879 280 1940 media
303 1877 430 1941 diversis
453 1880 482 1940 in
508 1881 654 1941 diametro
679 1881 826 1959 speculari
850 1880 958 1945 sitibus
983 1881 1058 1946 oculi
1082 1879 1314 1959 respondebant.

265 1961 510 2030 Accomod'abam
534 1968 625 2048 igitur
653 1977 804 2043 extrema3
834 1969 862 2030 in
887 1988 1018 2032 concavo
1043 1967 1163 2049 speculo
1193 1969 1275 2030 locus
1300 1967 1393 2039 oculi,
1423 1985 1530 2044 super-

178 2054 259 2116 ficies
284 2064 316 2116 et
338 2063 492 2118 centrum:
519 2057 547 2118 in
563 2057 669 2119 mediis
692 2057 819 2119 medium
842 2059 1061 2132 densissimum,
1082 2067 1114 2120 et
1133 2057 1273 2129 medium,
1296 2057 1384 2136 plane
1408 2055 1532 2134 aequale

178 2143 221 2204 illi
245 2143 352 2219 medie,
377 2144 406 2204 in
431 2164 487 2225 quo
511 2155 559 2206 est
583 2146 695 2207 oculus.
743 2145 776 2207 Si
801 2147 999 2208 collocaretur
1027 2147 1130 2208 oculus
1152 2147 1181 2206 iu
1207 2155 1325 2221 centro,
1349 2143 1412 2206 fieri
1441 2161 1531 2222 oper·
1566 2157 1573 2160 ·

178 2233 265 2294 tebat
286 2233 401 2304 eadem,
426 2253 502 2313 quae
526 2235 704 2314 contingunt
726 2253 758 2296 re
782 2234 811 2294 in
836 2235 932 2296 medio
956 2235 1090 2297 infinitae
1114 2234 1275 2297 densitatis
1299 2234 1447 2310 inspecta.

266 2320 324 2382 Hic
347 2322 448 2402 itaque
472 2341 550 2383 nova
573 2321 746 2386 existebant
762 2323 852 2386 bivia.
890 2325 969 2386 Nam
984 2324 1009 2384 si
1033 2325 1213 2404 perpendas,
1238 2323 1307 2403 quid
1324 2321 1388 2383 lteri
1411 2319 1531 2390 debeat,

178 2409 275 2471 medie
300 2409 450 2471 existente
474 2409 562 2490 plane
587 2411 767 2472 densissimo
791 2414 860 2483 (seu
891 2412 1024 2474 infinitae
1054 2412 1240 2486 densitatis),
1264 2408 1471 2490 deprehendes
1495 2427 1533 2468 ex

179 2497 317 2575 analogia
339 2499 503 2560 mediorum
528 2506 703 2573 ceterorum,
729 2509 883 2580 opertere,
903 2502 927 2562 si
948 2501 1025 2581 quod
1046 2511 1137 2573 esset,
1162 2520 1264 2562 ornnes
1288 2499 1405 2560 omnino
1431 2497 1532 2558 radios
1611 2509 1612 2516 ’

179 2586 216 2646 nb
239 2605 297 2646 uno
321 2594 431 2665 puncto
455 2588 484 2648 in
508 2587 694 2665 superficiem
727 2589 896 2667 hujusmodi
924 2590 1049 2668 illapsos
1073 2589 1193 2668 refringi
1224 2587 1374 2668 plenarie,
1405 2586 1462 2648 hec
1486 2593 1533 2645 est

178 2673 345 2736 coincidere
368 2684 440 2754 post
463 2676 675 2738 refractionem
700 2695 765 2738 oum
788 2677 863 2756 ipsis
886 2677 1199 2759 perpendicularibus:
1226 2676 1318 2738 etsie
1338 2675 1401 2736 fieri
1426 2675 1531 2754 paral-

180 2762 263 2826 lelos.
300 2764 334 2823 In
359 2764 469 2825 ceteris
493 2765 571 2826 enim
595 2764 712 2839 mediis,
738 2784 795 2844 quo
820 2767 941 2828 densius
961 2776 1011 2828 est
1028 2765 1191 2846 quodlibet,
1216 2765 1272 2826 hec
1296 2763 1417 2844 propius
1442 2781 1531 2823 acce-

179 2851 251 2912 dunt
273 2850 395 2914 refracti
420 2853 459 2914 ad
481 2853 745 2932 perpendiculares
768 2873 847 2916 suos.

265 2940 361 3019 Atqui
388 2941 417 3003 in
446 2941 605 3020 sphaerica
635 2961 768 3002 concava
801 2941 955 3022 superficie
985 2941 1060 3004 radii
1088 2961 1126 3003 ex
1156 2946 1259 3001 centro
1288 2938 1316 2999 in
1345 2938 1556 3018 superficient.

179 3026 306 3107 undique
335 3029 437 3108 illapsi
463 3039 535 3110 pest
561 3048 770 3109 repercussum
797 3049 855 3092 non
883 3033 959 3092 fiunt
985 3031 1138 3110 paralleli,
1166 3028 1220 3090 sed
1249 3027 1462 3106 recolliguntur
1492 3027 1530 3086 ad

177 3135 262 3178 susm
286 3116 441 3195 originem.
489 3117 793 3196 Circumspiciendum
821 3120 912 3198 igitur
940 3120 994 3181 fuit
1021 3119 1135 3180 detali
1163 3135 1296 3178 concavo
1326 3115 1437 3196 talique
1468 3115 1531 3194 ejus

177 3211 286 3284 puncto
311 3205 460 3282 diametri,
485 3226 505 3267 a
520 3227 576 3287 que
591 3207 620 3267 in
638 3207 823 3286 superficiem
844 3208 959 3288 egressi
975 3226 1077 3268 omnes
1101 3212 1362 3286 repercuterentur
1379 3205 1408 3266 iu
1432 3223 1530 3265 meres

176 3293 349 3372 parallelos.
397 3293 483 3366 Queri
508 3295 565 3356 nisi
588 3295 654 3375 jam
685 3296 908 3377 praecepissem
935 3303 1054 3374 gustum
1084 3295 1211 3374 aliquem
1240 3294 1422 3366 conicerum,
1453 3313 1529 3354 nun-

176 3401 263 3461 quam
288 3401 323 3444 eo
347 3383 551 3462 pervenissem
576 3403 633 3464 quo
663 3385 891 3447 contendebam.
938 3385 1053 3445 Memor
1082 3391 1182 3445 autem
1206 3402 1287 3444 eram
1315 3391 1529 3460 eorumquae

177 3470 304 3532 Vitellio
334 3471 370 3530 de
394 3473 516 3552 speculo
539 3471 713 3551 parabolice
738 3472 883 3534 adurente
907 3472 1087 3550 scripserat,
1112 3471 1165 3534 lib.
1190 3473 1247 3533 IX.
1275 3489 1360 3552 prop.
1386 3465 1528 3534 39-44,

176 3559 296 3620 Etenim
317 3573 392 3638 qnae
410 3560 554 3639 Apellen.
581 3555 632 3622 lib.
648 3560 707 3621 111.
727 3560 1058 3641 proptereaque:
1082 3561 1346 3622 circumstantibus
1366 3560 1402 3620 de
1422 3558 1531 3640 hyper-

177 3648 246 3708 bela
269 3656 301 3708 et
328 3648 426 3727 ellipsi
459 3650 743 3722 demonstraverat,
773 3668 811 3710 ea
841 3649 1117 3728 ciroa‘parabolen
1151 3650 1264 3710 emissa
1287 3648 1413 3710 Vitellio
1444 3647 1533 3706 dictis

178 3735 250 3796 locis
275 3745 424 3815 exparte
448 3737 568 3816 supplet
591 3737 837 3819 demonstratque
861 3739 889 3800 in
915 3759 951 3799 ea
973 3745 1115 3817 punctum
1139 3738 1270 3817 aliquod,
1296 3755 1390 3815 aque
1410 3735 1439 3795 in
1464 3752 1531 3795 see-

177 3824 285 3886 tionem
314 3843 367 3884 seu
395 3845 516 3888 curvam
546 3825 655 3888 lineam
685 3845 826 3906 egressae
857 3835 1044 3908 quotcunque
1073 3826 1215 3905 aequales
1246 3843 1311 3887 cum
1340 3824 1532 3901 contingente

179 3914 305 3991 angulos
334 3913 469 3975 facerent
495 3914 534 3975 iis
563 3914 696 3994 angulis,
728 3935 803 3995 quos
832 3933 898 3976 cum
927 3915 1032 3977 eadem
1063 3917 1254 3992 contingente
1284 3912 1472 3974 constituunt
1496 3929 1532 3969 ex

178 4000 283 4062 iisdem
310 4003 429 4081 punctis
458 4002 586 4066 eductae
615 4003 665 4064 axi
691 4004 866 4082 parallelae.
916 4003 1018 4083 Atque
1048 4003 1078 4064 id
1104 4011 1165 4077 est,
1201 4001 1278 4082 quod
1303 3999 1530 4080 quaerebamus
1609 4047 1612 4052 .

180 4088 320 4152 Ceterum
349 4091 419 4170 quia
447 4090 579 4152 difficilis
611 4099 659 4152 est
689 4091 889 4154 consideratio
918 4091 1100 4165 sectionum,
1130 4101 1291 4170 prepterea
1322 4089 1400 4169 quod
1426 4106 1531 4168 parum

178 4178 298 4254 teritur,
333 4178 409 4240 libet
438 4180 540 4260 aliqua
569 4179 758 4256 mechanica,
792 4181 948 4260 analogice
973 4188 1004 4242 et
1027 4181 1214 4260 populariter
1237 4179 1274 4240 de
1298 4177 1334 4240 iis
1362 4176 1529 4238 disserere:

180 4266 248 4328 date
271 4267 390 4328 veniam
413 4278 597 4348 geometrae.

599 4404 630 4469 4.
665 4407 717 4469 De
746 4407 825 4469 coni
857 4409 1106 4472 sectionibus.

262 4529 339 4594 Geni
368 4530 445 4591 varii
473 4539 556 4606 sunt,
588 4508 773 4611 rectenguli,
807 4534 991 4612 eeutanguli,
1025 4531 1236 4611 obtusanguli:
1271 4531 1342 4592 item
1366 4529 1432 4591 cerri
1455 4531 1532 4592 recti

179 4637 228 4679 seu
254 4621 425 4700 regulares,
456 4627 488 4682 et
517 4620 631 4682 scaleni
659 4639 711 4682 seu
744 4620 924 4699 irregulares
954 4629 1008 4682 aut
1040 4619 1223 4699 compressi:
1255 4621 1291 4680 de
1325 4619 1431 4699 quibus
1462 4619 1530 4680 vide

180 4705 367 4786 Apollonium
392 4718 424 4769 et
447 4708 603 4772 Eutecium
626 4710 655 4770 in
680 4710 913 4771 commentariis.
961 4708 1101 4772 Omnium
1129 4707 1296 4787 promiscue
1325 4708 1477 4769 sectiones
1501 4708 1529 4768 in
1623 4723 1631 4746 r

180 4795 300 4878 quinque
324 4796 442 4858 cadunt
464 4799 589 4878 species.
628 4796 748 4860 Etenim
775 4797 854 4860 linea
873 4798 901 4859 in
926 4796 1081 4876 superficie
1105 4797 1171 4857 ceni
1190 4815 1244 4874 per
1267 4795 1432 4857 sectionem
1456 4815 1529 4857 cen·
