3674 5538
725 267 756 320 te
774 270 846 322 aaa
865 269 967 336 operes
1075 243 1094 264 '⁸
1478 263 1520 336 75

151 439 227 510 aperuo
238 427 380 518 ‘Mtsstm
403 439 608 504 Britanniae,
628 445 749 496 Feroniae
768 452 794 496 et
811 447 946 498 Hiberniae
969 449 1127 498 haereditet
1146 448 1172 497 ln
1196 447 1306 512 publicos
1323 459 1382 497 usna
1400 457 1523 512 exponam

152 497 225 552 darei
238 515 266 550 m
297 505 494 562 bibliotheca.
528 517 752 566 custodiendum.“
793 517 854 568 lude
878 519 978 568 hansiit
1001 520 1033 568 ad
1052 518 1208 569 Guiiielmum
1227 519 1382 578 Bosrrellum,
1402 525 1525 568 oratorem

201 569 346 625 foederatos
366 568 496 648 Belgas
520 587 647 651 Anglum,
675 587 716 654 qui
744 583 866 638 edendum
895 591 1017 640 commisit
1043 589 1159 639 Isaaco
1185 589 1341 645 Grutero,
1360 584 1525 654 Middelbnrgl

195 631 250 704 ibt,
270 645 399 709 posthac
422 651 630 708 Rotterodanil
655 652 753 707 achetae
781 661 876 709 rectori.
912 659 1006 710 Prodr‘rt
1028 660 1075 710 hoo
1095 673 1165 722 opus,
1184 660 1343 723 inscriptum:
1371 661 1402 710 G.
1422 653 1525 710 Gilberti

152 709 302 800 milwe
323 721 440 773 medici
465 729 554 792 regii,
575 728 718 778 Demnndo
737 737 818 778 nocem
837 731 963 780 sublunari
985 729 1142 794 Philosophia
1162 742 1234 778 nora.
1271 729 1338 793 Opus
1359 730 1524 794 posthumum.

153 783 285 837 tiamne
305 789 401 844 tratre
424 795 585 848 collectum
603 800 696 864 pridem
715 805 741 848 et
759 801 911 865 dispositum.
930 814 996 852 nuno
1015 816 1045 851 ex
1064 801 1158 850 duobus
1184 798 1245 848 blas.
1270 802 1395 850 codicibus
1422 801 1523 851 editum.

153 855 264 908 humeto
283 862 336 910 riri
356 865 539 927 perillustris
560 871 590 920 G.
609 870 724 920 Bosrrelli
743 868 787 922 dte.
827 873 1003 922 Amstelodaml
1023 871 1090 935 apud
1108 871 1138 920 L.
1157 871 1304 921 Elcevirium
1325 869 1401 921 1651.

159 1003 163 1012 Ι
197 927 232 980 ῧθ
252 930 388 988 „samm
414 936 485 989 Lib
513 939 537 990 1.
569 955 626 1004 cap.
646 937 687 988 22.
716 940 836 1006 legimns:
866 943 947 992 Vetus
973 944 1069 992 ridetur
1089 948 1114 991 et
1132 943 1233 1005 explosa
1247 943 1301 1004 jam
1320 942 1376 992 olim
1395 943 1426 992 de
1444 957 1522 992 vacuo

157 1001 307 1062 amesia,
327 1013 385 1055 uec
407 1009 563 1074 quisquam
582 1017 620 1060 est
637 1010 794 1076 philosophus
812 1012 919 1079 vulgaris
938 1026 967 1063 ex
987 1014 1145 1063 Aristotelica
1170 1013 1307 1075 disciplina,
1327 1013 1435 1076 quinon
1454 1021 1522 1062 certo

157 1064 233 1122 attile
248 1074 352 1125 nahum
373 1078 496 1129 admitti
515 1087 627 1131 raonem
645 1084 670 1131 in
688 1084 804 1132 universa
820 1089 900 1134 rerunt
918 1087 1017 1134 natura.
1056 1081 1107 1133 Sed
1127 1083 1197 1132 nubis
1220 1083 1316 1132 ridetur
1334 1085 1414 1147 magia
1439 1084 1523 1132 absur-

160 1141 215 1200 lon.
237 1157 352 1197 vacuum
372 1164 433 1199 non
468 1152 611 1202 admittere
631 1160 656 1203 et
673 1156 699 1202 in
727 1156 808 1203 causis
836 1169 915 1205 rerum
943 1154 1100 1220 assignandis
1123 1167 1173 1202 non
1201 1164 1343 1219 agnoscere.
1381 1153 1525 1217 separabile

161 1227 243 1266 nemra
259 1219 404 1269 statuimus
425 1223 550 1285 spatium
574 1225 639 1273 inter
655 1223 741 1289 globos
765 1225 911 1276 mundanos.
948 1225 1015 1276 Nam
1032 1226 1054 1274 si
1072 1224 1176 1274 mundus
1199 1238 1326 1287 corporum
1350 1225 1438 1288 plenus
1456 1231 1523 1273 totus

167 1295 223 1346 aret,
236 1287 353 1340 lucerent
371 1291 480 1341 lumine
503 1292 570 1343 Solis
590 1295 714 1345 elementa
732 1310 776 1360 per
799 1312 896 1346 omnem
915 1298 1051 1346 crassitiem
1070 1310 1153 1346 eorum
1173 1295 1205 1343 ad
1224 1309 1360 1345 concavum
1379 1295 1485 1352 Lunaa;
1504 1296 1525 1344 si

168 1373 212 1410 rere
226 1366 307 1410 esseut
322 1361 426 1420 lucida,
447 1365 571 1414 umbram
591 1378 620 1414 ex
639 1365 736 1416 Tellure
755 1370 889 1430 projectam
907 1367 933 1416 in
952 1367 1077 1417 elementa
1094 1365 1231 1414 videremus
1250 1362 1295 1415 dte.

240 1431 324 1496 Kepl
333 1447 415 1482 erus
435 1441 532 1485 contra
544 1451 637 1486 morem
651 1444 795 1487 consuetum
807 1439 898 1488 duduc
914 1439 1097 1502 responsionem
1110 1435 1212 1490 distulit.
1231 1427 1302 1485 nimie
1314 1435 1377 1484 tome
1390 1439 1524 1498 occupatus

174 1503 299 1553 hedeudis
317 1503 522 1556 Commentariis
542 1508 594 1556 suia
612 1509 643 1557 de
659 1505 750 1563 Marte,
769 1511 810 1574 qui
828 1501 970 1573 prodierunt
988 1519 1053 1558 anno
1075 1503 1151 1555 tene.

248 1576 294 1638 lta
325 1583 395 1645 eet,
429 1585 521 1635 scabre
548 1586 733 1651 Kepleros
758 1589 783 1638 t.
813 1588 836 1638 1.
867 1587 935 1652 Sept
967 1585 1043 1642 tete.
1072 1579 1112 1640 mi
1134 1577 1292 1653 Harriote,
1323 1576 1525 1639 cunctatrices

72 1660 75 1709 Γ
177 1662 243 1724 istae
264 1665 485 1744 occupationes
502 1683 562 1744 quc
578 1665 687 1729 diutius
708 1667 948 1748 expectationem
964 1675 1097 1730 nostram
1112 1665 1307 1744 suspendunt,
1332 1664 1388 1724 hoo
1404 1664 1524 1726 facilius

71 1752 72 1769 ¹
178 1751 323 1830 improvise
346 1752 482 1816 obruunt
505 1755 683 1835 imparatos.
731 1755 783 1818 Sic
800 1755 884 1818 enim
909 1775 1023 1818 mecum
1047 1761 1095 1817 eet
1117 1761 1339 1834 comparatum,
1373 1759 1407 1814 ut
1435 1753 1524 1831 plane

176 1847 251 1902 tunm
272 1841 429 1902 exordium
452 1841 510 1904 tibi
535 1862 680 1924 regerem.
719 1844 817 1925 Turpe
842 1854 942 1906 tamen
963 1844 1004 1906 sit
1024 1851 1088 1906 tam
1111 1860 1209 1905 raram
1233 1840 1422 1903 occasionem
1445 1840 1523 1902 scri·

179 1927 260 1990 baudi
280 1929 538 2007 praetermittere.
586 1933 694 2012 Itaque
716 1933 755 1994 ad
778 1942 848 1997 tuas
871 1933 969 1994 venio.

258 2016 414 2080 licuerant
439 2018 545 2098 aliqua
566 2020 603 2082 de
617 2021 684 2082 oleo
708 2020 891 2084 therebinthi
914 2040 974 2084 non
997 2027 1031 2081 ut
1054 2019 1206 2098 thymiana
1229 2017 1283 2080 aed
1302 2025 1337 2078 ut
1359 2023 1522 2097 spectator.

178 2105 221 2165 'lh
240 2102 366 2167 fideliter
388 2107 517 2170 instruis
541 2107 623 2170 aliud
647 2110 741 2172 fuisse
765 2128 785 2171 a
807 2119 869 2173 tuo.
918 2107 1149 2171 Concedendnm
1173 2113 1221 2168 eat
1243 2105 1282 2168 ab
1312 2106 1388 2168 artis
1412 2105 1523 2183 ignaro.

177 2191 277 2256 floret
299 2200 401 2256 tamen
425 2214 488 2270 me,
523 2197 601 2275 quod
634 2199 768 2260 coctione
795 2199 884 2260 video
908 2215 945 2258 ex
973 2196 1049 2258 raris
1073 2195 1137 2256 fieri
1160 2195 1266 2270 densa,
1300 2212 1338 2255 ex
1365 2193 1541 2274 pellucidis»

180 2281 332 2362 opaciore:
366 2291 439 2346 tuae
470 2284 548 2346 artis
580 2285 712 2350 rationes
741 2305 800 2348 nou
829 2287 935 2366 capio,
968 2285 1017 2364 qui
1041 2282 1146 2364 majori
1179 2301 1271 2362 opera
1299 2282 1394 2345 levius
1422 2288 1524 2344 tamen

179 2377 313 2449 praestas
336 2372 437 2434 oleum
460 2372 587 2454 ideoque
610 2383 642 2436 et
665 2376 793 2438 tenuius.
831 2376 932 2437 Velim
951 2375 1037 2442 seire,
1062 2392 1099 2434 an
1116 2373 1316 2436 laeculentum
1335 2371 1407 2434 illud
1426 2387 1523 2434 meam

181 2459 428 2522 therebintbinum
453 2462 559 2524 eodem
583 2464 691 2542 angulo
715 2463 898 2544 refringatur
920 2482 977 2542 quo
1000 2471 1084 2524 tuum
1100 2461 1309 2546 ppiritucsum.

264 2548 307 2610 De
330 2549 450 2630 angulis
481 2551 665 2614 incidentiae
694 2559 814 2632 gratum
838 2553 916 2632 quod
940 2550 1075 2630 explices
1102 2557 1144 2612 te.
1191 2548 1253 2612 Sed
1283 2546 1352 2610 inde
1376 2547 1525 2628 estquod

180 2636 214 2696 in
234 2637 374 2718 prioribus
390 2655 448 2718 ego
470 2657 630 2720 perperam
654 2659 829 2720 comparare
849 2640 930 2702 volui
950 2647 1017 2700 tuas
1040 2637 1239 2702 refractiores
1257 2655 1324 2699 curn
1339 2635 1524 2710 Vitellionis,

182 2733 296 2788 etcum
316 2725 448 2788 viderem
472 2727 578 2802 vitium
601 2747 655 2790 neo
678 2747 800 2809 possem
824 2747 1013 2810 comparare,
1047 2726 1163 2807 optavi,
1195 2734 1229 2788 ut
1250 2723 1430 2786 incidentiae
1454 2730 1525 2786 tuae

183 2821 283 2876 erant
302 2832 340 2875 ex
372 2821 453 2877 aire.
502 2812 616 2878 Verum
649 2825 697 2879 est
728 2819 809 2880 enim
841 2819 920 2898 quod
952 2835 1074 2878 moues:
1112 2814 1238 2876 Vitellio
1272 2831 1329 2874 uon
1363 2811 1548 2891 explicavit¹

185 2902 354 2965 incidentiae
377 2921 502 2984 aqueae,
527 2905 655 2980 vitreas,
680 2907 874 2988 crystallinas
900 2906 953 2968 icc.
985 2904 1039 2966 sed
1062 2902 1144 2965 solos
1169 2902 1289 2976 a'c'riae3
1312 2909 1437 2980 postea,
1461 2917 1527 2960 curn

186 2989 274 3054 sciret
294 3011 412 3053 manere
437 2993 560 3056 easdem
583 2995 780 3057 retractiones
800 3003 863 3056 tam
877 2994 906 3057 in
930 2995 1068 3073 ingressu
1092 3009 1180 3071 quarn
1195 2989 1225 3051 in
1249 2989 1342 3064 exitu,
1366 2987 1529 3066 adscripsit

188 3079 296 3157 quidem
325 3081 445 3144 endem
477 3083 532 3143 sed
564 3083 771 3164 praeposteris
803 3082 986 3144 incidentiia.
1034 3077 1174 3152 Quantus
1205 3078 1283 3140 enim
1314 3085 1363 3139 est
1385 3077 1417 3138 in
1449 3095 1529 3156 aqua

187 3167 336 3242 retractus,
359 3177 478 3232 tantum
502 3169 605 3232 debuit
628 3179 763 3234 statuere
787 3171 969 3233 incidentiae
994 3187 1140 3250 aqueum..
1166 3167 1233 3230 Hoc
1256 3167 1282 3228 si
1312 3167 1445 3240 lecisset,
1470 3181 1528 3226 non

187 3250 333 3318 intidlsset
355 3257 385 3319 in
418 3257 591 3332 absurdum,
623 3261 765 3340 angulum
797 3259 941 3334 majorem
974 3265 1056 3320 recto
1089 3253 1213 3319 faciens.
1259 3247 1341 3334 Ergo
1365 3252 1530 3316 incidentia

191 3349 274 3405 aerea
286 3341 344 3410 30ο
364 3344 457 3408 habet
479 3344 640 3409 refractum
657 3349 811 3428 inaquam
830 3345 893 3410 22ο
910 3344 974 3421 30’,
999 3346 1210 3408 refractionem
1235 3337 1273 3407 7ο
1296 3341 1358 3406 30’.
1385 3341 1529 3403 Vicissim

190 3430 340 3496 incidentia
361 3451 461 3514 aquea
479 3430 541 3498 22ο
555 3432 609 3500 30¹
633 3437 725 3498 habet
747 3436 910 3499 refractum
932 3434 962 3497 in
987 3441 1057 3496 aire
1075 3428 1144 3507 30⁰,
1168 3431 1379 3494 refractionem
1404 3430 1529 3491 eandem

192 3515 230 3580 '1⁰
247 3518 304 3584 30¹.
340 3521 437 3585 Viden
462 3524 534 3606 quid
557 3533 604 3586 mt
627 3525 764 3598 moverit,
790 3529 823 3585 ut
846 3523 1001 3586 maluerim
1021 3529 1052 3584 te
1072 3521 1161 3584 atriis
1185 3519 1356 3583 incidentiis
1375 3519 1437 3590 uti;
1462 3535 1530 3580 nam

193 3615 251 3670 etet
271 3609 337 3672 mihi
361 3611 391 3673 in
423 3613 504 3674 votis
538 3631 713 3693 comparare
746 3611 989 3675 observationem
1016 3608 1191 3673 Vitellionis
1222 3608 1303 3670 circa
1334 3625 1441 3687 aquam
1465 3623 1530 3666 cum

194 3705 256 3758 tuo:
278 3698 306 3760 id
329 3716 386 3761 non
410 3701 495 3781 potui
519 3702 589 3780 quia
610 3703 696 3763 vobis
720 3708 790 3762 sunt
813 3701 951 3763 diversae
975 3699 1166 3762 incidentiae.
1213 3691 1370 3758 Vitellioni
1394 3684 1456 3754 22ο
1477 3689 1531 3755 30¹

191 3783 239 3844 dat
260 3783 294 3849 7ο
315 3785 378 3861 30‘,
405 3789 460 3851 tibi
484 3783 546 3853 30⁰
568 3786 600 3852 θ’
628 3790 683 3851 dat
716 3785 776 3852 11ο
797 3786 863 3852 53’.
884 3789 968 3850 ·Hio
1004 3788 1134 3850 nondum
1165 3803 1289 3865 possum
1321 3782 1458 3862 judicare
1492 3799 1529 3838 au

191 3871 364 3955 discrepetis,
388 3877 448 3938 nisi
471 3891 513 3938 ex-
533 3892 569 3940 eo
593 3878 672 3958 quod
695 3877 854 3939 Vitelliani
878 3873 940 3941 29ο
955 3874 988 3940 0¹
1011 3871 1199 3948 dat1100‘,
1224 3874 1335 3952 itaque,
1361 3868 1386 3930 si
1410 3887 1448 3928 cx
1471 3863 1533 3929 29⁰

191 3949 274 4024 fatiat
295 3959 362 4038 ὅθ’,
387 3978 447 4026 non
472 3965 567 4027 multo
591 3963 714 4046 augebit
736 3965 949 4028 refractionem
979 3959 1042 4026 11⁰.
1089 3961 1158 4024 Tibi
1169 3969 1178 4026 “.
1188 3976 1259 4041 ergo
1288 3957 1378 4040 paulo
1401 3955 1531 4034 majores

190 4057 253 4134 pout
272 4046 466 4114 retractiones
490 4072 596 4132 aquae.
644 4051 724 4126 Quid
748 4049 774 4116 si
798 4053 925 4116 Vitellio
949 4049 1174 4115 destillaverit?
1204 4047 1352 4128 Cuperem
1377 4065 1395 4106 a
1418 4052 1449 4104 te
1473 4042 1531 4102 ad-

190 4135 346 4204 ditasses
371 4141 466 4203 etiam
489 4142 660 4204 stillatitiae
683 4161 779 4224 aquae
802 4143 951 4217 rationes,
976 4141 1035 4204 etsi
1058 4147 1131 4220 puto
1159 4157 1213 4218 pro
1243 4152 1363 4198 numero
1387 4131 1530 4194 destilla-

189 4225 288 4289 rinnon
310 4231 478 4292 tenuiorem
502 4229 575 4292 fieri.

265 4313 400 4380 vacuom
425 4326 511 4379 tuum
533 4317 604 4380 mihi
627 4336 686 4382 non
710 4317 841 4396 arridet,
872 4337 967 4399 neque
990 4335 1045 4397 per
1068 4333 1102 4378 se
1130 4323 1225 4393 neque
1256 4311 1294 4374 ad
1322 4307 1531 4372 retractiones.

181 4398 235 4466 Per
256 4425 306 4468 ae:
334 4425 396 4468 non
422 4402 544 4466 videtur
565 4403 662 4488 liquor
683 4407 749 4488 pati
772 4425 913 4481 vacuum,
937 4413 972 4467 ut
994 4401 1044 4466 ille
1072 4401 1145 4474 olei,
1171 4401 1222 4481 qui
1248 4395 1533 4479 penetrantissimus

177 4499 231 4554 nt.
274 4493 417 4556 Elideret
439 4492 575 4574 spatiola
597 4515 693 4558 taem
716 4497 804 4575 inque
829 4495 865 4558 iis
889 4501 1063 4555 contentum
1086 4509 1139 4552 seu
1166 4495 1269 4550 adrem
1299 4505 1353 4548 seu
1376 4484 1531 4546 aetherem

174 4593 224 4642 tea
247 4581 391 4663 quidquid
416 4591 455 4642 tu
489 4581 564 4643 dicia
594 4596 742 4658 vacuum3
776 4585 822 4645 aio
846 4589 947 4644 autem
976 4580 1050 4641 nihil
1086 4579 1175 4657 plane
1207 4575 1295 4656 ponis
1319 4573 1349 4635 in
1380 4570 1532 4654 spatiolis,

171 4671 293 4734 oberte
316 4664 476 4752 quemodo
499 4669 666 4735 sustineant
688 4671 909 4734 incumbentem
933 4669 1086 4747 liquorem.
1131 4663 1200 4727 Non
1224 4669 1296 4724 sunt
1319 4658 1399 4724 enim
1423 4659 1530 4722 structi

167 4757 306 4824 tomba.
344 4747 423 4822 Jam
443 4755 474 4818 ai
496 4753 591 4838 liquor
613 4779 672 4823 non
695 4759 803 4842 recipit
826 4777 932 4833 vacua,
957 4752 1030 4818 oibtt
1045 4752 1122 4836 quod
1136 4751 1179 4814 sit
1201 4751 1384 4834 diapbanurn
1408 4747 1516 4831 recipit
1522 4767 1532 4823 ς
