3674 5538
312 293 379 364 124
467 333 471 340 ·
842 297 954 364 Epistola
971 297 1142 352 Dedicstoria.

316 474 436 542 tissime
459 474 650 557 probaverit,
682 481 732 536 sat
762 491 819 553 ego
841 491 889 537 me
914 475 1031 540 felicem
1059 475 1255 544 existimabo,
1285 475 1461 552 feliciorem,
1493 477 1545 540 ubl
1575 477 1667 540 etiam

313 563 464 628 invenerit
485 563 516 626 in
540 565 597 626 hoc
620 579 726 641 opere,
759 561 838 643 quod
861 561 962 627 divino
986 565 1051 644 ejus
1075 566 1112 626 de
1136 564 1271 627 omuibus
1296 564 1411 628 artibus
1434 566 1547 645 jndicio
1572 566 1668 628 satis-

230 671 232 676 ·
313 653 422 730 faciat,
454 651 591 734 qnodque
614 650 748 727 animus,
781 652 1053 733 praestantissimis
1076 653 1298 716 inventionibus
1320 653 1438 734 pridem
1460 662 1665 729 exsaturatus,

313 741 383 806 lrinc
407 741 570 804 etiamnum
594 739 803 819 concupiscat:
827 741 916 822 louge
931 759 1003 806 vero
1027 741 1246 817 felicissimum,
1271 743 1310 817 si,
1336 759 1426 823 quarn
1439 743 1587 806 hactenus
1611 762 1667 805 ex-

311 839 416 911 pertus
444 847 526 903 sum,
560 829 667 891 eadem
696 835 744 892 nr'e
767 829 928 894 clementia
948 829 1091 913 prosequi
1113 837 1232 912 pergat.
1279 830 1332 893 Sic
1362 831 1440 892 enim
1474 833 1667 894 metuendum

311 918 384 982 mihi
407 935 595 999 nequaqnam
618 915 691 991 erit,
719 937 756 981 ne
784 919 823 980 ab
846 918 903 980 hoc
926 938 994 982 meo
1017 939 1137 982 munere
1162 939 1217 982 ceu
1240 919 1278 980 ab
1302 937 1371 982 arcs
1395 936 1480 982 rusae
1503 919 1573 983 fidei
1596 939 1666 982 cre-

311 1007 376 1070 dita
398 1005 643 1086 perniciossimae
667 1006 776 1070 artium
799 1006 911 1078 hostis,
934 1008 1170 1089 indigentia,
1194 1028 1242 1070 mc
1266 1007 1346 1070 fame
1360 1015 1564 1088 expugnatum
1587 1008 1666 1088 deji-

311 1097 388 1168 ciat,
412 1113 507 1176 neque
533 1093 748 1169 dubitandum,
774 1095 843 1178 quin
858 1097 1010 1176 MaJ'estas
1025 1097 1091 1159 Tua
1114 1117 1166 1160 ecs
1181 1095 1253 1159 mihi
1278 1097 1434 1178 suppetias
1458 1104 1491 1159 et
1513 1115 1666 1168 commea·

182 1235 189 1246 ,
312 1191 376 1247 tum
402 1183 535 1246 missura
557 1185 599 1246 sit
628 1182 657 1245 in
685 1190 928 1266 tempore,·quo
957 1193 1079 1266 recepto
1116 1185 1302 1248 obsidionem
1332 1185 1463 1248 tolerare
1486 1186 1665 1266 tandemque

312 1272 449 1336 omnibns
472 1271 625 1354 superatis
649 1270 877 1338 difficultatibus
899 1273 1016 1356 reliqua
1047 1293 1115 1336 mes
1143 1272 1259 1348 studia,
1290 1273 1330 1336 ad
1361 1273 1486 1354 gloriam
1516 1274 1591 1349 Dei,
1625 1273 1665 1335 ad

311 1360 544 1424 celebrationem
557 1359 735 1442 Maiestatis
759 1369 848 1437 tuae,
872 1370 905 1426 et
927 1364 1048 1426 humani
1070 1364 1190 1444 generis
1214 1362 1378 1426 utilitatem
1400 1362 1580 1443 spectantia,
1606 1362 1664 1424 ab·

139 1475 141 1478 ·
176 1483 177 1488 1
260 1515 262 1520 7
310 1450 429 1512 solvere
453 1447 582 1512 feliciter
605 1449 728 1529 possim

398 1538 501 1600 Dens
526 1535 668 1618 Optimus
682 1539 836 1602 Maximus
850 1539 946 1602 Tuam
959 1542 1036 1623 Imp.
1054 1541 1251 1621 Majestatem
1275 1558 1363 1621 quam
1382 1539 1552 1602 diutissime
1574 1545 1664 1600 tuea-

311 1634 360 1689 tur
383 1625 577 1702 incolumem,
608 1627 734 1708 ejusque
757 1626 934 1690 victricibus
957 1630 1049 1693 armis
1074 1627 1313 1692 Othomannieae
1337 1628 1441 1690 domus
1464 1627 1664 1711 tyrannidem,

310 1715 397 1778 annis
422 1723 588 1790 maturam,
621 1715 781 1778 barbarica
810 1715 938 1779 invisam
966 1718 1120 1799 superbis,
1158 1717 1355 1797 blasphemiis
1377 1715 1610 1786 intolerabilem,
1645 1734 1666 1776 a

310 1801 552 1867 Christianorum
576 1803 744 1868 cervicibus
766 1823 855 1886 porro
874 1824 990 1888 qnoque
1006 1825 1095 1888 quam
1110 1805 1284 1886 longissime
1298 1805 1459 1885 propellat.
1491 1804 1609 1884 Pragac
1620 1803 1663 1866 V.

311 1889 437 1957 Galend.
462 1891 611 1972 Augusti,
636 1893 686 1975 qni
709 1894 774 1958 dies
798 1893 832 1958 S.
848 1891 939 1960 Caes.
954 1894 1115 1977 Majestati
1133 1896 1216 1958 Tuae
1241 1893 1518 1976 quinquagesimum
1541 1886 1672 1956 tertium

309 1981 454 2044 Natalem
469 1981 592 2057 extulit,
616 1982 781 2047 Persarum
793 1983 874 2064 regis
889 1984 1041 2066 legatione
1055 1983 1360 2049 honorificentissimu
1382 1983 1538 2046 illustrem.
1572 1982 1663 2044 Anno

308 2066 425 2139 Salutis
448 2070 597 2154 humanae
620 2069 772 2136 MDCIV.
934 2077 935 2080 ’

851 2247 885 2312 S·
911 2247 947 2313 O.
971 2248 1015 2312 M.
1040 2248 1122 2312 Tuae

968 2425 1215 2512 subjectissimus

1005 2559 1011 2572 ·
1128 2547 1365 2612 Mathematicus

1220 2672 1362 2738 Ioannes
1383 2671 1553 2756 Καρίωνα.
1645 2755 1649 2770 ἱ
