3694 5528
355 311 424 380 566
977 309 1103 374 Diveffioe

445 489 495 551 Fit
522 489 672 567 geminato
696 506 772 548 cavo
794 505 847 564 pro
872 507 939 561 uuo,
966 488 1044 566 quod
1068 486 1240 565 speculator
1263 485 1390 563 ignoret.
1437 485 1495 545 Per
1519 482 1688 548 CXXVII.

444 574 668 640 CXXXVII·
697 576 901 638 Problema.
959 573 1103 637 Converte
1133 574 1216 653 parvi
1250 574 1369 647 circuli,
1405 581 1437 633 et
1467 573 1594 634 minoris
1628 573 1718 633 etiam

352 686 441 750 quam
474 673 520 726 est
543 664 673 726 circulus
699 664 822 724 concavi
847 665 924 743 apud
950 664 1066 724 oculum
1092 663 1185 742 (quod
1210 663 1371 723 absurdum
1391 662 1509 723 videtur
1531 681 1586 742 per
1602 660 1718 732 CVII.)

352 753 562 835 longissimum
591 752 708 812 efficere
734 754 962 814 instrumentum
987 761 1018 812 et
1042 753 1175 830 iugentia
1199 759 1356 830 praestare
1380 751 1522 813 visibilia.

444 841 505 902 Vel
530 842 610 901 enim
635 859 779 918 compone
804 849 888 901 certa
912 861 978 901 cum
1004 840 1256 921 attemperatione
1279 855 1445 900 convexum
1469 839 1592 900 miuoris
1616 837 1719 899 circuli

353 950 418 994 cum
451 947 527 990 cavo
562 929 685 1009 maj0ris
719 929 799 989 intus
832 930 947 991 latente
982 938 1013 990 et
1043 928 1253 1008 inconspicua,
1289 936 1321 988 et
1348 937 1490 1008 sequetur
1515 927 1641 988 effectus
1666 945 1718 1004 per

355 1017 538 1084 CXXXIV.
587 1017 645 1077 Vel
670 1019 751 1078 lente
776 1026 859 1078 utere
885 1020 997 1092 mixtu,
1032 1035 1165 1078 convexa
1193 1017 1266 1078 loris
1290 1016 1395 1076 minori
1419 1017 1550 1090 circulo,
1585 1033 1717 1076 concava

352 1111 431 1172 lutus
457 1107 575 1185 majori,
599 1123 653 1185 per
678 1103 811 1168 CXXX.
858 1105 899 1166 Et
923 1109 1017 1168 locum
1047 1123 1139 1168 cavae
1173 1106 1245 1166 lenti
1278 1105 1383 1179 alteri,
1416 1125 1491 1184 quae
1527 1105 1565 1165 ad
1601 1104 1716 1164 oculum

352 1191 617 1276 est‘applicanda,
646 1213 761 1273 quaere,
779 1182 833 1273 per
858 1193 1006 1257 CXXXI.
1055 1193 1154 1255 Teuta
1178 1196 1270 1256 etiam
1293 1193 1405 1273 aliquid
1429 1213 1482 1274 per
1506 1191 1689 1254 CXXVIII.
1743 1263 1749 1270 ³

443 1281 657 1346 CXXXVIII.
706 1283 931 1361 Propositio.
979 1285 1123 1344 Manente
1152 1285 1257 1344 eedem
1281 1283 1428 1344 distantia
1453 1283 1543 1345 lentis
1567 1281 1607 1342 ab
1632 1281 1716 1341 oculo

354 1383 385 1435 et
410 1373 490 1434 linea
510 1391 550 1433 ex
575 1372 660 1432 oculo
685 1370 714 1430 iu
741 1371 829 1433 lentis
853 1373 1024 1432 umbilicum
1048 1390 1102 1450 per
1125 1381 1229 1433 centra
1247 1373 1470 1432 convexitatem
1487 1371 1536 1431 vel
1552 1369 1716 1430 cavitatum

353 1468 540 1533 transeunte,
564 1459 763 1522 retractiones
787 1461 965 1540 contingunt
987 1461 1118 1540 promme
1145 1462 1277 1534 eaedem,
1302 1467 1400 1522 utram
1425 1458 1501 1520 velis
1524 1457 1716 1520 dissimilium

353 1549 577 1630 superficierum
602 1548 693 1609 lentis
718 1549 803 1610 oculo
827 1550 979 1610 obvertas.

440 1638 571 1699 Videtur
594 1637 727 1698 absurda
750 1645 782 1698 et
806 1646 911 1699 contra
934 1656 1019 1717 prop.
1044 1635 1200 1699 XXXIV.
1225 1643 1257 1696 et
1278 1631 1417 1698 XXXV.
1464 1637 1544 1698 Nam
1568 1635 1598 1694 iu
1623 1634 1713 1694 selre-

354 1735 435 1790 mate
460 1724 491 1790 8.
517 1744 653 1787 convexa
677 1725 849 1804 superficies
874 1727 957 1786 densi
983 1724 1066 1787 BCD
1090 1726 1220 1785 obversa
1243 1724 1406 1804 parallelis,
1433 1725 1514 1802 cogit
1544 1723 1614 1783 illos
1638 1721 1668 1782 iu
1693 1721 1717 1782 F
1807 1745 1808 1820 q

351 1807 511 1878 intervallo
534 1813 788 1893 sesquidiametri.
825 1815 870 1876 At
893 1816 921 1874 iu
947 1811 1100 1875 schemate
1124 1811 1155 1876 9.
1181 1813 1353 1892 superficies
1378 1813 1472 1872 densa
1495 1810 1582 1880 Pulc
1607 1829 1717 1869 aversa

352 1903 557 1984 sparallelis,
594 1903 676 1980 cogit
703 1921 756 1962 eos
781 1903 810 1962 iu
834 1901 857 1964 S
881 1903 1041 1964 intervallo
1066 1901 1216 1964 diametri.
1263 1899 1325 1962 Sed
1350 1900 1521 1962 meminisse
1546 1900 1650 1970 debes,
1675 1899 1715 1958 ibi
1807 1913 1808 1916 ’

351 2010 519 2056 sermonem
544 2009 612 2052 esse
638 1991 674 2050 de
699 1991 787 2052 unica
809 1991 981 2072 superficie,
1014 2011 1080 2053 cum
1113 1990 1265 2069 quaelibet
1299 1991 1363 2051 lens
1396 1989 1510 2050 habeat
1542 1989 1715 2049 necessario

352 2083 437 2144 duas.
488 2081 565 2142 Item
589 2098 643 2158 per
665 2080 820 2141 XXXIV.
846 2082 984 2159 paralleli
1018 2079 1249 2142 considerantur
1281 2079 1309 2139 iu
1344 2085 1431 2147 aere,
1466 2097 1549 2158 prop.
1573 2075 1713 2138 XXXV.

352 2168 580 2233 considerantur
608 2169 690 2229 iutra
714 2185 822 2247 corpus
846 2171 987 2244 densum,
1022 2170 1123 2247 itaque
1147 2167 1314 2246 comparari
1338 2187 1395 2227 nou
1420 2176 1556 2246 possunt.
1606 2163 1712 2234 Quod·
1807 2187 1808 2236 q

354 2260 381 2320 si
404 2245 583 2318 terminetur
604 2264 730 2335 utraque
755 2257 872 2318 illamm
897 2259 1018 2320 lentium
1044 2258 1136 2318 etium
1156 2257 1252 2318 altera
1267 2255 1432 2335 superficie,
1457 2257 1502 2317 sic
1519 2262 1553 2315 ut
1571 2261 1715 2314 maneant

354 2347 390 2418 F,
415 2344 438 2407 S
462 2352 576 2423 puncta
599 2363 813 2420 concursurum,
845 2346 1005 2426 apparebit
1036 2347 1207 2407 diversitas.
1255 2343 1367 2406 Ceutro
1400 2345 1480 2407 enim
1504 2345 1529 2405 F
1552 2343 1713 2404 intervallo

352 2434 404 2496 FB
426 2433 579 2495 scribetur
608 2451 663 2512 pro
696 2434 794 2495 altera
825 2436 980 2514 superficie
1009 2435 1111 2497 circuli
1141 2435 1239 2513 portio
1263 2433 1359 2507 BKD,
1392 2451 1500 2495 secans
1525 2433 1595 2494 lAF
1619 2431 1648 2492 iu
1672 2431 1710 2501 K,
1807 2431 1808 2452 ¹

350 2520 440 2586 BCD-
458 2523 489 2583 in
511 2522 548 2595 B,
573 2521 601 2582 D
624 2523 761 2602 punctis3
786 2531 819 2585 ut
842 2525 887 2585 ita
911 2525 985 2586 radii
1009 2530 1221 2586 concurrentes
1244 2523 1319 2583 qu
1343 2522 1404 2582 sint
1427 2541 1530 2583 onmes
1553 2521 1611 2599 ipsi
1626 2519 1712 2580 BKD

350 2611 614 2694 perpendiculares
653 2629 688 2674 ac
721 2612 844 2691 proinde
879 2614 951 2674 nihil
984 2612 1187 2692 refringantur
1218 2613 1248 2673 iu
1284 2610 1381 2672 BKD.
1437 2612 1472 2671 In
1511 2609 1609 2670 altero
1642 2627 1710 2667 vero

353 2702 507 2764 schemate
527 2696 562 2763 -9,
592 2701 635 2762 sit
664 2717 750 2762 arcus
775 2699 861 2772 PQR
884 2702 1018 2782 aequalis
1043 2711 1073 2762 et
1096 2700 1203 2762 similis
1227 2699 1309 2761 arcui
1332 2697 1432 2769 BCD,
1462 2706 1494 2760 et
1518 2696 1546 2768 Q
1569 2705 1710 2777 punctum

355 2791 494 2865 medium,
517 2788 697 2867 terminique
722 2791 755 2864 Ρ,
778 2789 809 2850 R
832 2799 1050 2852 connectantur
1072 2797 1159 2852 recta
1182 2797 1303 2850 secante
1326 2788 1604 2868 perpendicularem
1629 2783 1710 2855 OQS

352 2879 383 2940 in
408 2879 449 2952 V,
479 2896 553 2957 quae
578 2877 727 2956 significet
751 2879 879 2940 alteram
912 2881 1033 2957 planam
1066 2879 1155 2940 lentis
1187 2877 1392 2957 superficiem,
1423 2877 1451 2938 iu
1486 2895 1573 2957 quam
1609 2893 1709 2935 omnes

353 2967 411 3047 Ipsi
435 2964 494 3036 OQ
524 2966 662 3045 paralleli
693 2968 754 3028 sint
787 2968 1060 3048 perpendiculares.
1107 2967 1203 3046 Igitur
1235 2968 1263 3029 in
1288 2964 1376 3027 PVR
1406 2965 1478 3027 nihil
1510 2965 1711 3044 refringantur

355 3055 548 3134 manebitque
571 3073 732 3116 concursus
759 3057 787 3117 iu
812 3055 844 3118 S.
891 3057 960 3117 Jeru
985 3055 1198 3136 igiturpatet,
1229 3055 1340 3129 lentes,
1373 3073 1496 3135 quarum
1520 3055 1619 3116 altera
1642 3073 1708 3112 ses-

355 3143 553 3224 quidiametru
565 3141 629 3216 CF,
656 3144 753 3206 altera
768 3145 915 3206 diametro
931 3143 984 3214 Qs
999 3163 1174 3206 concurrere
1191 3144 1264 3206 facit
1282 3145 1454 3223 parallelos,
1481 3162 1548 3203 esse
1572 3143 1709 3203 diversae

355 3230 514 3305 crassitiei,
539 3249 607 3291 cum
631 3233 692 3293 sint
716 3234 907 3295 convexitate
933 3234 1044 3294 similes
1070 3243 1100 3294 et
1128 3236 1280 3312 aequales.
1327 3233 1385 3293 llla
1417 3231 1511 3293 babet
1542 3231 1709 3293 crassitiem

354 3320 498 3380 miuorem
522 3317 596 3391 CK,
627 3321 702 3382 haec
725 3323 870 3401 majorem
896 3321 966 3392 Qv.
1014 3323 1191 3384 Differentia
1223 3322 1377 3400 utriusque
1409 3328 1458 3382 est
1490 3322 1574 3382 sinus
1606 3339 1710 3380 versus

355 3413 448 3469 arcus
466 3407 533 3466 ΒΚ.
582 3406 682 3476 Quare
706 3411 778 3472 nihil
812 3411 935 3485 mirum,
971 3413 1049 3491 quud
1081 3409 1110 3470 iu
1143 3409 1197 3471 illa
1220 3411 1409 3471 intervallum
1434 3425 1596 3471 concursus
1619 3408 1711 3470 habet

355 3505 420 3559 tres
453 3496 710 3571 semidiametros,
745 3499 773 3559 iu
807 3499 863 3560 hac
888 3501 962 3560 duas
986 3509 1119 3573 tantum,
1151 3517 1204 3578 per
1229 3497 1377 3562 CXXXI.
1424 3497 1587 3560 Elucescct
1609 3497 1710 3558 autem

353 3585 469 3647 veritae
501 3585 716 3666 propositionis
749 3589 840 3649 etiam
875 3588 929 3649 sic.
981 3591 1169 3649 Avertantur
1190 3589 1220 3650 in
1248 3587 1401 3648 schemate
1426 3585 1456 3650 8.
1491 3586 1592 3649 citculi
1617 3584 1710 3652 1301).

352 3673 440 3736 BKD
464 3695 483 3735 a
506 3672 670 3753 parallelis,
697 3677 885 3740 manentibus
918 3678 1037 3756 punctis
1060 3677 1096 3749 B,
1122 3677 1166 3738 D:
1202 3684 1235 3736 ut
1263 3677 1308 3736 ita
1337 3675 1477 3756 paralleli
1511 3676 1638 3756 prImum
1662 3676 1708 3735 iu·

354 3762 457 3824 cidant
480 3763 510 3823 iu
535 3782 641 3824 cavum
665 3764 790 3826 densum
813 3764 917 3826 BKD:
951 3765 970 3826 ii
1003 3765 1159 3843 divergent
1191 3783 1245 3843 per
1268 3782 1376 3843 corpus
1399 3783 1505 3826 versus
1530 3763 1614 3827 BCD
1638 3781 1710 3824 con-

352 3869 462 3914 vexum
486 3851 580 3925 densi,
596 3870 650 3932 per
663 3849 750 3916 XC.:
777 3860 809 3915 at
826 3855 852 3915 si
873 3851 926 3933 per
949 3873 1057 3933 corpus
1080 3853 1217 3933 paralleli
1232 3853 1428 3926 mansissent,
1452 3861 1485 3914 ut
1508 3853 1537 3914 iu
1554 3853 1664 3914 schem.
1679 3847 1708 3920 9,

353 3940 577 4002 concurrissent
598 3950 670 4020 post
692 3961 857 4004 convexum
882 3942 997 4004 duabus
1020 3942 1251 4004 semidiametris
1275 3959 1329 4020 per
1354 3957 1438 4022 prop.
1462 3941 1601 4004 XXXV.
1650 3939 1709 4001 Sed

352 4029 422 4109 quia
445 4027 607 4108 diverguut
629 4048 734 4092 versus
758 4029 842 4092 BCD
867 4033 916 4103 (ut
939 4032 965 4091 si
988 4038 1206 4110 convergerent
1233 4030 1262 4090 iu
1293 4032 1389 4092 altero
1420 4029 1576 4091 schemate
1605 4049 1710 4090 versus

351 4115 473 4191 PQR)‚
502 4135 630 4197 aequum
663 4119 753 4197 Igitur
777 4128 834 4193 est,
862 4127 988 4198 etpost
1013 4119 1393 4199 Seoncutrantlongius,
1427 4137 1480 4196 per
1502 4119 1560 4181 XI.
1594 4118 1711 4178 scilicet

350 4205 380 4267 iu
404 4205 439 4266 F.
486 4205 570 4266 Idem
594 4207 688 4271 etiam
710 4208 738 4267 in
763 4209 874 4270 schem.
891 4204 920 4270 9.
945 4207 1034 4270 facile
1066 4217 1116 4268 est
1142 4208 1281 4288 probare.
1329 4207 1363 4269 Si
1387 4209 1466 4268 euim
1488 4205 1575 4277 PQR
1599 4207 1709 4268 obver-

348 4301 455 4356 tautur
477 4294 647 4374 parallelis,
680 4296 699 4356 ii
724 4297 805 4357 intra
833 4314 941 4374 eorpus
970 4307 1151 4375 convergent
1181 4316 1216 4357 ac
1248 4297 1272 4356 si
1298 4297 1412 4357 vellent
1434 4305 1505 4374 post
1529 4304 1591 4357 tres
1616 4296 1708 4356 semi-

243 4382 250 4395 '
350 4381 514 4444 diametros
539 4401 723 4458 concurrere,
748 4394 781 4445 ut
805 4386 833 4444 iu
854 4383 939 4446 BCD
963 4405 1067 4446 versus
1082 4387 1115 4447 F.
1158 4384 1375 4463 Convergeudo
1400 4385 1492 4463 igitur
1516 4392 1711 4446 transeuntes

349 4487 457 4550 corpus
480 4479 513 4532 et
535 4471 704 4534 incidentes
726 4475 758 4534 iu
781 4473 939 4534 terminum
964 4474 1027 4552 ejus
1051 4474 1193 4552 planum,
1226 4474 1265 4534 ad
1289 4492 1355 4534 eum
1379 4473 1581 4548 inclinantur,
1618 4489 1710 4552 quare

344 4559 410 4637 jam
432 4560 462 4621 in
485 4559 576 4638 plano
600 4568 631 4621 et
653 4561 873 4640 refringantur,
898 4561 1051 4640 quaelibet
1074 4583 1092 4622 a
1116 4563 1161 4624 sui
1185 4563 1288 4641 puncti
1312 4561 1563 4641 perpendiculari.
1612 4559 1709 4624 Cum-

349 4665 406 4726 que
430 4656 569 4726 respectu
591 4650 687 4710 totius
711 4650 802 4712 lentis
833 4649 966 4710 abnuant
998 4657 1030 4710 et
1058 4671 1076 4710 a
1106 4669 1139 4712 se
1168 4658 1269 4712 mutuo
1299 4651 1379 4712 iutra
1404 4669 1515 4729 corpus
1548 4659 1581 4712 et
1604 4671 1623 4711 a
1646 4649 1710 4710 suis
1807 4669 1808 4682 ³

346 4736 659 4814 perpendicularibus,
690 4739 813 4800 refracti
844 4738 936 4816 igitur
960 4737 989 4797 in
1014 4745 1084 4800 atre
1108 4740 1181 4800 foris
1206 4746 1291 4800 tanto
1315 4739 1413 4817 magis
1436 4741 1516 4800 inter
1537 4757 1572 4800 se
1596 4743 1711 4800 coeunt

349 4822 500 4902 fugientes
526 4825 862 4906 aperpendicularibus
887 4826 950 4886 suis
973 4825 1092 4906 singuli.
1140 4827 1182 4888 Et
1214 4828 1257 4888 sic
1286 4847 1344 4889 nou
1374 4826 1481 4928 pultum
1509 4828 1587 4906 quod
1618 4825 1710 4888 citius
1745 4857 1752 4870 .
