3652 5532
679 283 687 322 ³
740 313 822 379 capsa
842 313 929 366 rxvr.
1444 320 1508 390 709

161 499 195 552 et
208 491 319 556 Martis
341 493 458 566 recidit,
483 499 515 553 et
529 492 612 553 Mars
632 491 728 558 medio
747 501 827 554 motu
852 491 1054 571 superioribus
1078 493 1244 573 conjunctis
1263 515 1352 576 quam
1373 501 1508 579 proxime

161 581 324 644 coincidit:
356 582 423 662 ipsa
453 592 552 644 tamen
581 599 654 642 vera
683 582 853 660 conjunctio
878 581 1001 644 Saturni
1024 590 1055 642 et
1077 582 1163 645 Jovis
1194 583 1370 665 anticipavit
1393 590 1506 666 locum,

158 677 195 732 nt
219 677 252 731 et
273 671 327 733 illa
349 679 471 734 nostrae
496 671 606 733 aetatis
631 689 708 732 anuo
735 667 831 742 1583,
856 689 931 751 quae
954 671 998 732 illi
1022 670 1146 732 similior
1169 679 1217 734 est
1239 691 1328 754 quam
1355 685 1509 757 postrema

161 760 233 821 anni
262 755 356 824 1603.
403 762 491 823 Anno
514 759 606 840 igitur
629 756 681 823 39.
705 758 825 823 Juliauo
850 760 905 821 sub
927 759 1025 840 ipsam
1054 778 1193 839 magnam
1222 764 1458 844 conjunctionem
1481 768 1507 830 si

162 848 254 912 stella
275 849 329 912 illa
351 870 411 912 uua
434 857 501 912 orte
515 857 564 911 est
582 857 614 911 et
631 837 741 929 inipso
765 849 883 930 quidem
906 848 1122 929 conjunctionis
1146 851 1211 913 loco
1235 853 1327 934 (quod
1352 856 1507 919 credamus

160 937 295 1012 iuterim)
319 936 444 1019 primum
459 939 561 1000 fulsit:
585 937 686 1018 ntique
702 936 872 1000 Chaldaeos
888 957 925 999 ex
943 938 1073 1018 ipsorum
1091 940 1203 1019 regulis
1222 940 1367 1022 hodieque
1382 955 1507 1007 exetan-

159 1027 243 1088 tibus
266 1029 303 1089 de
326 1028 463 1090 maximis
493 1029 588 1089 rebus¹
612 1031 644 1088 et
671 1027 765 1089 totius
793 1026 893 1088 mundi
924 1027 1118 1090 renovatione
1151 1028 1312 1092 universali
1345 1032 1507 1100 admonuit

161 1115 265 1177 Abest
287 1117 351 1196 jam
373 1117 523 1184 biennium
550 1117 636 1190 illud,
662 1137 681 1178 a
704 1135 761 1196 quo
785 1123 918 1196 tempore
942 1116 1079 1178 Herodes
1108 1117 1240 1179 infantes
1263 1119 1508 1185 Bethleemiticos
1625 1175 1630 1192 .

161 1206 341 1284 conquisivit
364 1207 402 1268 ad
427 1225 538 1280 necem,
563 1216 728 1285 exactoque
751 1205 870 1267 biennio
892 1205 1016 1266 veniant
1038 1205 1122 1286 Magi
1145 1207 1174 1268 iu
1188 1207 1335 1271 Judaeum
1359 1211 1397 1272 ad
1422 1212 1506 1274 iucu-

160 1293 272 1355 nabula
294 1293 417 1379 Christi.
464 1295 586 1357 Fuisset
607 1295 698 1374 igitur
720 1295 751 1357 id
775 1313 852 1355 auno
875 1292 927 1366 41.
951 1293 1083 1356 Juliauo.
1129 1295 1145 1356 I
1168 1314 1246 1358 nnuc
1269 1304 1300 1359 et
1322 1298 1405 1380 lege,
1431 1319 1506 1380 quae

160 1383 199 1443 de
223 1383 338 1446 ratione
361 1392 527 1464 temporum
550 1384 771 1448 Laurentius
795 1383 963 1466 Suslyga
991 1383 1155 1446 Poluuus
1183 1384 1359 1467 disputavit,
1385 1387 1507 1452 Graeoii

160 1469 282 1554 Styriae
306 1473 398 1548 edita,
415 1471 457 1548 ¹²)
488 1473 670 1552 argumentis
694 1491 731 1534 ex
754 1473 945 1536 historiarum
972 1472 1030 1533 fide
1061 1473 1322 1552 ponderosissimis
1350 1478 1424 1552 (etsi
1449 1496 1505 1559 quo

161 1561 227 1622 loco
251 1562 287 1622 de
313 1564 464 1642 passionis
495 1581 572 1624 anno
602 1563 800 1624 disserentem
832 1562 908 1642 legit
930 1561 1100 1641 Kepplerus
1133 1571 1340 1640 astronomus,
1374 1567 1506 1646 projecto

160 1649 237 1712 libro
260 1651 434 1732 calamoque
458 1652 733 1714 stomachabundus
757 1671 824 1713 sese
846 1651 992 1732 proripuit
1016 1651 1053 1712 de
1076 1651 1214 1726 tabula):
1239 1671 1401 1734 persuasus
1425 1657 1507 1718 dices

159 1738 294 1809 omniuo,
327 1739 480 1804 Christum
507 1741 666 1803 Dominum
698 1748 800 1803 natum
832 1759 900 1802 esse
933 1759 1010 1800 annu
1041 1759 1098 1801 nou
1125 1738 1180 1804 45.
1214 1743 1267 1804 sed
1290 1739 1341 1806 tt.
1364 1743 1506 1807 loliano:
1540 1743 1543 1750 '

159 1829 262 1906 itaque
286 1831 420 1904 stellam,
450 1849 526 1912 quae
548 1830 667 1891 biennio
692 1839 761 1892 ante
784 1830 899 1908 fulgere
923 1836 1077 1908 coeperat,
1112 1829 1271 1893 incurrisse
1294 1832 1325 1894 in
1349 1833 1506 1896 articulum

162 1917 379 1996 conjunctionis
411 1921 558 1980 maximae
592 1919 730 1993 Saturni,
762 1919 850 1982 Jovis
883 1925 915 1978 et
946 1918 1058 1980 Martis
1090 1937 1168 1980 anno
1192 1916 1244 1984 39.
1274 1920 1415 1985 Juliano:
1450 1941 1507 2002 qno

161 2008 278 2068 nomine
303 2008 400 2083 buerit,
426 2010 469 2071 uti
493 2009 616 2080 dictum,
639 2007 886 2071 huic'modemae
910 2007 1070 2069 simillima.
1109 2005 1242 2089 Cumque
1266 2009 1408 2073 divinitus
1432 2009 1506 2073 haec

161 2097 253 2159 stella
273 2096 375 2175 Magis
398 2099 490 2176 suerit
518 2096 668 2174 exhibita,
700 2099 788 2159 fldem
813 2098 887 2158 lacit
908 2096 1015 2175 igitur,
1039 2097 1135 2158 Deum
1158 2097 1255 2177 ipsum
1277 2099 1326 2161 hie
1349 2100 1507 2180 Magorum

159 2185 274 2264 regulis
298 2206 364 2249 sese
387 2187 536 2266 tantisper
559 2187 811 2262 accommodasse,
835 2193 870 2247 ut
888 2185 1009 2247 stellam
1030 2205 1065 2247 eo
1084 2194 1219 2266 tempore
1242 2185 1424 2264 iucehderet,
1450 2207 1507 2269 quo
1541 2213 1543 2220 ’

159 2281 294 2355 tempore
317 2277 401 2356 Magi
430 2276 550 2338 stellam
580 2276 769 2357 potissimum
798 2275 1032 2354 exspectabaut3
1066 2275 1167 2336 forsan
1196 2275 1303 2351 etiam,
1336 2279 1413 2358 quod
1437 2287 1507 2340 aute

161 2363 289 2438 dictum,
315 2384 350 2428 eo
376 2365 440 2428 loco
463 2365 651 2441 collocaret,
670 2365 709 2427 ad
733 2383 820 2445 quem
843 2365 941 2426 locum
974 2364 1163 2444 potissimum
1186 2366 1344 2445 Magorum
1367 2367 1445 2430 oculi
1470 2365 1506 2428 ob

158 2454 269 2515 trinum
298 2455 489 2534 planetarum
517 2473 709 2536 congressum
742 2453 965 2534 dirigebantur3
999 2453 1077 2534 quod
1099 2453 1130 2514 in
1154 2454 1211 2516 hac
1234 2463 1339 2518 nostra
1365 2456 1508 2518 moderna

160 2543 251 2604 stella
275 2543 379 2605 itidem
403 2544 525 2606 factum.

247 2631 486 2695 Accommodaut
508 2651 577 2695 sese
599 2631 667 2693 huic
699 2631 867 2693 sententiae
892 2629 952 2691 alia
982 2629 1079 2692 etiam
1097 2650 1134 2692 ex
1160 2631 1301 2710 penitiori
1332 2632 1505 2711 theologia:

160 2727 195 2780 ut
217 2723 295 2802 quod
318 2722 402 2784 Deus
425 2742 479 2803 per
506 2722 671 2803 prophetae
701 2739 767 2782 cum
797 2718 964 2782 hominibus
993 2718 1122 2798 loquitur
1146 2719 1183 2781 de
1206 2721 1505 2783 rebusnaturalibus

161 2815 193 2870 et
215 2811 252 2870 de
276 2810 391 2872 artibus
418 2812 476 2884 ita,
503 2813 547 2874 uti
576 2809 712 2872 homines
735 2810 780 2872 illi
804 2809 940 2888 capiunt,
965 2808 1043 2888 quod
1065 2809 1095 2869 iu
1120 2807 1195 2871 libro
1218 2809 1299 2883 Jobi,
1322 2811 1452 2872 Psalmis
1476 2819 1507 2872 et

161 2897 321 2978 Prophetis
346 2910 489 2980 apparet:
514 2900 591 2980 quod
615 2906 738 2960 sanctus
753 2897 883 2978 Spiritus
904 2915 962 2958 nou
986 2915 1065 2958 nova
1080 2904 1111 2958 et
1126 2898 1260 2972 coelesti,
1283 2899 1504 2961 seductionum

160 2985 268 3066 linguis
293 2987 458 3052 doctrinam
486 2991 593 3052 salutis
621 2989 776 3068 proposuit
808 3003 967 3065 earumque
996 2987 1166 3066 cognitione
1189 2987 1356 3068 Apostolos
1379 2988 1504 3050 imbuit:

161 3077 239 3156 qnod
262 3077 344 3140 Dens
368 3078 553 3142 Patrierobis
581 3079 711 3141 humana
743 3075 931 3158 potissimum
959 3075 1055 3136 forma
1088 3077 1244 3157 apparuit:
1278 3077 1403 3157 denique
1427 3076 1505 3158 quod

159 3164 217 3229 Dei
240 3167 334 3230 Filius
358 3168 455 3248 ipsam
482 3169 560 3230 hauc
592 3175 729 3229 naturam
761 3173 894 3228 nostram
927 3171 1022 3226 totam
1046 3171 1079 3226 et
1100 3165 1249 3244 integram
1272 3185 1338 3227 cum
1368 3166 1504 3228 omuibus

157 3256 391 3336 proprietatibus
406 3259 478 3332 suis,
503 3258 603 3320 demto
621 3265 756 3336 peccato,
782 3273 906 3334 cumque
921 3260 987 3315 tota
1000 3252 1173 3323 interiorum
1197 3255 1375 3317 facultatum
1390 3255 1505 3317 animae

159 3343 306 3422 hnmanae
329 3347 421 3424 serie,
456 3348 533 3408 uude
557 3365 671 3419 sermo,
703 3345 805 3407 variae
828 3343 948 3422 linguae
979 3361 1140 3424 omnesque
1171 3351 1253 3406 artes
1276 3352 1308 3406 et
1330 3343 1504 3424 discipliuae

160 3431 306 3497 humanae
329 3437 488 3516 profluunt,
514 3453 552 3498 ex
574 3443 659 3497 utero
683 3435 791 3496 beatae
810 3431 945 3512 Virginis
968 3432 997 3492 iu
1022 3433 1168 3495 unitatem
1189 3451 1336 3514 personae
1360 3433 1502 3515 suscepit.

160 3519 310 3586 Credibile
334 3533 381 3587 est
403 3526 502 3606 igitur,
528 3524 653 3586 eundem
675 3524 757 3586 illurn
779 3520 938 3584 Dominum
962 3528 993 3582 et
1014 3521 1111 3584 Deum
1133 3531 1282 3598 nostmm,
1307 3522 1392 3602 cujus
1415 3529 1504 3585 tauta

161 3611 217 3672 huit
240 3611 415 3689 delectatio,
448 3621 564 3677 tantum
588 3615 617 3675 in
647 3622 801 3676 aeternum
825 3610 883 3672 erit
915 3611 1123 3675 commercium
1145 3631 1212 3674 cum
1242 3611 1310 3673 filiis
1343 3611 1502 3687 homiuum,

160 3699 325 3764 etiamnum
351 3702 438 3765 hodie
470 3723 529 3766 nou
560 3703 649 3783 plane
679 3720 799 3765 cessare
824 3721 843 3761 a
864 3699 984 3779 publica
1015 3700 1232 3780 significatione
1261 3718 1333 3762 suae
1357 3700 1394 3761 dc
1417 3699 1503 3761 uobis

161 3807 270 3868 curae,
303 3810 428 3874 eamque
461 3792 706 3873 significationem
729 3789 760 3853 in
788 3807 867 3851 nova
898 3790 989 3852 stella
1019 3790 1206 3870 propositam
1228 3787 1273 3850 sic
1296 3787 1451 3851 ordinasse
1473 3795 1504 3850 et

159 3879 339 3943 instruxisse
362 3899 417 3962 per
438 3881 668 3962 descriptionem
689 3878 834 3958 temporis
849 3884 881 3939 et
893 3878 959 3953 loci,
985 3885 1091 3940 utnon
1113 3886 1302 3959 possetque,
1324 3877 1503 3958 praesertim

159 3967 296 4032 literatos
320 3977 352 4032 et
373 3971 543 4054 astrologos
566 3971 704 4050 (quorum
737 3967 833 4031 diaria
859 3967 949 4029 hodie
981 3987 1098 4038 omnes,
1133 3967 1224 4029 etiam
1247 3966 1352 4042 infimi,
1372 3967 1502 4046 legunt)

158 4057 212 4120 vel·
231 4059 326 4122 latere
345 4061 397 4124 *vel
420 4079 478 4124 nou
502 4077 688 4140 summopere
712 4073 908 4121 commorere.

739 4279 926 4295 -n———n—-d

594 4568 599 4587 Ι
680 4467 800 4568 Caput
825 4459 985 4540 XXVII.

548 4627 695 4696 anm
718 4629 894 4712 positorum
918 4618 1108 4709 opinionum.

247 4774 317 4840 Jam
330 4791 487 4857 coeperam
507 4773 619 4846 dicere,
643 4770 767 4851 primam
790 4769 1011 4850 astrologorum
1035 4765 1216 4831 seutentiam
1232 4764 1359 4831 omnium
1382 4768 1501 4832 minime

162 4881 229 4928 esse
252 4865 404 4930 terendam
428 4864 543 4928 duobus
565 4860 754 4943 potissimum
777 4859 970 4939 argumentis,
995 4859 1153 4942 quaejam
1177 4856 1342 4940 explicabo.
