3652 5532
733 286 814 352 Caput
831 285 910 338 XXV.
1430 284 1493 352 705
1516 312 1519 322 ·

231 462 424 543 Respoodoo,
449 461 606 536 stellarum
629 463 750 527 nomina
771 464 854 527 visus
878 463 1002 540 invenit,
1026 482 1084 526 unu
1107 461 1307 527 ratiocinatio.
1341 458 1400 534 Qui
1424 482 1493 526 vero

143 555 200 618 hnc
224 553 336 634 oincit,
362 552 387 614 is
411 570 470 614 non
493 551 587 614 refert
610 552 680 632 quid
704 553 820 628 viderit,
845 554 900 615 sed
923 552 1088 616 hariolator
1111 552 1182 633 quid
1205 571 1272 613 esse
1295 551 1403 631 possit.
1445 551 1495 614 Sit

144 662 215 724 ergo
239 649 367 716 cometa,
393 640 510 722 quaudo
534 641 661 704 caudam
680 661 796 705 sursum
816 642 934 704 anobis
953 642 1096 722 projicere
1121 641 1252 704 creditur
1266 662 1284 702 a
1298 639 1493 722 philosophis,

143 733 229 820 pobis
259 729 427 794 hominibus
456 730 565 792 ceteris
590 731 681 792 liceat
711 731 830 794 interim
853 752 920 795 eum
944 731 1009 792 visu
1029 739 1131 794 nostro
1146 728 1236 810 loqui.
1274 729 1393 810 Vulgus
1417 731 1494 792 euim

143 819 340 902 philosophis,
364 826 396 880 et
418 819 501 882 visus
525 819 613 900 vulgo
637 820 756 884 dicendi
778 819 922 900 magister
946 829 1004 883 est.

231 910 422 990 Brsnggsrns
447 905 539 970 etiam
563 908 626 971 alia
648 897 752 972 utitur
769 910 978 990 responsione,
1008 927 1124 988 negans
1152 905 1278 992 cometis
1307 899 1373 968 dsse
1397 907 1493 970 solere

145 1002 243 1062 lumen
266 1007 329 1061 tam
353 997 495 1072 clarum,r
514 1017 603 1078 quam
625 997 655 1060 in
679 999 736 1060 hac
765 997 857 1062 stella
884 998 996 1068 visum.
1028 1016 1086 1060 nou
1120 1003 1236 1058 tautum
1259 995 1291 1058 in
1314 996 1417 1058 caudis
1440 997 1496 1060 sed

145 1110 181 1152 ne
201 1089 229 1150 in
249 1087 398 1168 capitibus
418 1085 553 1166 quidem:
580 1093 707 1167 atquae
728 1087 927 1162 candicantis,
953 1087 1054 1161 livida,
1079 1085 1227 1148 interdum
1245 1083 1394 1159 mbeutia,
1418 1086 1495 1148 alias

143 1178 276 1260 pallida,
308 1183 342 1238 ut
368 1175 506 1238 Braheus
538 1175 660 1246 retulit,
690 1175 828 1256 utrinque
861 1177 970 1240 obtusa
999 1185 1031 1238 et
1062 1173 1172 1238 inertia
1203 1173 1342 1236 obtinent
1372 1174 1494 1267 lundup,

145 1267 308 1330 nubeculae
331 1264 431 1328 vetius
451 1283 540 1344 quam
558 1264 677 1328 stellae.
714 1264 861 1346 Equidem
886 1282 1010 1332 comatae
1026 1273 1142 1338 candidi,
1163 1279 1300 1346 argenteo
1314 1271 1396 1340 crine,
1416 1273 1494 1344 cujus

143 1369 237 1440 mlgor
257 1365 343 1422 otiam
363 1366 502 1422 oculorum
524 1367 651 1420 obrutum
671 1371 790 1431 avertat,
821 1374 910 1418 uuam
943 1355 1035 1416 etiam
1065 1352 1196 1434 speciem
1226 1352 1342 1416 Plinius
1377 1352 1493 1414 statuit.

21 1503 22 1540 ,
143 1445 321 1526 Exemplum
344 1463 415 1508 vero
440 1463 477 1506 ex
500 1442 636 1506 historiis
660 1444 772 1506 nullum
794 1444 866 1507 scio.
904 1443 1033 1506 Possum
1056 1443 1113 1504 hoc
1127 1440 1192 1503 loco
1218 1441 1310 1504 stiam
1332 1440 1376 1504 uti
1399 1461 1492 1520 argu-

146 1544 246 1597 mento
270 1553 319 1610 eo,
344 1553 401 1614 qno
425 1552 517 1613 snpra
543 1553 614 1595 usus
642 1552 707 1596 sum
731 1552 797 1612 cap.
821 1533 895 1596 XV.
921 1532 960 1594 ad
983 1531 1198 1612 assignandum
1230 1531 1336 1594 stellae
1369 1540 1491 1596 nostrae

146 1626 245 1688 locum
267 1623 345 1686 iuter
367 1622 454 1695 fixas,
477 1629 512 1684 ot
533 1621 666 1702 probem,
691 1631 722 1684 et
745 1623 841 1686 cauda
864 1621 1007 1685 caruisse.
1055 1619 1189 1684 Crinitae
1216 1620 1293 1682 enim
1317 1619 1439 1683 eaedem
1461 1627 1493 1684 et

146 1712 271 1776 mobiles
295 1719 374 1773 sunt.
419 1711 533 1775 Nostra
557 1711 633 1780 haec
662 1710 761 1774 haesit
788 1710 959 1773 immobilis.
1005 1709 1120 1774 Plinius
1143 1709 1220 1772 bano
1247 1708 1394 1772 rationem
1416 1725 1490 1772 oon-

144 1803 255 1866 vellere
278 1801 406 1874 videtur,
430 1799 480 1880 qui
503 1799 649 1882 quosdam
672 1809 854 1864 cometarum
877 1800 921 1862 ait
943 1798 1109 1864 immobiles
1137 1798 1269 1862 haerere.
1317 1797 1379 1860 Sed
1401 1798 1490 1860 facile

145 1890 342 1972 respondetur
365 1907 402 1950 ex
432 1896 600 1958 nostrorum
632 1899 799 1970 temporum
828 1887 1023 1971 experientia.
1070 1888 1178 1951 Potest
1210 1887 1289 1950 enim
1319 1887 1382 1950 fieri
1404 1888 1492 1966 utin

145 1979 276 2062 planetis
300 1978 497 2053 stationariis,
523 1986 557 2040 ut
571 1976 706 2058 quamvis
730 1978 856 2040 mobiles
880 1978 1037 2041 videantur
1059 1986 1158 2040 tamen
1178 1976 1217 2038 ad
1237 1995 1348 2056 pausos
1373 1975 1491 2056 qnidam

148 2071 212 2132 dies
236 2077 334 2143 stare,
362 2067 387 2128 si
411 2086 471 2130 uua
493 2086 558 2130 cunt
575 2068 701 2130 'Tellure
728 2085 823 2148 aeque
853 2066 990 2130 celeriter
1013 2066 1043 2130 in
1066 2067 1188 2128 easdem
1217 2066 1351 2129 ferantur
1376 2073 1490 2145 partes.

115 2147 124 2164 ⁹
144 2161 202 2222 Ille
226 2157 304 2220 enim
326 2154 396 2218 anni
413 2153 507 2232 1585,
531 2175 597 2218 cum
617 2157 646 2217 iu
666 2155 803 2238 opposito
818 2155 899 2218 Solis
924 2175 1049 2219 versans
1068 2163 1150 2218 motu
1164 2153 1275 2217 Terrae
1298 2155 1492 2239 retrogradus

144 2246 416 2329 repraesentandus
440 2245 547 2318 fuisset
570 2245 612 2320 (si
634 2247 682 2309 vel
706 2244 871 2327 quievisset
898 2245 998 2325 ipse):
1028 2244 1182 2308 eeleritate
1206 2251 1305 2306 motus
1327 2243 1439 2324 proprii
1461 2243 1492 2306 in

145 2335 361 2416 consequentia
393 2333 533 2414 apparuit
562 2335 712 2396 directos:
747 2335 794 2396 cui
824 2335 849 2396 si
882 2333 987 2414 pbrum
1019 2335 1055 2397 da
1086 2344 1169 2396 motu
1204 2333 1325 2415 proprio
1360 2333 1490 2407 auferas,

144 2425 356 2490 stationarium
375 2423 488 2488 efficies
508 2423 547 2486 ad
566 2423 673 2486 asum.
697 2423 740 2486 Et
758 2423 808 2486 ille
829 2425 907 2486 alter
927 2421 1107 2498 anni1580,
1132 2442 1199 2485 oum
1217 2441 1317 2484 meuse
1332 2421 1492 2486 Decembri

145 2515 340 2579 statiomrius
364 2521 533 2595 appareret,
557 2519 639 2574 motu
661 2512 781 2594 proprio
796 2513 892 2574 adhuc
916 2513 1068 2576 terebatur
1090 2512 1121 2576 in
1140 2512 1221 2574 linea
1243 2531 1300 2574 sua
1318 2509 1492 2591 trajectoria

144 2623 249 2668 versus
272 2604 361 2667 linem
380 2603 489 2666 Librae
509 2610 540 2664 et
554 2601 733 2681 eclipticam,
757 2601 896 2682 aequalia
918 2601 1130 2684 propemodum
1150 2600 1251 2681 spatia
1269 2600 1354 2662 initio
1379 2619 1414 2662 ac
1434 2600 1492 2662 fine

146 2713 294 2758 emensus.
340 2693 448 2773 Itaque
471 2692 497 2754 si
519 2690 609 2754 Plinii
641 2698 743 2754 astate
767 2691 815 2752 vel
839 2699 909 2752 ante
938 2691 1034 2771 ipsum
1062 2689 1133 2752 talis
1166 2695 1284 2753 cometa
1312 2689 1412 2764 fulsit,
1443 2689 1491 2769 qui

146 2779 343 2846 stationarius
362 2781 544 2854 redderetur,
569 2799 637 2844 cnm
657 2787 727 2842 ants
747 2787 864 2860 etpost
883 2781 959 2842 forte
980 2799 1038 2841 non
1057 2787 1139 2842 esset
1156 2779 1256 2842 visus:
1282 2778 1349 2841 binc
1373 2777 1491 2842 occasio

24 2864 27 2885 '
145 2870 244 2936 Plinio
267 2889 335 2932 essa
357 2870 465 2950 potuit,
488 2889 578 2934 unam
601 2877 783 2934 cometamm
806 2869 1001 2933 immobilium
1022 2868 1153 2950 speeiem
1175 2867 1370 2950 confingendi.
1460 2935 1463 2942 Δ

726 3111 910 3126 m

672 3329 791 3429 Caput
819 3327 962 3404 XXVI.

145 3509 200 3572 Aa
208 3506 346 3592 fortuito
362 3461 555 3571 cmobrmr'l
568 3508 660 3572 sidau
674 3509 732 3572 boc
746 3528 816 3571 oum
832 3514 1012 3590 temporari
1024 3505 1093 3571 loeo
1108 3504 1335 3592 oomomtioais
1346 3526 1490 3590 magada.

234 3665 476 3748 Disputationem
507 3666 688 3748 ingredimur
720 3667 848 3730 omnium
880 3686 955 3749 qnae
986 3676 1057 3730 suut
1089 3668 1126 3729 de
1158 3672 1225 3728 tota
1256 3683 1354 3728 rerum
1383 3672 1493 3728 natura
1577 3680 1580 3693 ’

147 3755 351 3818 difficillimam
369 3764 400 3818 et
414 3755 682 3836 perplexissimam,
707 3777 764 3819 nou
779 3764 896 3820 tautum
913 3765 1037 3837 propter
1059 3753 1244 3839 quaestionis
1267 3754 1491 3838 obscuritatem,

146 3845 202 3908 sed
233 3844 326 3908 etiam
358 3852 480 3925 propter
511 3844 629 3908 validas
663 3846 756 3910 totius
792 3845 913 3908 humaui
947 3846 1065 3926 generis
1099 3842 1298 3908 discessiones
1328 3842 1357 3905 iu
1387 3851 1491 3924 partes

146 3932 265 3998 omniuo
297 3933 475 3996 contrarias.
522 3933 570 3996 Ex
592 3935 794 4016 superioribus
826 3942 931 4016 patet,
965 3935 1086 3998 stellam
1118 3940 1214 3996 ortam
1247 3951 1315 3994 esse
1338 3951 1373 3994 eo
1402 3951 1488 4007 auno,

117 4055 122 4065 ·
146 4043 202 4106 quo
227 4021 284 4086 luit
306 4022 474 4104 conjunctio
498 4021 621 4086 Saturni
644 4032 675 4086 et
697 4023 797 4100 Jovis,
821 4025 851 4087 in
874 4024 1018 4105 principio
1043 4020 1222 4104 Sagittarii;
1250 4021 1301 4084 ubi
1329 4021 1387 4084 loci
1415 4040 1489 4084 con-

140 4113 258 4195 J'uuotio
281 4112 354 4174 talis
377 4111 504 4192 contigit
526 4132 545 4172 a
564 4113 672 4176 mundo
696 4113 816 4177 condito
839 4131 898 4175 nou
920 4113 988 4192 plus
1011 4114 1134 4192 septies,
1160 4112 1189 4172 in
1205 4117 1322 4190 septem
1344 4109 1489 4174 illustris-

146 4201 230 4266 simis
254 4201 365 4264 aetatis
389 4202 553 4264 mundanae
577 4202 723 4278 articulis,
747 4203 929 4282 octingentis
950 4201 1037 4264 anuis
1060 4203 1137 4264 iuter
1156 4200 1242 4262 binas
1265 4200 1490 4279 conjunctiones

145 4290 414 4354 interlabentibus:
447 4297 545 4354 ortam
576 4290 668 4371 igitur
690 4310 758 4354 esse
787 4291 843 4352 sub
872 4289 1048 4371 principium
1080 4288 1266 4369 triplicitatis
1290 4288 1412 4368 igneae,
1446 4289 1490 4352 rei

21 4417 22 4432 .
109 4439 113 4448 ,
147 4382 225 4464 apud
257 4381 428 4460 astrologos
446 4383 471 4441 'a
498 4380 599 4444 multis
631 4379 717 4442 anuis
747 4380 1019 4455 celebratissimae;
1051 4387 1150 4442 ortam
1179 4397 1214 4440 eo
1246 4385 1399 4459 tempore,
1433 4397 1489 4462 quo
1550 4431 1553 4444 .

146 4468 245 4551 potior
268 4489 339 4551 pars
362 4469 513 4534 hominum
536 4470 759 4552 exspectatione
783 4489 881 4533 rerum
903 4488 1047 4532 novamm
1069 4467 1320 4548 maximarumque
1344 4486 1491 4548 suspensa

147 4559 323 4634 tenebatur3
346 4567 443 4622 ortam
462 4577 498 4622 eo
512 4565 657 4639 tempore,
680 4577 737 4641 qno
760 4559 907 4639 astrologi
929 4558 1063 4622 nonnulli
1085 4577 1195 4622 novum
1218 4555 1330 4637 aliquid
1351 4557 1381 4620 iu
1405 4557 1489 4620 ooelo

75 4713 77 4726 ¹
147 4647 396 4711 confidentissime
420 4649 634 4730 praedixerant
656 4648 817 4722 oriturum3
851 4657 948 4711 ortam
971 4667 1006 4710 eo
1035 4667 1155 4718 mense,
1187 4665 1243 4728 quo
1266 4645 1376 4708 Mariis
1399 4645 1491 4710 stella

126 4735 349 4816 ¹superioribus
371 4738 556 4813 sociabatur,
578 4757 637 4819 qna
659 4736 742 4817 prius
765 4739 890 4800 absente
913 4737 1042 4800 nondum
1066 4745 1132 4800 orat
1154 4736 1245 4817 plens
1266 4753 1376 4818 magua
1398 4753 1490 4818 snpe-

149 4823 258 4889 riomm
292 4825 480 4906 conjunctio:
512 4835 608 4890 ortam
632 4845 666 4890 eo
691 4824 752 4901 die,
789 4845 846 4908 quo
876 4827 951 4890 haec
973 4828 1082 4890 Martis
1111 4826 1201 4890 stella
1233 4833 1380 4902 snperato¹
1401 4827 1490 4907 paulo

228 4927 315 4977 rosas
328 4930 404 4978 opaea
423 4930 449 4970 n.
562 4977 566 4986 ,
1246 4927 1280 4981 45
