3700 5530
670 333 673 342 ·
768 297 929 372 oqui.

190 477 305 570 qulbus
327 503 346 547 a
366 485 436 548 &is
460 483 560 548 stellis
591 483 754 546 distantias
783 485 911 548 retinnit
939 487 979 548 ad
1000 500 1130 564 nomem
1155 473 1299 566 ¹eesdem3
1329 505 1347 547 a
1369 488 1448 550 Jove
1474 475 1547 551 vere

197 584 230 638 et
251 576 353 638 Marte
382 581 469 636 tauto
500 573 571 638 illas
601 573 727 635 adauxit
750 573 779 635 in
803 574 884 649 dies,
916 575 1019 656 quanti
1049 575 1112 635 lere
1142 575 1263 637 luerunt
1290 575 1424 656 ipsorum
1446 584 1546 639 metus
1641 575 1644 581 '

197 664 297 727 diurni
320 664 375 726 sub
397 663 482 726 fixis:
508 663 552 724 si'c
574 669 609 724 ut
630 681 690 722 non
712 662 788 723 haec
811 663 849 724 ab
871 663 948 738 illis,
978 661 1032 725 sed
1053 661 1099 723 illi
1123 662 1162 724 ab
1184 663 1241 724 hac
1264 664 1376 726 fuerint
1397 665 1546 746 digressis

192 761 229 816 'et
259 751 337 836 quod
366 753 601 831 Brenggerus
633 751 765 812 notavit:
800 751 878 812 idem
911 769 1029 832 semper
1060 751 1225 814 horizontis
1252 761 1395 834 punctum
1424 753 1548 818 oriende

195 840 386 924 perstrinxit,
409 841 441 902 in
465 840 570 902 eodem
593 839 710 901 scilicet
731 839 878 920 parallelo
901 848 1046 929 perpetuo
1067 840 1188 902 mansit.

283 932 441 1010 Ingentem
463 928 565 1009 itaque
589 927 723 992 (trabbi
746 929 911 992 vanitatem
942 935 1061 1009 oportet
1089 947 1173 1003 esse,
1204 930 1254 1010 qni
1277 947 1315 990 ex
1337 928 1544 993 vitiosissimis

195 1017 458 1084 observationibus
480 1018 585 1080 bande
607 1017 639 1078 in
655 1015 789 1078 ordinem
805 1016 962 1098 dispositis
977 1037 1069 1080 ausus
1086 1025 1134 1080 est
1147 1017 1257 1080 stellae
1273 1025 1396 1080 nostrae
1412 1017 1545 1080 tribuere

193 1095 310 1172 motnr'n
324 1105 540 1180 tardissimum,
564 1105 613 1186 qui
628 1113 693 1168 toto
711 1105 879 1168 durationis
899 1114 1033 1186 tempore
1049 1126 1108 1168 non
1122 1113 1240 1168 tantum
1256 1107 1420 1168 coniecerit
1435 1125 1547 1182 arcum,

201 1204 344 1280 qnantum
369 1193 508 1259 Orabbus
536 1194 634 1274 primo
658 1194 763 1257 statim
785 1195 834 1256 die
857 1187 943 1276 4111.
968 1195 1037 1258 Oct.
1067 1195 1220 1258 aberravit
1243 1195 1441 1270 observando,
1475 1197 1544 1256 dum

197 1305 265 1348 eam
287 1287 319 1348 in
344 1278 462 1348 17001
486 1288 516 1354 ,2¹
539 1283 648 1357 refert,
679 1302 767 1366 quam
789 1282 947 1346 Fabricius
977 1283 1008 1344 in
1031 1283 1177 1346 Osttiisia
1205 1282 1254 1345 die
1278 1284 1476 1346 antecedente
1498 1283 1548 1345 in-

198 1375 284 1436 venit
305 1373 337 1436 in
363 1365 428 1434 17·
447 1367 504 1434 37¹
526 1371 576 1432 vel
602 1366 666 1433 17⁰
686 1367 741 1434 40¹
765 1377 804 1444 ,et
852 1371 885 1434 Si
911 1372 1140 1434 observationes
1166 1372 1249 1433 solas
1276 1373 1468 1454 quantumvis
1490 1373 1549 1434 im-

197 1465 350 1546 perfectas
373 1457 460 1522 nobis
476 1459 736 1536 communicasset,
759 1461 889 1540 gratiam
911 1469 978 1522 erat
999 1460 1165 1522 habitums.
1203 1461 1464 1542 nequeuntem
1479 1460 1550 1522 illas

120 1583 130 1592 ·
202 1555 239 1614 de
263 1549 442 1614 certitudine
465 1549 664 1624 conmmendat,
687 1555 722 1610 ut
744 1568 845 1611 earum
868 1550 977 1611 fiducia
999 1549 1107 1611 stellae
1122 1555 1234 1612 motum
1257 1549 1371 1612 tribuat
1385 1549 1549 1623 minimum,

194 1643 263 1722 jure
294 1648 329 1703 ut
358 1641 502 1718 deceptor
529 1639 711 1718 vituperium
741 1637 872 1700 habebit.
920 1638 1002 1710 Quid
1032 1637 1110 1700 enim
1142 1639 1179 1699 de
1211 1639 1397 1700 astronomia
1419 1639 1550 1700 futurum

200 1737 307 1812 putas,
332 1729 373 1804 si,
397 1726 477 1808 quod
499 1727 583 1789 Deus
607 1733 741 1801 avertat,
769 1727 881 1788 misera
903 1727 1069 1808 posteritas
1092 1745 1158 1788 eam
1180 1728 1269 1790 tidem
1292 1726 1357 1805 ejus
1381 1727 1550 1789 observatis

202 1819 283 1880 circa
305 1819 445 1898 planetas
470 1815 643 1888 adhiberet,
674 1833 762 1896 quam
785 1813 837 1876 ille
865 1815 1007 1878 allectat?
1051 1817 1157 1895 Itaque
1185 1817 1311 1877 miseret
1336 1834 1383 1877 me
1410 1812 1548 1888 Herlicii,
1608 1873 1610 1878 ,

201 1907 251 1990 qui
271 1906 336 1986 jam
357 1921 445 1978 nunc,
468 1903 538 1965 vivo
562 1903 659 1965 adhuc
683 1911 816 1977 auctore,
838 1922 948 1983 passus
965 1912 1013 1966 est
1035 1903 1094 1966 sibi
1116 1904 1238 1986 imponi,
1261 1911 1296 1965 ut
1312 1903 1460 1978 crederet,
1483 1921 1550 1964 mo-

107 2035 109 2042 ι
199 1995 294 2056 bilem
317 1994 411 2056 luisse
434 1999 597 2054 cometam:
622 1993 673 2075 qui
696 1993 722 2054 si
746 2009 835 2074 super
857 1992 935 2055 hunc
950 2000 1062 2055 motum
1079 1989 1250 2054 aedificavit
1272 2011 1357 2055 suum
1371 1991 1549 2074 prognosti-

195 2089 277 2158 cum,
303 2084 400 2145 oleum
424 2089 455 2145 et
478 2097 599 2162 operam
621 2081 754 2162 perdidit
776 2087 808 2142 et
829 2081 957 2162 gratiam
982 2081 1120 2162 exiguam
1145 2081 1264 2144 Orabbo
1286 2073 1427 2154 debet')

288 2173 374 2234 Motu
397 2171 516 2236 sublato
540 2177 571 2231 et
592 2170 759 2251 parallaxis
783 2171 926 2244 aufertur,
950 2189 1026 2252 quae
1042 2169 1171 2252 nominis
1187 2168 1298 2232 indicio
1313 2176 1413 2231 motus
1428 2167 1549 2250 qnidam
1579 2245 1586 2252 .

200 2279 367 2343 apparens,
395 2259 557 2322 translatio
589 2275 739 2340 apparens
769 2266 818 2320 est
847 2258 954 2320 sideris
976 2278 1030 2340 per
1061 2276 1094 2320 se
1116 2257 1287 2321 immobilis.
1333 2259 1377 2320 Et
1398 2257 1549 2338 parallaxi

200 2349 320 2412 sublata
334 2349 434 2412 nullus
451 2347 542 2410 sideri
565 2348 649 2410 locus
671 2348 750 2410 iuter
764 2348 913 2428 planetas,
930 2355 1011 2410 certe
1026 2347 1126 2409 nullus
1142 2347 1221 2410 inira
1235 2347 1362 2421 Lunam,
1384 2347 1547 2420 Venerem,

195 2437 394 2514 Mercurium,
426 2437 545 2510 Solem,
575 2437 705 2498 Martem
729 2435 916 2517 relinquitur.
962 2436 1139 2498 Parallaxes
1162 2453 1235 2498 vere
1258 2435 1346 2498 Jovis
1370 2441 1402 2497 et
1424 2433 1548 2498 Saturni

196 2527 256 2588 etsi
280 2533 350 2588 sunt
371 2525 580 2599 insensibiles,
604 2525 688 2588 sidus
710 2533 811 2588 tamen
833 2543 871 2585 ne
893 2541 987 2606 prope
1010 2525 1066 2587 hos
1089 2525 1209 2606 quidem
1232 2525 1356 2588 stetisse
1380 2523 1449 2586 aliis
1472 2541 1545 2604 per-

197 2616 340 2678 suadetur
362 2614 555 2695 argumentis.

285 2703 364 2765 Visa
387 2709 436 2765 est
456 2709 522 2765 toto
543 2701 668 2764 Octobri
691 2719 794 2763 mense
809 2717 885 2782 pene
902 2701 1020 2780 aequali
1036 2699 1251 2780 magnitudine,
1275 2701 1334 2762 nisi
1351 2698 1429 2782 quod
1444 2695 1548 2760 radios

200 2792 282 2856 Solis
299 2790 429 2866 subiens,
453 2792 532 2854 Jove
555 2809 624 2852 sese
646 2789 781 2852 nonnihil
806 2789 950 2870 eripiente
965 2789 1126 2871 Solemque
1146 2787 1290 2868 fugiente,
1314 2788 1459 2850 deminuit
1481 2787 1548 2847 exi-

200 2881 405 2942 stimationem
438 2879 616 2962 quantitatis
649 2879 687 2940 ad
717 2879 825 2941 Jovem
854 2885 1037 2957 comparata.¹
1091 2881 1198 2940 Mense
1225 2877 1389 2940 Novembri
1412 2874 1550 2960 pluribus

197 2968 336 3031 innotuit.
382 2969 440 3032 Dic
463 2959 583 3049 quidem
606 2965 658 3030 30.
684 2966 752 3031 Oct.
778 2966 826 3027 vel
851 2962 880 3029 9.
904 2967 983 3028 Nor.
1008 2965 1174 3050 quadrante
1198 2973 1267 3028 ante
1291 2967 1396 3029 horam
1418 2964 1553 3050 quintam

194 3057 260 3120 nidi
282 3057 401 3120 Novam
422 3063 495 3137 post
516 3075 656 3119 occasum
671 3055 764 3130 Solis,
790 3073 856 3116 cnm
879 3057 1010 3118 nondum
1032 3056 1165 3118 iuvenire
1187 3075 1311 3135 possem
1333 3056 1451 3127 Jovem‚
1476 3053 1552 3138 adeo

197 3153 264 3208 erat
294 3146 456 3208 etiamnum
488 3146 587 3219 clara,
621 3145 757 3227 quamvis
785 3143 881 3205 radiis
911 3143 994 3206 Solis
1023 3145 1118 3206 multo
1148 3163 1237 3226 quam
1266 3143 1388 3224 Jupiter
1415 3139 1551 3203 vicinior.

195 3234 255 3298 Dic
280 3227 364 3317 6116.
388 3235 473 3298 Νον.
492 3233 555 3296 vidi
579 3231 663 3295 illam
684 3241 868 3313 postremum
890 3233 1102 3313 vespertinam.
1144 3233 1248 3296 Secutl
1264 3233 1345 3294 enim
1360 3231 1425 3294 dies
1441 3227 1553 3292 subilli

195 3323 391 3404 Brenggerus
424 3330 525 3385 tamen
558 3321 642 3384 illam
672 3321 769 3384 adbuc
800 3321 849 3382 uie
882 3314 967 3404 8118.
996 3322 1075 3384 Nov.
1109 3341 1128 3382 a
1157 3323 1235 3384 Jove
1267 3320 1448 3383 observavit.
1494 3317 1553 3380 Die

202 3405 306 3490 12122.
327 3412 405 3474 Nov.
430 3431 497 3474 cnm
521 3409 629 3472 stellae
652 3411 736 3472 locus
760 3430 779 3470 a
800 3410 904 3471 Lunae
927 3411 1100 3493 praesentia
1123 3417 1289 3485 notaretur,
1314 3408 1434 3471 stellam
1457 3407 1554 3488 ipsam

198 3506 301 3561 tamen
328 3499 379 3562 hic
407 3518 594 3582 nequaquam
616 3499 719 3561 videre
742 3499 902 3580 potuimus.
947 3499 1052 3580 Neque
1076 3507 1176 3561 tamen
1198 3499 1286 3562 Luna
1317 3497 1401 3559 illam
1422 3501 1552 3568 texerat,

199 3594 234 3648 ut
263 3587 347 3667 cnjus
376 3588 506 3650 latitudo
535 3587 666 3650 visibilis
692 3596 760 3650 erat
781 3582 826 3650 3ο
848 3593 879 3648 et
901 3587 1046 3668 amplius,
1077 3607 1143 3652 cum
1172 3588 1256 3650 sidus
1280 3605 1337 3648 non
1362 3579 1405 3646 2⁰
1426 3583 1555 3645 haberet

200 3673 401 3738 latitudinem.
456 3677 576 3756 Pragae
615 3676 708 3758 igitur
739 3675 818 3738 inter
848 3669 934 3758 6116.
967 3684 1000 3737 et
1033 3667 1137 3759 12122.
1169 3677 1248 3740 Nov.
1284 3673 1394 3736 occidit
1425 3670 1551 3732 heliace.

201 3761 360 3827 Orestinus
384 3783 456 3827 vero
479 3767 615 3840 affirmat,
639 3765 743 3828 innui
765 3766 796 3828 in
811 3763 976 3839 Sabaudia,
999 3763 1049 3827 ubi
1072 3765 1169 3827 minor
1190 3764 1253 3846 poli
1277 3761 1418 3835 elevatio,
1443 3758 1553 3820 etiarn·-

200 3871 271 3915 num
297 3845 402 3937 19123.
427 3854 504 3917 Nov.
531 3855 568 3916 ab
591 3853 630 3916 iis
647 3853 779 3934 conspici
801 3853 948 3934 potuisse,
972 3853 1198 3935 qni-praecipua
1213 3853 1298 3914 visus
1314 3849 1379 3911 acie
1392 3847 1551 3930 pollerent.

198 3941 230 4004 A
254 3937 306 4004 26.
330 3941 409 4005 Νον.
439 3942 490 4003 vel
513 3937 542 4006 6.
566 3943 640 4006 Dec.
664 3941 827 4023 principio,
855 3957 949 4024 usqne
978 3941 1017 4003 ad
1047 3941 1126 4002 diem
1156 3933 1240 4022 9119.
1271 3941 1345 4003 Dec.
1369 3935 1552 3999 Mercurium

198 4030 426 4112 conspeximus:
466 4039 547 4093 certe
571 4029 619 4093 die
648 4027 732 4113 7117.
757 4029 921 4094 evidenter.
948 4031 1064 4094 'Ortus
1088 4029 1167 4090 enim
1195 4035 1243 4091 est
1266 4026 1436 4090 sinisterior
1464 4041 1553 4106 quam

195 4119 266 4196 8013
291 4119 345 4181 sed
368 4119 449 4182 intra
471 4120 627 4182 dimidiam
650 4121 756 4183 horam
771 4117 808 4180 ab
833 4127 899 4181 ortu
923 4139 977 4182 suo
1002 4119 1056 4181 sub
1073 4117 1241 4198 crepusculi
1263 4117 1362 4179 lucem
1385 4133 1453 4176 sese
1477 4130 1552 4174 con-

193 4205 280 4270 didit.
328 4207 387 4270 Die
411 4227 484 4272 vero
508 4203 596 4291 9119.
619 4211 694 4272 Dec.
719 4207 901 4271 Mercurium
932 4227 971 4269 an
993 4207 1112 4270 Novam
1140 4206 1267 4268 viderim
1296 4205 1459 4278 incertnm3
1492 4200 1552 4262 niel

193 4297 282 4377 quod,
307 4295 333 4358 si
356 4297 446 4359 Nova
477 4296 532 4368 illa
566 4297 691 4372 luisset,
725 4295 908 4360 Mercurium
939 4295 1042 4376 utique
1066 4303 1098 4357 et
1127 4295 1344 4358 evidentiorem
1375 4309 1431 4352 nce
1462 4290 1552 4368 longe

192 4385 358 4446 distantem
394 4405 454 4447 una
483 4386 587 4448 oculos
616 4385 768 4448 incurrere
800 4403 858 4466 par
888 4390 967 4459 erat3
1000 4391 1031 4445 et
1060 4385 1140 4466 quod
1166 4384 1218 4444 vix
1246 4381 1345 4463 potuit
1367 4381 1456 4443 Nova
1480 4375 1552 4439 oriri

194 4472 271 4534 adeo
302 4473 470 4557 propinqua
500 4473 566 4536 Soli
598 4475 734 4555 qnodque
762 4475 869 4536 Novae
899 4471 1015 4534 usitata
1045 4470 1222 4534 scintillatio
1249 4469 1325 4534 nihil
1353 4487 1402 4530 rne
1425 4464 1550 4530 monuit

195 4559 398 4643 Quaecunque
423 4561 489 4637 fuit,
514 4561 669 4624 dexterius
685 4562 809 4623 orientis
825 4569 967 4642 punctum
991 4561 1085 4642 elegit
1107 4579 1195 4642 quam
1211 4557 1379 4622 Mercurius
1403 4555 1451 4618 die
1467 4547 1550 4638 7117.

193 4646 242 4710 Ex
267 4667 302 4712 ec
332 4649 426 4712 nubili
450 4649 516 4712 dies
540 4649 623 4711 suere
653 4657 747 4732 usque
769 4651 801 4712 in
822 4650 958 4730 vigiliam
981 4649 1162 4712 Natiuitatis
1186 4647 1302 4712 Christi
1328 4637 1432 4727 11124.
1457 4645 1550 4707 Deo:

196 4755 263 4797 cum
286 4735 383 4799 adbuc
407 4745 572 4820 apparente
594 4737 743 4813 Arcturo,
767 4739 941 4820 crepusculo
964 4745 1065 4800 tamen
1088 4735 1247 4799 admodum
1270 4736 1389 4808 adulto,
1413 4730 1551 4795 animad-
1614 4781 1617 4790 ,

194 4823 278 4886 verti
302 4825 423 4887 stellam
439 4825 656 4888 scintillantem
679 4825 709 4888 in
732 4845 768 4887 eo
782 4827 931 4902 verticali,
955 4827 1004 4909 qui
1026 4833 1169 4908 punctum
1192 4833 1276 4888 ortus
1292 4823 1375 4889 Solis
1391 4821 1450 4886 diei
1467 4813 1550 4905 7117.
