<?xml version="1.0" encoding="UTF-8"?>
<!DOCTYPE html PUBLIC "-//W3C//DTD XHTML 1.0 Transitional//EN"
    "http://www.w3.org/TR/xhtml1/DTD/xhtml1-transitional.dtd">
<html xmlns="http://www.w3.org/1999/xhtml" xml:lang="en" lang="en">
 <head>
  <title>
</title>
<meta http-equiv="Content-Type" content="text/html;charset=utf-8" />
  <meta name='ocr-system' content='tesseract 3.04.00' />
  <meta name='ocr-capabilities' content='ocr_page ocr_carea ocr_par ocr_line ocrx_word'/>
</head>
<body>
  <div class='ocr_page' id='page_1' title='image "./joanniskepleria02unkngoog/joanniskepleria02unkngoog_0879.png"; bbox 0 0 3476 5532; ppageno 0'>
   <div class='ocr_carea' id='block_1_1' title="bbox 352 277 1184 344">
    <p class='ocr_par' dir='ltr' id='par_1_1' title="bbox 352 277 1184 344">
     <span class='ocr_line' id='line_1_1' title="bbox 352 277 1184 344; baseline -0.014 0"><span class='ocrx_word' id='word_1_1' title='bbox 352 277 417 344; x_wconf 82' lang='lat'><strong>836</strong></span> <span class='ocrx_word' id='word_1_2' title='bbox 860 279 888 330; x_wconf 82' lang='lat' dir='ltr'><strong>u</strong></span> <span class='ocrx_word' id='word_1_3' title='bbox 906 281 994 330; x_wconf 68' lang='lat' dir='ltr'><strong>unm</strong></span> <span class='ocrx_word' id='word_1_4' title='bbox 1012 281 1043 332; x_wconf 78' lang='lat' dir='ltr'><strong>a</strong></span> <span class='ocrx_word' id='word_1_5' title='bbox 1062 280 1184 332; x_wconf 67' lang='lat' dir='ltr'><strong>ammo</strong></span> 
     </span>
    </p>
   </div>
   <div class='ocr_carea' id='block_1_2' title="bbox 341 457 1698 2140">
    <p class='ocr_par' dir='ltr' id='par_1_2' title="bbox 344 457 1698 1260">
     <span class='ocr_line' id='line_1_2' title="bbox 437 457 1698 534; baseline -0.001 -21"><span class='ocrx_word' id='word_1_6' title='bbox 437 457 634 527; x_wconf 87' lang='lat' dir='ltr'><strong>Disputaticne</strong></span> <span class='ocrx_word' id='word_1_7' title='bbox 664 462 715 511; x_wconf 88' lang='lat' dir='ltr'><strong>tua</strong></span> <span class='ocrx_word' id='word_1_8' title='bbox 744 465 861 528; x_wconf 88' lang='lat' dir='ltr'><strong>accepta</strong></span> <span class='ocrx_word' id='word_1_9' title='bbox 889 459 1000 514; x_wconf 85' lang='lat' dir='ltr'><strong>mirifice</strong></span> <span class='ocrx_word' id='word_1_10' title='bbox 1020 459 1086 514; x_wconf 89' lang='lat' dir='ltr'><strong>mihi</strong></span> <span class='ocrx_word' id='word_1_11' title='bbox 1112 462 1239 534; x_wconf 85' lang='lat' dir='ltr'><strong>gaudeo,</strong></span> <span class='ocrx_word' id='word_1_12' title='bbox 1261 459 1410 530; x_wconf 82' lang='lat' dir='ltr'><strong>Tubingae</strong></span> <span class='ocrx_word' id='word_1_13' title='bbox 1437 461 1588 518; x_wconf 54' lang='lat' dir='ltr'><strong>masmae.</strong></span> <span class='ocrx_word' id='word_1_14' title='bbox 1620 475 1698 528; x_wconf 71' lang='lat' dir='ltr'><strong>pares</strong></span> 
     </span>
     <span class='ocr_line' id='line_1_3' title="bbox 350 537 1698 612; baseline -0.001 -19"><span class='ocrx_word' id='word_1_15' title='bbox 350 547 406 602; x_wconf 89' lang='lat' dir='ltr'><strong>tuo,</strong></span> <span class='ocrx_word' id='word_1_16' title='bbox 428 537 578 593; x_wconf 83' lang='lat' dir='ltr'><strong>Maestlinc</strong></span> <span class='ocrx_word' id='word_1_17' title='bbox 600 537 731 590; x_wconf 89' lang='lat' dir='ltr'><strong>communi</strong></span> <span class='ocrx_word' id='word_1_18' title='bbox 752 545 846 592; x_wconf 89' lang='lat' dir='ltr'><strong>nostro</strong></span> <span class='ocrx_word' id='word_1_19' title='bbox 867 541 1051 610; x_wconf 75' lang='lat' dir='ltr'>praeceptori,</span> <span class='ocrx_word' id='word_1_20' title='bbox 1072 541 1208 612; x_wconf 82' lang='lat' dir='ltr'><strong>gratulor,</strong></span> <span class='ocrx_word' id='word_1_21' title='bbox 1230 541 1347 594; x_wconf 80' lang='lat' dir='ltr'>subinde</span> <span class='ocrx_word' id='word_1_22' title='bbox 1373 539 1506 592; x_wconf 85' lang='lat' dir='ltr'><strong>existere</strong></span> <span class='ocrx_word' id='word_1_23' title='bbox 1529 539 1660 608; x_wconf 79' lang='lat' dir='ltr'><strong>aliquos.</strong></span> <span class='ocrx_word' id='word_1_24' title='bbox 1682 559 1698 610; x_wconf 72' lang='lat' dir='ltr'><strong>p</strong></span> 
     </span>
     <span class='ocr_line' id='line_1_4' title="bbox 350 617 1698 692; baseline 0.001 -18"><span class='ocrx_word' id='word_1_25' title='bbox 350 621 420 674; x_wconf 90' lang='lat' dir='ltr'><strong>haec</strong></span> <span class='ocrx_word' id='word_1_26' title='bbox 440 621 541 672; x_wconf 89' lang='lat' dir='ltr'><strong>deeora</strong></span> <span class='ocrx_word' id='word_1_27' title='bbox 562 624 672 670; x_wconf 86' lang='lat' dir='ltr'><strong>nostrae</strong></span> <span class='ocrx_word' id='word_1_28' title='bbox 692 617 772 689; x_wconf 90' lang='lat' dir='ltr'><strong>genti</strong></span> <span class='ocrx_word' id='word_1_29' title='bbox 793 636 933 684; x_wconf 77' lang='lat' dir='ltr'><strong>asserere,</strong></span> <span class='ocrx_word' id='word_1_30' title='bbox 954 620 1088 690; x_wconf 70' lang='lat' dir='ltr'><strong>maiorum</strong></span> <span class='ocrx_word' id='word_1_31' title='bbox 1104 621 1239 692; x_wconf 79' lang='lat' dir='ltr'><strong>&#39;vestigiis</strong></span> <span class='ocrx_word' id='word_1_32' title='bbox 1261 621 1391 674; x_wconf 71' lang='lat' dir='ltr'><strong>insistere</strong></span> <span class='ocrx_word' id='word_1_33' title='bbox 1411 627 1555 690; x_wconf 76' lang='lat' dir='ltr'><strong>pergant.</strong></span> <span class='ocrx_word' id='word_1_34' title='bbox 1609 620 1698 675; x_wconf 62' lang='lat' dir='ltr'><strong>cirea</strong></span> 
     </span>
     <span class='ocr_line' id='line_1_5' title="bbox 348 697 1698 772; baseline 0 -18"><span class='ocrx_word' id='word_1_35' title='bbox 348 699 423 772; x_wconf 91' lang='lat' dir='ltr'><strong>spice</strong></span> <span class='ocrx_word' id='word_1_36' title='bbox 443 698 581 754; x_wconf 89' lang='lat' dir='ltr'><strong>rationes:</strong></span> <span class='ocrx_word' id='word_1_37' title='bbox 603 697 668 752; x_wconf 92' lang='lat' dir='ltr'><strong>Itali</strong></span> <span class='ocrx_word' id='word_1_38' title='bbox 683 699 820 754; x_wconf 86' lang='lat' dir='ltr'><strong>somniant</strong></span> <span class='ocrx_word' id='word_1_39' title='bbox 840 707 952 770; x_wconf 86' lang='lat' dir='ltr'><strong>praeter</strong></span> <span class='ocrx_word' id='word_1_40' title='bbox 965 719 1049 757; x_wconf 90' lang='lat' dir='ltr'><strong>unum</strong></span> <span class='ocrx_word' id='word_1_41' title='bbox 1063 702 1283 757; x_wconf 78' lang='lat' dir='ltr'><strong>commandinum</strong></span> <span class='ocrx_word' id='word_1_42' title='bbox 1305 709 1336 754; x_wconf 90' lang='lat' dir='ltr'><strong>et</strong></span> <span class='ocrx_word' id='word_1_43' title='bbox 1349 701 1393 755; x_wconf 86' lang='lat' dir='ltr'><strong>Jo.</strong></span> <span class='ocrx_word' id='word_1_44' title='bbox 1407 700 1501 770; x_wconf 90' lang='lat' dir='ltr'><strong>Bapt.</strong></span> <span class='ocrx_word' id='word_1_45' title='bbox 1517 701 1698 754; x_wconf 73' lang='lat' dir='ltr'><strong>Benedictus</strong></span> 
     </span>
     <span class='ocr_line' id='line_1_6' title="bbox 348 780 1698 852; baseline -0.001 -17"><span class='ocrx_word' id='word_1_46' title='bbox 348 781 460 836; x_wconf 89' lang='lat' dir='ltr'><strong>Clarius</strong></span> <span class='ocrx_word' id='word_1_47' title='bbox 482 780 553 834; x_wconf 91' lang='lat' dir='ltr'><strong>enim</strong></span> <span class='ocrx_word' id='word_1_48' title='bbox 574 780 727 834; x_wconf 87' lang='lat' dir='ltr'><strong>Germanus</strong></span> <span class='ocrx_word' id='word_1_49' title='bbox 749 787 800 835; x_wconf 87' lang='lat' dir='ltr'><strong>est.</strong></span> <span class='ocrx_word' id='word_1_50' title='bbox 832 781 942 852; x_wconf 88' lang='lat' dir='ltr'><strong>Belgae</strong></span> <span class='ocrx_word' id='word_1_51' title='bbox 963 800 1027 837; x_wconf 83' lang='lat' dir='ltr'><strong>vero</strong></span> <span class='ocrx_word' id='word_1_52' title='bbox 1048 790 1213 844; x_wconf 88' lang='lat' dir='ltr'><strong>mercantur,</strong></span> <span class='ocrx_word' id='word_1_53' title='bbox 1236 782 1355 852; x_wconf 90' lang='lat' dir='ltr'><strong>antiqua</strong></span> <span class='ocrx_word' id='word_1_54' title='bbox 1372 797 1446 834; x_wconf 82' lang='lat' dir='ltr'><strong>novo</strong></span> <span class='ocrx_word' id='word_1_55' title='bbox 1474 787 1592 834; x_wconf 89' lang='lat' dir='ltr'><strong>ornatu</strong></span> <span class='ocrx_word' id='word_1_56' title='bbox 1622 781 1698 834; x_wconf 78' lang='lat' dir='ltr'><strong>futen</strong></span> 
     </span>
     <span class='ocr_line' id='line_1_7' title="bbox 346 860 1698 934; baseline 0 -19"><span class='ocrx_word' id='word_1_57' title='bbox 346 877 436 930; x_wconf 79' lang='lat' dir='ltr'><strong>parra</strong></span> <span class='ocrx_word' id='word_1_58' title='bbox 455 860 548 914; x_wconf 80' lang='lat' dir='ltr'><strong>venali</strong></span> <span class='ocrx_word' id='word_1_59' title='bbox 569 877 636 912; x_wconf 77' lang='lat' dir='ltr'><strong>voce</strong></span> <span class='ocrx_word' id='word_1_60' title='bbox 663 860 819 924; x_wconf 87' lang='lat' dir='ltr'><strong>extollunt,</strong></span> <span class='ocrx_word' id='word_1_61' title='bbox 846 861 961 932; x_wconf 89' lang='lat' dir='ltr'><strong>denique</strong></span> <span class='ocrx_word' id='word_1_62' title='bbox 982 861 1086 916; x_wconf 85' lang='lat' dir='ltr'><strong>chartis</strong></span> <span class='ocrx_word' id='word_1_63' title='bbox 1114 862 1312 934; x_wconf 73' lang='lat' dir='ltr'><strong>geographicis</strong></span> <span class='ocrx_word' id='word_1_64' title='bbox 1334 861 1466 922; x_wconf 88' lang='lat' dir='ltr'><strong>clarent,</strong></span> <span class='ocrx_word' id='word_1_65' title='bbox 1490 860 1523 914; x_wconf 90' lang='lat' dir='ltr'><strong>iu</strong></span> <span class='ocrx_word' id='word_1_66' title='bbox 1547 865 1698 915; x_wconf 62' lang='lat' dir='ltr'><strong>nannoni</strong></span> 
     </span>
     <span class='ocr_line' id='line_1_8' title="bbox 345 941 1698 1014; baseline 0.001 -20"><span class='ocrx_word' id='word_1_67' title='bbox 345 958 443 1011; x_wconf 89' lang='lat' dir='ltr'><strong>parum</strong></span> <span class='ocrx_word' id='word_1_68' title='bbox 464 941 553 996; x_wconf 90' lang='lat' dir='ltr'><strong>solidi.</strong></span> <span class='ocrx_word' id='word_1_69' title='bbox 595 941 692 1010; x_wconf 89' lang='lat' dir='ltr'><strong>ltaque</strong></span> <span class='ocrx_word' id='word_1_70' title='bbox 714 949 860 1010; x_wconf 90' lang='lat' dir='ltr'><strong>perspecto</strong></span> <span class='ocrx_word' id='word_1_71' title='bbox 882 941 993 1014; x_wconf 86' lang='lat' dir='ltr'><strong>ingenio</strong></span> <span class='ocrx_word' id='word_1_72' title='bbox 1014 951 1062 996; x_wconf 92' lang='lat' dir='ltr'><strong>tuo</strong></span> <span class='ocrx_word' id='word_1_73' title='bbox 1085 941 1160 1008; x_wconf 87' lang='lat' dir='ltr'><strong>(nam</strong></span> <span class='ocrx_word' id='word_1_74' title='bbox 1179 944 1259 996; x_wconf 87' lang='lat' dir='ltr'><strong>tidem</strong></span> <span class='ocrx_word' id='word_1_75' title='bbox 1280 941 1470 1011; x_wconf 85' lang='lat' dir='ltr'><strong>praefationis</strong></span> <span class='ocrx_word' id='word_1_76' title='bbox 1498 949 1578 996; x_wconf 82' lang='lat' dir='ltr'><strong>tuae</strong></span> <span class='ocrx_word' id='word_1_77' title='bbox 1603 960 1698 995; x_wconf 74' lang='lat' dir='ltr'><strong>seeum</strong></span> 
     </span>
     <span class='ocr_line' id='line_1_9' title="bbox 346 1021 1698 1094; baseline 0.001 -19"><span class='ocrx_word' id='word_1_78' title='bbox 346 1023 450 1076; x_wconf 89' lang='lat' dir='ltr'><strong>Theses</strong></span> <span class='ocrx_word' id='word_1_79' title='bbox 472 1029 500 1074; x_wconf 90' lang='lat' dir='ltr'><strong>te</strong></span> <span class='ocrx_word' id='word_1_80' title='bbox 521 1021 594 1074; x_wconf 84' lang='lat' dir='ltr'><strong>inter</strong></span> <span class='ocrx_word' id='word_1_81' title='bbox 614 1028 645 1074; x_wconf 87' lang='lat' dir='ltr'><strong>et</strong></span> <span class='ocrx_word' id='word_1_82' title='bbox 664 1021 844 1076; x_wconf 87' lang='lat' dir='ltr'><strong>Maestlinum</strong></span> <span class='ocrx_word' id='word_1_83' title='bbox 864 1041 901 1076; x_wconf 87' lang='lat' dir='ltr'><strong>ex</strong></span> <span class='ocrx_word' id='word_1_84' title='bbox 922 1039 1011 1094; x_wconf 91' lang='lat' dir='ltr'><strong>aequo</strong></span> <span class='ocrx_word' id='word_1_85' title='bbox 1031 1022 1150 1092; x_wconf 87' lang='lat' dir='ltr'><strong>partior)</strong></span> <span class='ocrx_word' id='word_1_86' title='bbox 1171 1024 1251 1092; x_wconf 90' lang='lat' dir='ltr'><strong>cupio</strong></span> <span class='ocrx_word' id='word_1_87' title='bbox 1273 1031 1325 1076; x_wconf 90' lang='lat' dir='ltr'><strong>tua</strong></span> <span class='ocrx_word' id='word_1_88' title='bbox 1351 1021 1561 1076; x_wconf 68' lang='lat' dir='ltr'><strong>familiaritate</strong></span> <span class='ocrx_word' id='word_1_89' title='bbox 1587 1024 1644 1076; x_wconf 74' lang='lat' dir='ltr'><strong>ut&#39;a</strong></span> <span class='ocrx_word' id='word_1_90' title='bbox 1682 1031 1698 1076; x_wconf 75' lang='lat' dir='ltr'><strong>l</strong></span> 
     </span>
     <span class='ocr_line' id='line_1_10' title="bbox 345 1101 1698 1174; baseline 0.001 -19"><span class='ocrx_word' id='word_1_91' title='bbox 345 1103 369 1156; x_wconf 89' lang='lat' dir='ltr'><strong>si</strong></span> <span class='ocrx_word' id='word_1_92' title='bbox 389 1101 455 1156; x_wconf 91' lang='lat' dir='ltr'><strong>mihi</strong></span> <span class='ocrx_word' id='word_1_93' title='bbox 469 1101 538 1154; x_wconf 89' lang='lat' dir='ltr'><strong>satis</strong></span> <span class='ocrx_word' id='word_1_94' title='bbox 560 1108 723 1170; x_wconf 87' lang='lat' dir='ltr'><strong>perspectus</strong></span> <span class='ocrx_word' id='word_1_95' title='bbox 737 1108 782 1155; x_wconf 89' lang='lat' dir='ltr'><strong>est</strong></span> <span class='ocrx_word' id='word_1_96' title='bbox 797 1101 930 1172; x_wconf 82' lang='lat' dir='ltr'><strong>juvenum</strong></span> <span class='ocrx_word' id='word_1_97' title='bbox 945 1105 1035 1167; x_wconf 88' lang='lat' dir='ltr'><strong>ardor,</strong></span> <span class='ocrx_word' id='word_1_98' title='bbox 1057 1121 1111 1158; x_wconf 91' lang='lat' dir='ltr'><strong>non</strong></span> <span class='ocrx_word' id='word_1_99' title='bbox 1125 1104 1183 1158; x_wconf 86' lang='lat' dir='ltr'><strong>alia</strong></span> <span class='ocrx_word' id='word_1_100' title='bbox 1196 1103 1247 1158; x_wconf 93' lang='lat' dir='ltr'><strong>tibi</strong></span> <span class='ocrx_word' id='word_1_101' title='bbox 1268 1113 1337 1155; x_wconf 84' lang='lat' dir='ltr'><strong>vota</strong></span> <span class='ocrx_word' id='word_1_102' title='bbox 1350 1119 1412 1155; x_wconf 88' lang='lat' dir='ltr'><strong>esse</strong></span> <span class='ocrx_word' id='word_1_103' title='bbox 1428 1109 1524 1171; x_wconf 88' lang='lat' dir='ltr'><strong>puto:</strong></span> <span class='ocrx_word' id='word_1_104' title='bbox 1550 1105 1591 1156; x_wconf 89' lang='lat' dir='ltr'><strong>de</strong></span> <span class='ocrx_word' id='word_1_105' title='bbox 1608 1113 1698 1174; x_wconf 77' lang='lat' dir='ltr'><strong>parent</strong></span> 
     </span>
     <span class='ocr_line' id='line_1_11' title="bbox 344 1179 1364 1260; baseline 0.001 -24"><span class='ocrx_word' id='word_1_106' title='bbox 344 1183 447 1254; x_wconf 86' lang='lat' dir='ltr'><strong>agitur.</strong></span> <span class='ocrx_word' id='word_1_107' title='bbox 489 1183 531 1234; x_wconf 83' lang='lat' dir='ltr'><strong>Ad</strong></span> <span class='ocrx_word' id='word_1_108' title='bbox 552 1183 626 1236; x_wconf 88' lang='lat' dir='ltr'><strong>hunc</strong></span> <span class='ocrx_word' id='word_1_109' title='bbox 646 1179 732 1252; x_wconf 88' lang='lat' dir='ltr'><strong>igitur</strong></span> <span class='ocrx_word' id='word_1_110' title='bbox 753 1183 849 1252; x_wconf 84' lang='lat' dir='ltr'><strong>scripsi</strong></span> <span class='ocrx_word' id='word_1_111' title='bbox 870 1183 1014 1260; x_wconf 81' lang='lat' dir='ltr'><strong>prolixius.</strong></span> <span class='ocrx_word' id='word_1_112' title='bbox 1361 1207 1364 1212; x_wconf 92' lang='lat'>·</span> 
     </span>
    </p>

    <p class='ocr_par' dir='ltr' id='par_1_3' title="bbox 343 1262 1698 1412">
     <span class='ocr_line' id='line_1_12' title="bbox 422 1262 1698 1336; baseline 0.002 -20"><span class='ocrx_word' id='word_1_113' title='bbox 422 1263 501 1316; x_wconf 86' lang='lat' dir='ltr'><strong>Nunc</strong></span> <span class='ocrx_word' id='word_1_114' title='bbox 523 1264 557 1316; x_wconf 91' lang='lat' dir='ltr'><strong>ad</strong></span> <span class='ocrx_word' id='word_1_115' title='bbox 580 1263 699 1324; x_wconf 83' lang='lat' dir='ltr'><strong>Thesea,</strong></span> <span class='ocrx_word' id='word_1_116' title='bbox 720 1279 771 1332; x_wconf 92' lang='lat' dir='ltr'><strong>pro</strong></span> <span class='ocrx_word' id='word_1_117' title='bbox 793 1263 890 1333; x_wconf 90' lang='lat' dir='ltr'><strong>quibus</strong></span> <span class='ocrx_word' id='word_1_118' title='bbox 912 1263 989 1317; x_wconf 92' lang='lat' dir='ltr'><strong>initio</strong></span> <span class='ocrx_word' id='word_1_119' title='bbox 1015 1263 1124 1336; x_wconf 88' lang='lat' dir='ltr'><strong>gratias</strong></span> <span class='ocrx_word' id='word_1_120' title='bbox 1146 1279 1200 1335; x_wconf 90' lang='lat' dir='ltr'><strong>ago</strong></span> <span class='ocrx_word' id='word_1_121' title='bbox 1228 1263 1405 1334; x_wconf 80' lang='lat' dir='ltr'><strong>vicissimque</strong></span> <span class='ocrx_word' id='word_1_122' title='bbox 1428 1262 1482 1316; x_wconf 91' lang='lat' dir='ltr'><strong>tibi</strong></span> <span class='ocrx_word' id='word_1_123' title='bbox 1507 1269 1544 1316; x_wconf 91' lang='lat' dir='ltr'><strong>et</strong></span> <span class='ocrx_word' id='word_1_124' title='bbox 1566 1263 1698 1318; x_wconf 67' lang='lat' dir='ltr'><strong>Maestlu</strong></span> 
     </span>
     <span class='ocr_line' id='line_1_13' title="bbox 343 1342 1168 1412; baseline 0.001 -14"><span class='ocrx_word' id='word_1_125' title='bbox 343 1343 517 1412; x_wconf 86' lang='lat' dir='ltr'><strong>exemplaria</strong></span> <span class='ocrx_word' id='word_1_126' title='bbox 537 1343 617 1397; x_wconf 88' lang='lat' dir='ltr'><strong>mitto</strong></span> <span class='ocrx_word' id='word_1_127' title='bbox 638 1342 744 1396; x_wconf 78' lang='lat' dir='ltr'><strong>Stellae</strong></span> <span class='ocrx_word' id='word_1_128' title='bbox 765 1360 854 1398; x_wconf 89' lang='lat' dir='ltr'><strong>norae</strong></span> <span class='ocrx_word' id='word_1_129' title='bbox 876 1350 905 1399; x_wconf 86' lang='lat' dir='ltr'><strong>et</strong></span> <span class='ocrx_word' id='word_1_130' title='bbox 924 1343 1036 1398; x_wconf 89' lang='lat' dir='ltr'><strong>Natalis</strong></span> <span class='ocrx_word' id='word_1_131' title='bbox 1057 1344 1168 1399; x_wconf 88' lang='lat' dir='ltr'><strong>Christi.</strong></span> 
     </span>
    </p>

    <p class='ocr_par' dir='ltr' id='par_1_4' title="bbox 342 1423 1698 1800">
     <span class='ocr_line' id='line_1_14' title="bbox 433 1423 1698 1496; baseline 0.002 -20"><span class='ocrx_word' id='word_1_132' title='bbox 433 1425 511 1486; x_wconf 85' lang='lat' dir='ltr'><strong>Quae</strong></span> <span class='ocrx_word' id='word_1_133' title='bbox 533 1425 566 1476; x_wconf 88' lang='lat' dir='ltr'><strong>de</strong></span> <span class='ocrx_word' id='word_1_134' title='bbox 587 1424 673 1476; x_wconf 88' lang='lat' dir='ltr'><strong>stella</strong></span> <span class='ocrx_word' id='word_1_135' title='bbox 692 1423 798 1492; x_wconf 85' lang='lat' dir='ltr'><strong>scripsi,</strong></span> <span class='ocrx_word' id='word_1_136' title='bbox 819 1423 1026 1493; x_wconf 75' lang='lat' dir='ltr'><strong>particulariter</strong></span> <span class='ocrx_word' id='word_1_137' title='bbox 1048 1425 1099 1479; x_wconf 86' lang='lat' dir='ltr'><strong>abs</strong></span> <span class='ocrx_word' id='word_1_138' title='bbox 1120 1433 1148 1478; x_wconf 87' lang='lat' dir='ltr'><strong>te</strong></span> <span class='ocrx_word' id='word_1_139' title='bbox 1169 1423 1226 1496; x_wconf 89' lang='lat' dir='ltr'><strong>legi</strong></span> <span class='ocrx_word' id='word_1_140' title='bbox 1248 1432 1279 1478; x_wconf 90' lang='lat' dir='ltr'><strong>et</strong></span> <span class='ocrx_word' id='word_1_141' title='bbox 1293 1425 1400 1496; x_wconf 89' lang='lat' dir='ltr'><strong>aliquid</strong></span> <span class='ocrx_word' id='word_1_142' title='bbox 1422 1424 1549 1494; x_wconf 91' lang='lat' dir='ltr'><strong>opponi,</strong></span> <span class='ocrx_word' id='word_1_143' title='bbox 1573 1425 1627 1478; x_wconf 79' lang='lat' dir='ltr'><strong>rel</strong></span> <span class='ocrx_word' id='word_1_144' title='bbox 1649 1443 1698 1478; x_wconf 83' lang='lat' dir='ltr'><strong>een</strong></span> 
     </span>
     <span class='ocr_line' id='line_1_15' title="bbox 343 1503 1698 1576; baseline 0.001 -19"><span class='ocrx_word' id='word_1_145' title='bbox 343 1505 461 1558; x_wconf 86' lang='lat' dir='ltr'><strong>conferri</strong></span> <span class='ocrx_word' id='word_1_146' title='bbox 488 1511 592 1572; x_wconf 85' lang='lat' dir='ltr'><strong>expeto</strong></span> <span class='ocrx_word' id='word_1_147' title='bbox 617 1520 668 1573; x_wconf 89' lang='lat' dir='ltr'><strong>per</strong></span> <span class='ocrx_word' id='word_1_148' title='bbox 697 1503 823 1574; x_wconf 87' lang='lat' dir='ltr'><strong>singulas</strong></span> <span class='ocrx_word' id='word_1_149' title='bbox 847 1505 981 1576; x_wconf 86' lang='lat' dir='ltr'><strong>paginas.</strong></span> <span class='ocrx_word' id='word_1_150' title='bbox 1021 1506 1065 1560; x_wconf 89' lang='lat' dir='ltr'><strong>De</strong></span> <span class='ocrx_word' id='word_1_151' title='bbox 1085 1505 1181 1559; x_wconf 83' lang='lat' dir='ltr'><strong>Natali</strong></span> <span class='ocrx_word' id='word_1_152' title='bbox 1203 1505 1306 1560; x_wconf 84' lang='lat' dir='ltr'><strong>Christi</strong></span> <span class='ocrx_word' id='word_1_153' title='bbox 1336 1523 1441 1575; x_wconf 89' lang='lat' dir='ltr'><strong>parens</strong></span> <span class='ocrx_word' id='word_1_154' title='bbox 1477 1511 1553 1558; x_wconf 89' lang='lat' dir='ltr'><strong>tuus</strong></span> <span class='ocrx_word' id='word_1_155' title='bbox 1587 1507 1698 1558; x_wconf 71' lang='lat' dir='ltr'><strong>resena</strong></span> 
     </span>
     <span class='ocr_line' id='line_1_16' title="bbox 343 1581 1698 1656; baseline 0 -18"><span class='ocrx_word' id='word_1_156' title='bbox 343 1586 406 1655; x_wconf 90' lang='lat' dir='ltr'><strong>quid</strong></span> <span class='ocrx_word' id='word_1_157' title='bbox 435 1581 580 1645; x_wconf 83' lang='lat' dir='ltr'><strong>rideatur;</strong></span> <span class='ocrx_word' id='word_1_158' title='bbox 611 1583 776 1638; x_wconf 78' lang='lat' dir='ltr'><strong>licestlinus</strong></span> <span class='ocrx_word' id='word_1_159' title='bbox 798 1586 831 1638; x_wconf 88' lang='lat' dir='ltr'><strong>de</strong></span> <span class='ocrx_word' id='word_1_160' title='bbox 860 1593 977 1656; x_wconf 87' lang='lat' dir='ltr'><strong>utroque</strong></span> <span class='ocrx_word' id='word_1_161' title='bbox 998 1585 1021 1638; x_wconf 88' lang='lat' dir='ltr'><strong>si</strong></span> <span class='ocrx_word' id='word_1_162' title='bbox 1048 1585 1168 1640; x_wconf 85' lang='lat' dir='ltr'><strong>vacabit.</strong></span> <span class='ocrx_word' id='word_1_163' title='bbox 1209 1587 1394 1656; x_wconf 83' lang='lat' dir='ltr'><strong>Exemplaria</strong></span> <span class='ocrx_word' id='word_1_164' title='bbox 1424 1603 1497 1640; x_wconf 82' lang='lat' dir='ltr'><strong>vero</strong></span> <span class='ocrx_word' id='word_1_165' title='bbox 1522 1587 1698 1640; x_wconf 70' lang='lat' dir='ltr'><strong>frankofmr</strong></span> 
     </span>
     <span class='ocr_line' id='line_1_17' title="bbox 344 1665 1698 1738; baseline 0.001 -20"><span class='ocrx_word' id='word_1_166' title='bbox 344 1672 408 1719; x_wconf 89' lang='lat' dir='ltr'><strong>sunt</strong></span> <span class='ocrx_word' id='word_1_167' title='bbox 429 1667 620 1734; x_wconf 84' lang='lat' dir='ltr'><strong>exspectanda</strong></span> <span class='ocrx_word' id='word_1_168' title='bbox 640 1682 659 1718; x_wconf 90' lang='lat' dir='ltr'><strong>a</strong></span> <span class='ocrx_word' id='word_1_169' title='bbox 680 1665 795 1718; x_wconf 90' lang='lat' dir='ltr'><strong>Claudio</strong></span> <span class='ocrx_word' id='word_1_170' title='bbox 815 1666 944 1729; x_wconf 84' lang='lat' dir='ltr'><strong>Marneo,</strong></span> <span class='ocrx_word' id='word_1_171' title='bbox 965 1681 1029 1720; x_wconf 88' lang='lat' dir='ltr'><strong>nam</strong></span> <span class='ocrx_word' id='word_1_172' title='bbox 1052 1673 1160 1734; x_wconf 88' lang='lat' dir='ltr'><strong>postam</strong></span> <span class='ocrx_word' id='word_1_173' title='bbox 1186 1683 1239 1720; x_wconf 92' lang='lat' dir='ltr'><strong>non</strong></span> <span class='ocrx_word' id='word_1_174' title='bbox 1270 1683 1385 1736; x_wconf 88' lang='lat' dir='ltr'><strong>possum</strong></span> <span class='ocrx_word' id='word_1_175' title='bbox 1417 1683 1565 1730; x_wconf 77' lang='lat' dir='ltr'><strong>enema,</strong></span> <span class='ocrx_word' id='word_1_176' title='bbox 1600 1669 1698 1738; x_wconf 77' lang='lat' dir='ltr'><strong>pagina</strong></span> 
     </span>
     <span class='ocr_line' id='line_1_18' title="bbox 342 1744 474 1800; baseline 0.008 -2"><span class='ocrx_word' id='word_1_177' title='bbox 342 1753 407 1799; x_wconf 90' lang='lat' dir='ltr'><strong>sunt</strong></span> <span class='ocrx_word' id='word_1_178' title='bbox 428 1744 474 1800; x_wconf 89' lang='grc'><strong>33.</strong></span> 
     </span>
    </p>

    <p class='ocr_par' dir='ltr' id='par_1_5' title="bbox 341 1821 1698 2056">
     <span class='ocr_line' id='line_1_19' title="bbox 428 1821 1698 1895; baseline -0.002 -15"><span class='ocrx_word' id='word_1_179' title='bbox 428 1821 535 1880; x_wconf 85' lang='lat' dir='ltr'><strong>Deinde</strong></span> <span class='ocrx_word' id='word_1_180' title='bbox 564 1824 674 1895; x_wconf 85' lang='lat' dir='ltr'><strong>gratias</strong></span> <span class='ocrx_word' id='word_1_181' title='bbox 696 1841 750 1895; x_wconf 90' lang='lat' dir='ltr'><strong>ago</strong></span> <span class='ocrx_word' id='word_1_182' title='bbox 781 1824 924 1879; x_wconf 79' lang='lat' dir='ltr'><strong>mentionis</strong></span> <span class='ocrx_word' id='word_1_183' title='bbox 954 1825 1136 1886; x_wconf 84' lang='lat' dir='ltr'><strong>honorificae;</strong></span> <span class='ocrx_word' id='word_1_184' title='bbox 1165 1826 1218 1879; x_wconf 88' lang='lat' dir='ltr'><strong>etsi</strong></span> <span class='ocrx_word' id='word_1_185' title='bbox 1244 1843 1300 1880; x_wconf 89' lang='lat' dir='ltr'><strong>non</strong></span> <span class='ocrx_word' id='word_1_186' title='bbox 1328 1827 1384 1880; x_wconf 88' lang='lat' dir='ltr'><strong>fuit</strong></span> <span class='ocrx_word' id='word_1_187' title='bbox 1406 1843 1458 1880; x_wconf 86' lang='lat' dir='ltr'><strong>cur</strong></span> <span class='ocrx_word' id='word_1_188' title='bbox 1490 1843 1605 1880; x_wconf 88' lang='lat' dir='ltr'><strong>nomeu</strong></span> <span class='ocrx_word' id='word_1_189' title='bbox 1627 1845 1698 1879; x_wconf 82' lang='lat' dir='ltr'><strong>meu:</strong></span> 
     </span>
     <span class='ocr_line' id='line_1_20' title="bbox 341 1904 1698 1978; baseline -0.003 -18"><span class='ocrx_word' id='word_1_190' title='bbox 341 1906 448 1976; x_wconf 89' lang='lat' dir='ltr'><strong>quoties</strong></span> <span class='ocrx_word' id='word_1_191' title='bbox 479 1911 577 1958; x_wconf 86' lang='lat' dir='ltr'><strong>contra</strong></span> <span class='ocrx_word' id='word_1_192' title='bbox 606 1904 708 1976; x_wconf 91' lang='lat' dir='ltr'><strong>aliquid</strong></span> <span class='ocrx_word' id='word_1_193' title='bbox 736 1905 870 1974; x_wconf 88' lang='lat' dir='ltr'><strong>disputas,</strong></span> <span class='ocrx_word' id='word_1_194' title='bbox 892 1906 1085 1976; x_wconf 89' lang='lat' dir='ltr'><strong>supprimeres.</strong></span> <span class='ocrx_word' id='word_1_195' title='bbox 1126 1905 1224 1960; x_wconf 79' lang='lat' dir='ltr'><strong>Mirum</strong></span> <span class='ocrx_word' id='word_1_196' title='bbox 1254 1913 1391 1978; x_wconf 89' lang='lat' dir='ltr'><strong>quautam</strong></span> <span class='ocrx_word' id='word_1_197' title='bbox 1422 1923 1461 1961; x_wconf 90' lang='lat' dir='ltr'><strong>ea</strong></span> <span class='ocrx_word' id='word_1_198' title='bbox 1483 1924 1535 1961; x_wconf 89' lang='lat' dir='ltr'><strong>res</strong></span> <span class='ocrx_word' id='word_1_199' title='bbox 1569 1907 1641 1960; x_wconf 89' lang='lat' dir='ltr'><strong>mihi</strong></span> <span class='ocrx_word' id='word_1_200' title='bbox 1660 1926 1698 1958; x_wconf 66' lang='lat' dir='ltr'><strong>ece</strong></span> 
     </span>
     <span class='ocr_line' id='line_1_21' title="bbox 341 1984 1684 2056; baseline 0.001 -16"><span class='ocrx_word' id='word_1_201' title='bbox 341 1987 475 2040; x_wconf 88' lang='lat' dir='ltr'><strong>fusionem</strong></span> <span class='ocrx_word' id='word_1_202' title='bbox 495 1984 589 2054; x_wconf 89' lang='lat' dir='ltr'><strong>pariat</strong></span> <span class='ocrx_word' id='word_1_203' title='bbox 608 1985 636 2038; x_wconf 93' lang='lat' dir='ltr'><strong>in</strong></span> <span class='ocrx_word' id='word_1_204' title='bbox 651 1985 801 2056; x_wconf 73' lang='lat' dir='ltr'><strong>scaligero.</strong></span> <span class='ocrx_word' id='word_1_205' title='bbox 829 1985 871 2038; x_wconf 92' lang='lat' dir='ltr'><strong>De</strong></span> <span class='ocrx_word' id='word_1_206' title='bbox 885 1985 1021 2040; x_wconf 86' lang='lat' dir='ltr'><strong>Mercurio</strong></span> <span class='ocrx_word' id='word_1_207' title='bbox 1042 1987 1092 2040; x_wconf 92' lang='lat' dir='ltr'><strong>sub</strong></span> <span class='ocrx_word' id='word_1_208' title='bbox 1107 1986 1171 2040; x_wconf 89' lang='lat' dir='ltr'><strong>Sole</strong></span> <span class='ocrx_word' id='word_1_209' title='bbox 1186 2005 1239 2041; x_wconf 92' lang='lat' dir='ltr'><strong>non</strong></span> <span class='ocrx_word' id='word_1_210' title='bbox 1259 1989 1418 2056; x_wconf 83' lang='lat' dir='ltr'><strong>persuades</strong></span> <span class='ocrx_word' id='word_1_211' title='bbox 1435 1986 1489 2042; x_wconf 77' lang='lat' dir='ltr'><strong>dcc.</strong></span> <span class='ocrx_word' id='word_1_212' title='bbox 1510 1993 1581 2054; x_wconf 74' lang='lat' dir='ltr'><strong>(via</strong></span> <span class='ocrx_word' id='word_1_213' title='bbox 1605 2003 1684 2044; x_wconf 78' lang='lat' dir='ltr'><strong>sexus</strong></span> 
     </span>
    </p>

    <p class='ocr_par' dir='ltr' id='par_1_6' title="bbox 427 2065 1692 2140">
     <span class='ocr_line' id='line_1_22' title="bbox 427 2065 1692 2140; baseline 0 -20"><span class='ocrx_word' id='word_1_214' title='bbox 427 2067 506 2120; x_wconf 89' lang='lat' dir='ltr'><strong>Nunc</strong></span> <span class='ocrx_word' id='word_1_215' title='bbox 527 2073 557 2118; x_wconf 88' lang='lat' dir='ltr'><strong>et</strong></span> <span class='ocrx_word' id='word_1_216' title='bbox 577 2082 713 2134; x_wconf 84' lang='lat' dir='ltr'><strong>opponam</strong></span> <span class='ocrx_word' id='word_1_217' title='bbox 735 2065 846 2137; x_wconf 85' lang='lat' dir='ltr'><strong>aliqua,</strong></span> <span class='ocrx_word' id='word_1_218' title='bbox 876 2083 930 2120; x_wconf 91' lang='lat' dir='ltr'><strong>non</strong></span> <span class='ocrx_word' id='word_1_219' title='bbox 961 2067 1131 2136; x_wconf 83' lang='lat' dir='ltr'><strong>argumentis</strong></span> <span class='ocrx_word' id='word_1_220' title='bbox 1153 2068 1201 2120; x_wconf 89' lang='lat' dir='ltr'><strong>sed</strong></span> <span class='ocrx_word' id='word_1_221' title='bbox 1222 2067 1369 2133; x_wconf 73' lang='lat' dir='ltr'><strong>thesibus,</strong></span> <span class='ocrx_word' id='word_1_222' title='bbox 1401 2077 1437 2121; x_wconf 90' lang='lat' dir='ltr'><strong>ut</strong></span> <span class='ocrx_word' id='word_1_223' title='bbox 1459 2069 1583 2123; x_wconf 83' lang='lat' dir='ltr'><strong>habeas</strong></span> <span class='ocrx_word' id='word_1_224' title='bbox 1602 2067 1692 2140; x_wconf 60' lang='grc' dir='ltr'><strong>’ἔνεπε</strong></span> 
     </span>
    </p>
   </div>
   <div class='ocr_carea' id='block_1_3' title="bbox 253 2146 726 2202">
    <p class='ocr_par' dir='ltr' id='par_1_7' title="bbox 253 2146 726 2202">
     <span class='ocr_line' id='line_1_23' title="bbox 253 2146 726 2202; baseline -0.004 0"><span class='ocrx_word' id='word_1_225' title='bbox 253 2191 255 2196; x_wconf 95' lang='grc'>.</span> <span class='ocrx_word' id='word_1_226' title='bbox 339 2147 509 2202; x_wconf 87' lang='lat' dir='ltr'><strong>renascentis</strong></span> <span class='ocrx_word' id='word_1_227' title='bbox 531 2146 726 2200; x_wconf 83' lang='lat' dir='ltr'><strong>astronomiae.</strong></span> 
     </span>
    </p>
   </div>
   <div class='ocr_carea' id='block_1_4' title="bbox 338 2227 1692 2371">
    <p class='ocr_par' dir='ltr' id='par_1_8' title="bbox 338 2227 1692 2371">
     <span class='ocr_line' id='line_1_24' title="bbox 428 2227 1692 2300; baseline 0 -20"><span class='ocrx_word' id='word_1_228' title='bbox 428 2229 555 2281; x_wconf 85' lang='lat' dir='ltr'><strong>Contra</strong></span> <span class='ocrx_word' id='word_1_229' title='bbox 575 2227 705 2280; x_wconf 88' lang='lat' dir='ltr'><strong>Thesin</strong></span> <span class='ocrx_word' id='word_1_230' title='bbox 726 2227 759 2280; x_wconf 90' lang='grc' dir='ltr'><strong>ΙΙ,</strong></span> <span class='ocrx_word' id='word_1_231' title='bbox 806 2231 917 2294; x_wconf 46' lang='grc' dir='ltr'><strong>(ῃΜοιεε</strong></span> <span class='ocrx_word' id='word_1_232' title='bbox 943 2229 1071 2298; x_wconf 79' lang='lat' dir='ltr'><strong>corporum</strong></span> <span class='ocrx_word' id='word_1_233' title='bbox 1099 2235 1241 2284; x_wconf 86' lang='lat' dir='ltr'><strong>coelestium</strong></span> <span class='ocrx_word' id='word_1_234' title='bbox 1274 2233 1408 2298; x_wconf 77' lang='lat' dir='ltr'><strong>regulares</strong></span> <span class='ocrx_word' id='word_1_235' title='bbox 1438 2242 1468 2284; x_wconf 86' lang='lat' dir='ltr'><strong>ct</strong></span> <span class='ocrx_word' id='word_1_236' title='bbox 1500 2236 1632 2300; x_wconf 78' lang='lat' dir='ltr'><strong>aequales</strong></span> <span class='ocrx_word' id='word_1_237' title='bbox 1655 2251 1692 2283; x_wconf 60' lang='lat' dir='ltr'><strong>sse</strong></span> 
     </span>
     <span class='ocr_line' id='line_1_25' title="bbox 338 2303 1077 2371; baseline -0.005 -15"><span class='ocrx_word' id='word_1_238' title='bbox 338 2306 432 2371; x_wconf 83' lang='lat' dir='ltr'><strong>physici</strong></span> <span class='ocrx_word' id='word_1_239' title='bbox 451 2321 481 2354; x_wconf 84' lang='lat' dir='ltr'><strong>ax</strong></span> <span class='ocrx_word' id='word_1_240' title='bbox 501 2319 584 2354; x_wconf 89' lang='lat' dir='ltr'><strong>eorum</strong></span> <span class='ocrx_word' id='word_1_241' title='bbox 603 2309 694 2354; x_wconf 88' lang='lat' dir='ltr'><strong>natura</strong></span> <span class='ocrx_word' id='word_1_242' title='bbox 712 2311 737 2353; x_wconf 89' lang='lat' dir='ltr'><strong>et</strong></span> <span class='ocrx_word' id='word_1_243' title='bbox 755 2305 905 2368; x_wconf 88' lang='lat' dir='ltr'><strong>perfectione</strong></span> <span class='ocrx_word' id='word_1_244' title='bbox 924 2303 1077 2365; x_wconf 78' lang='lat' dir='ltr'><strong>evincunt“)</strong></span> 
     </span>
    </p>
   </div>
   <div class='ocr_carea' id='block_1_5' title="bbox 328 2379 1698 4702">
    <p class='ocr_par' dir='ltr' id='par_1_9' title="bbox 328 2379 1698 4702">
     <span class='ocr_line' id='line_1_26' title="bbox 425 2379 1690 2452; baseline 0.002 -20"><span class='ocrx_word' id='word_1_245' title='bbox 425 2379 517 2432; x_wconf 85' lang='lat' dir='ltr'><strong>Motus</strong></span> <span class='ocrx_word' id='word_1_246' title='bbox 539 2395 681 2448; x_wconf 90' lang='lat' dir='ltr'><strong>corporum</strong></span> <span class='ocrx_word' id='word_1_247' title='bbox 703 2379 862 2432; x_wconf 87' lang='lat' dir='ltr'><strong>coelestium</strong></span> <span class='ocrx_word' id='word_1_248' title='bbox 883 2380 1028 2449; x_wconf 83' lang='lat' dir='ltr'><strong>regulares</strong></span> <span class='ocrx_word' id='word_1_249' title='bbox 1050 2396 1112 2432; x_wconf 90' lang='lat' dir='ltr'><strong>esse</strong></span> <span class='ocrx_word' id='word_1_250' title='bbox 1133 2395 1245 2432; x_wconf 88' lang='lat' dir='ltr'><strong>necesse</strong></span> <span class='ocrx_word' id='word_1_251' title='bbox 1266 2385 1327 2441; x_wconf 87' lang='lat' dir='ltr'><strong>est,</strong></span> <span class='ocrx_word' id='word_1_252' title='bbox 1356 2395 1427 2433; x_wconf 85' lang='lat' dir='ltr'><strong>nam</strong></span> <span class='ocrx_word' id='word_1_253' title='bbox 1458 2381 1618 2452; x_wconf 86' lang='lat' dir='ltr'><strong>ceteroqui</strong></span> <span class='ocrx_word' id='word_1_254' title='bbox 1636 2397 1690 2450; x_wconf 67' lang='lat' dir='ltr'><strong>pne</strong></span> 
     </span>
     <span class='ocr_line' id='line_1_27' title="bbox 337 2459 1688 2532; baseline -0.001 -18"><span class='ocrx_word' id='word_1_255' title='bbox 337 2461 388 2514; x_wconf 91' lang='lat' dir='ltr'><strong>dici</strong></span> <span class='ocrx_word' id='word_1_256' title='bbox 409 2477 463 2514; x_wconf 90' lang='lat' dir='ltr'><strong>non</strong></span> <span class='ocrx_word' id='word_1_257' title='bbox 485 2465 611 2528; x_wconf 86' lang='lat' dir='ltr'><strong>possent;</strong></span> <span class='ocrx_word' id='word_1_258' title='bbox 634 2459 824 2514; x_wconf 87' lang='lat' dir='ltr'><strong>restitutiones</strong></span> <span class='ocrx_word' id='word_1_259' title='bbox 846 2459 930 2512; x_wconf 86' lang='lat' dir='ltr'><strong>etiam</strong></span> <span class='ocrx_word' id='word_1_260' title='bbox 950 2459 1076 2532; x_wconf 88' lang='lat' dir='ltr'><strong>integras</strong></span> <span class='ocrx_word' id='word_1_261' title='bbox 1098 2461 1132 2513; x_wconf 90' lang='lat' dir='ltr'><strong>ad</strong></span> <span class='ocrx_word' id='word_1_262' title='bbox 1148 2461 1248 2529; x_wconf 86' lang='lat' dir='ltr'><strong>eadem¹</strong></span> <span class='ocrx_word' id='word_1_263' title='bbox 1266 2459 1319 2510; x_wconf 91' lang='lat' dir='ltr'><strong>sub</strong></span> <span class='ocrx_word' id='word_1_264' title='bbox 1342 2459 1410 2513; x_wconf 84' lang='lat' dir='ltr'><strong>fixis</strong></span> <span class='ocrx_word' id='word_1_265' title='bbox 1427 2461 1499 2514; x_wconf 87' lang='lat' dir='ltr'><strong>loca</strong></span> <span class='ocrx_word' id='word_1_266' title='bbox 1520 2463 1574 2515; x_wconf 81' lang='lat' dir='ltr'><strong>vel</strong></span> <span class='ocrx_word' id='word_1_267' title='bbox 1601 2463 1688 2528; x_wconf 60' lang='lat' dir='ltr'><strong>adjus:</strong></span> 
     </span>
     <span class='ocr_line' id='line_1_28' title="bbox 336 2539 1687 2610; baseline -0.002 -16"><span class='ocrx_word' id='word_1_268' title='bbox 336 2557 388 2594; x_wconf 90' lang='lat' dir='ltr'><strong>sua</strong></span> <span class='ocrx_word' id='word_1_269' title='bbox 408 2541 540 2610; x_wconf 85' lang='lat' dir='ltr'><strong>aequales</strong></span> <span class='ocrx_word' id='word_1_270' title='bbox 562 2539 677 2594; x_wconf 84' lang='lat' dir='ltr'><strong>invicem</strong></span> <span class='ocrx_word' id='word_1_271' title='bbox 698 2557 772 2603; x_wconf 90' lang='lat' dir='ltr'><strong>esse,</strong></span> <span class='ocrx_word' id='word_1_272' title='bbox 794 2546 825 2593; x_wconf 91' lang='lat' dir='ltr'><strong>ut</strong></span> <span class='ocrx_word' id='word_1_273' title='bbox 845 2539 995 2597; x_wconf 85' lang='lat' dir='ltr'><strong>astronomi</strong></span> <span class='ocrx_word' id='word_1_274' title='bbox 1021 2547 1171 2608; x_wconf 88' lang='lat' dir='ltr'><strong>posuerunt</strong></span> <span class='ocrx_word' id='word_1_275' title='bbox 1192 2547 1327 2609; x_wconf 90' lang='lat' dir='ltr'><strong>tanquam</strong></span> <span class='ocrx_word' id='word_1_276' title='bbox 1350 2541 1528 2608; x_wconf 86' lang='lat' dir='ltr'><strong>probabile,</strong></span> <span class='ocrx_word' id='word_1_277' title='bbox 1555 2559 1598 2596; x_wconf 82' lang='lat' dir='ltr'><strong>ex</strong></span> <span class='ocrx_word' id='word_1_278' title='bbox 1618 2556 1687 2594; x_wconf 81' lang='lat' dir='ltr'><strong>natm</strong></span> 
     </span>
     <span class='ocr_line' id='line_1_29' title="bbox 336 2619 1682 2692; baseline -0.003 -17"><span class='ocrx_word' id='word_1_279' title='bbox 336 2631 365 2676; x_wconf 86' lang='lat' dir='ltr'><strong>et</strong></span> <span class='ocrx_word' id='word_1_280' title='bbox 386 2621 555 2692; x_wconf 79' lang='lat' dir='ltr'><strong>perfectione</strong></span> <span class='ocrx_word' id='word_1_281' title='bbox 585 2636 678 2674; x_wconf 89' lang='lat' dir='ltr'><strong>eorum</strong></span> <span class='ocrx_word' id='word_1_282' title='bbox 708 2626 948 2691; x_wconf 81' lang='lat' dir='ltr'><strong>argumentantes,</strong></span> <span class='ocrx_word' id='word_1_283' title='bbox 979 2620 1021 2674; x_wconf 89' lang='lat' dir='ltr'><strong>ita</strong></span> <span class='ocrx_word' id='word_1_284' title='bbox 1046 2637 1076 2672; x_wconf 90' lang='lat' dir='ltr'><strong>re</strong></span> <span class='ocrx_word' id='word_1_285' title='bbox 1106 2619 1168 2690; x_wconf 90' lang='lat' dir='ltr'><strong>ipsa</strong></span> <span class='ocrx_word' id='word_1_286' title='bbox 1196 2619 1280 2672; x_wconf 86' lang='lat' dir='ltr'><strong>etiam</strong></span> <span class='ocrx_word' id='word_1_287' title='bbox 1308 2619 1354 2672; x_wconf 91' lang='lat' dir='ltr'><strong>his</strong></span> <span class='ocrx_word' id='word_1_288' title='bbox 1388 2621 1595 2690; x_wconf 87' lang='lat' dir='ltr'><strong>positionibus</strong></span> <span class='ocrx_word' id='word_1_289' title='bbox 1629 2623 1682 2674; x_wconf 76' lang='lat' dir='ltr'><strong>inni</strong></span> 
     </span>
     <span class='ocr_line' id='line_1_30' title="bbox 336 2699 1685 2772; baseline -0.001 -18"><span class='ocrx_word' id='word_1_290' title='bbox 336 2701 456 2772; x_wconf 90' lang='lat' dir='ltr'><strong>quotidie</strong></span> <span class='ocrx_word' id='word_1_291' title='bbox 487 2701 677 2772; x_wconf 85' lang='lat' dir='ltr'><strong>experiuntur.</strong></span> <span class='ocrx_word' id='word_1_292' title='bbox 718 2705 757 2754; x_wconf 89' lang='lat' dir='ltr'><strong>At</strong></span> <span class='ocrx_word' id='word_1_293' title='bbox 781 2701 810 2754; x_wconf 89' lang='lat' dir='ltr'><strong>iu</strong></span> <span class='ocrx_word' id='word_1_294' title='bbox 838 2716 895 2754; x_wconf 91' lang='lat' dir='ltr'><strong>una</strong></span> <span class='ocrx_word' id='word_1_295' title='bbox 922 2701 1098 2753; x_wconf 90' lang='lat' dir='ltr'><strong>restitutione</strong></span> <span class='ocrx_word' id='word_1_296' title='bbox 1129 2717 1179 2769; x_wconf 91' lang='lat' dir='ltr'><strong>per</strong></span> <span class='ocrx_word' id='word_1_297' title='bbox 1208 2706 1304 2768; x_wconf 85' lang='lat' dir='ltr'><strong>partes</strong></span> <span class='ocrx_word' id='word_1_298' title='bbox 1337 2699 1456 2755; x_wconf 87' lang='lat' dir='ltr'><strong>itineris</strong></span> <span class='ocrx_word' id='word_1_299' title='bbox 1485 2719 1520 2755; x_wconf 89' lang='lat' dir='ltr'><strong>re</strong></span> <span class='ocrx_word' id='word_1_300' title='bbox 1555 2720 1627 2756; x_wconf 78' lang='lat' dir='ltr'><strong>sera</strong></span> <span class='ocrx_word' id='word_1_301' title='bbox 1649 2718 1685 2753; x_wconf 72' lang='lat' dir='ltr'><strong>su</strong></span> 
     </span>
     <span class='ocr_line' id='line_1_31' title="bbox 334 2779 1685 2854; baseline 0 -20"><span class='ocrx_word' id='word_1_302' title='bbox 334 2783 558 2854; x_wconf 88' lang='lat' dir='ltr'><strong>inaequales,</strong></span> <span class='ocrx_word' id='word_1_303' title='bbox 581 2781 674 2835; x_wconf 89' lang='lat' dir='ltr'><strong>ordine</strong></span> <span class='ocrx_word' id='word_1_304' title='bbox 695 2787 789 2835; x_wconf 90' lang='lat' dir='ltr'><strong>tamen</strong></span> <span class='ocrx_word' id='word_1_305' title='bbox 811 2787 885 2833; x_wconf 90' lang='lat' dir='ltr'><strong>certo</strong></span> <span class='ocrx_word' id='word_1_306' title='bbox 900 2787 929 2832; x_wconf 90' lang='lat' dir='ltr'><strong>et</strong></span> <span class='ocrx_word' id='word_1_307' title='bbox 942 2779 1076 2851; x_wconf 85' lang='lat' dir='ltr'><strong>regulari,</strong></span> <span class='ocrx_word' id='word_1_308' title='bbox 1100 2788 1216 2850; x_wconf 87' lang='lat' dir='ltr'><strong>suntque</strong></span> <span class='ocrx_word' id='word_1_309' title='bbox 1231 2797 1285 2833; x_wconf 91' lang='lat' dir='ltr'><strong>non</strong></span> <span class='ocrx_word' id='word_1_310' title='bbox 1300 2780 1391 2848; x_wconf 88' lang='lat' dir='ltr'><strong>plura</strong></span> <span class='ocrx_word' id='word_1_311' title='bbox 1408 2798 1501 2851; x_wconf 89' lang='lat' dir='ltr'><strong>quam</strong></span> <span class='ocrx_word' id='word_1_312' title='bbox 1516 2781 1591 2836; x_wconf 91' lang='lat' dir='ltr'><strong>bina</strong></span> <span class='ocrx_word' id='word_1_313' title='bbox 1611 2797 1685 2848; x_wconf 68' lang='lat' dir='ltr'><strong>sempe</strong></span> 
     </span>
     <span class='ocr_line' id='line_1_32' title="bbox 334 2861 1682 2934; baseline 0.001 -19"><span class='ocrx_word' id='word_1_314' title='bbox 334 2871 438 2932; x_wconf 87' lang='lat' dir='ltr'><strong>puncta</strong></span> <span class='ocrx_word' id='word_1_315' title='bbox 459 2862 614 2934; x_wconf 82' lang='lat' dir='ltr'><strong>aequaliter</strong></span> <span class='ocrx_word' id='word_1_316' title='bbox 628 2861 727 2932; x_wconf 89' lang='lat' dir='ltr'><strong>ajugo</strong></span> <span class='ocrx_word' id='word_1_317' title='bbox 748 2862 876 2930; x_wconf 90' lang='lat' dir='ltr'><strong>utrinque</strong></span> <span class='ocrx_word' id='word_1_318' title='bbox 897 2869 1012 2923; x_wconf 89' lang='lat' dir='ltr'><strong>remota,</strong></span> <span class='ocrx_word' id='word_1_319' title='bbox 1034 2861 1173 2930; x_wconf 89' lang='lat' dir='ltr'><strong>inquibus</strong></span> <span class='ocrx_word' id='word_1_320' title='bbox 1195 2868 1284 2913; x_wconf 91' lang='lat' dir='ltr'><strong>motus</strong></span> <span class='ocrx_word' id='word_1_321' title='bbox 1299 2861 1393 2913; x_wconf 74' lang='lat' dir='ltr'><strong>mouri</strong></span> <span class='ocrx_word' id='word_1_322' title='bbox 1417 2869 1583 2932; x_wconf 87' lang='lat' dir='ltr'><strong>aequatur.</strong></span> <span class='ocrx_word' id='word_1_323' title='bbox 1619 2865 1682 2928; x_wconf 71' lang='lat' dir='ltr'><strong>luqs</strong></span> 
     </span>
     <span class='ocr_line' id='line_1_33' title="bbox 333 2935 1682 3013; baseline -0.001 -18"><span class='ocrx_word' id='word_1_324' title='bbox 333 2943 450 2998; x_wconf 87' lang='lat' dir='ltr'><strong>virtutes</strong></span> <span class='ocrx_word' id='word_1_325' title='bbox 472 2945 607 2998; x_wconf 90' lang='lat' dir='ltr'><strong>coelorum</strong></span> <span class='ocrx_word' id='word_1_326' title='bbox 629 2958 682 2994; x_wconf 92' lang='lat' dir='ltr'><strong>non</strong></span> <span class='ocrx_word' id='word_1_327' title='bbox 703 2959 794 2996; x_wconf 90' lang='lat' dir='ltr'><strong>omnes</strong></span> <span class='ocrx_word' id='word_1_328' title='bbox 817 2941 855 3008; x_wconf 91' lang='lat' dir='ltr'><strong>(in</strong></span> <span class='ocrx_word' id='word_1_329' title='bbox 869 2957 925 2994; x_wconf 89' lang='lat' dir='ltr'><strong>una</strong></span> <span class='ocrx_word' id='word_1_330' title='bbox 946 2935 1044 3008; x_wconf 86' lang='lat' dir='ltr'><strong>stella)</strong></span> <span class='ocrx_word' id='word_1_331' title='bbox 1066 2947 1130 2994; x_wconf 87' lang='lat' dir='ltr'><strong>sunt</strong></span> <span class='ocrx_word' id='word_1_332' title='bbox 1150 2939 1383 3008; x_wconf 85' lang='lat' dir='ltr'><strong>simplicissimae,</strong></span> <span class='ocrx_word' id='word_1_333' title='bbox 1410 2945 1465 2996; x_wconf 90' lang='lat' dir='ltr'><strong>sed</strong></span> <span class='ocrx_word' id='word_1_334' title='bbox 1481 2959 1646 3013; x_wconf 76' lang='lat' dir='ltr'><strong>corporeae</strong></span> <span class='ocrx_word' id='word_1_335' title='bbox 1656 2943 1682 2993; x_wconf 70' lang='lat' dir='ltr'><strong>hs</strong></span> 
     </span>
     <span class='ocr_line' id='line_1_34' title="bbox 333 3020 1680 3094; baseline 0.001 -18"><span class='ocrx_word' id='word_1_336' title='bbox 333 3029 377 3076; x_wconf 89' lang='lat' dir='ltr'><strong>est</strong></span> <span class='ocrx_word' id='word_1_337' title='bbox 398 3025 516 3078; x_wconf 79' lang='lat' dir='ltr'><strong>effluxus</strong></span> <span class='ocrx_word' id='word_1_338' title='bbox 538 3021 714 3076; x_wconf 88' lang='lat' dir='ltr'><strong>immateriati</strong></span> <span class='ocrx_word' id='word_1_339' title='bbox 735 3041 771 3077; x_wconf 85' lang='lat' dir='ltr'><strong>ex</strong></span> <span class='ocrx_word' id='word_1_340' title='bbox 786 3035 908 3090; x_wconf 86' lang='lat' dir='ltr'><strong>corpore,</strong></span> <span class='ocrx_word' id='word_1_341' title='bbox 930 3023 1001 3091; x_wconf 90' lang='lat' dir='ltr'><strong>quod</strong></span> <span class='ocrx_word' id='word_1_342' title='bbox 1015 3025 1115 3074; x_wconf 69' lang='lat' dir='ltr'><strong>mamm</strong></span> <span class='ocrx_word' id='word_1_343' title='bbox 1136 3020 1226 3082; x_wconf 86' lang='lat' dir='ltr'><strong>infert,</strong></span> <span class='ocrx_word' id='word_1_344' title='bbox 1249 3021 1296 3089; x_wconf 91' lang='lat' dir='ltr'><strong>qui</strong></span> <span class='ocrx_word' id='word_1_345' title='bbox 1318 3028 1354 3073; x_wconf 93' lang='lat' dir='ltr'><strong>ut</strong></span> <span class='ocrx_word' id='word_1_346' title='bbox 1369 3023 1505 3076; x_wconf 83' lang='lat' dir='ltr'><strong>effluxus</strong></span> <span class='ocrx_word' id='word_1_347' title='bbox 1530 3043 1571 3077; x_wconf 81' lang='lat' dir='ltr'><strong>ex</strong></span> <span class='ocrx_word' id='word_1_348' title='bbox 1586 3037 1680 3094; x_wconf 71' lang='lat' dir='ltr'><strong>magna·</strong></span> 
     </span>
     <span class='ocr_line' id='line_1_35' title="bbox 333 3093 1678 3174; baseline -0.002 -19"><span class='ocrx_word' id='word_1_349' title='bbox 333 3103 360 3155; x_wconf 93' lang='lat' dir='ltr'><strong>in</strong></span> <span class='ocrx_word' id='word_1_350' title='bbox 381 3104 499 3174; x_wconf 87' lang='lat' dir='ltr'><strong>longiori</strong></span> <span class='ocrx_word' id='word_1_351' title='bbox 520 3103 655 3156; x_wconf 89' lang='lat' dir='ltr'><strong>distantia</strong></span> <span class='ocrx_word' id='word_1_352' title='bbox 675 3109 857 3156; x_wconf 86' lang='lat' dir='ltr'><strong>attenuantur</strong></span> <span class='ocrx_word' id='word_1_353' title='bbox 878 3109 907 3154; x_wconf 90' lang='lat' dir='ltr'><strong>et</strong></span> <span class='ocrx_word' id='word_1_354' title='bbox 927 3101 1058 3154; x_wconf 88' lang='lat' dir='ltr'><strong>diminuto</strong></span> <span class='ocrx_word' id='word_1_355' title='bbox 1080 3117 1192 3168; x_wconf 87' lang='lat' dir='ltr'><strong>corpore</strong></span> <span class='ocrx_word' id='word_1_356' title='bbox 1214 3093 1250 3166; x_wconf 92' lang='lat' dir='ltr'><strong>(si</strong></span> <span class='ocrx_word' id='word_1_357' title='bbox 1272 3101 1333 3152; x_wconf 89' lang='lat' dir='ltr'><strong>fieri</strong></span> <span class='ocrx_word' id='word_1_358' title='bbox 1361 3099 1487 3170; x_wconf 86' lang='lat' dir='ltr'><strong>posset)</strong></span> <span class='ocrx_word' id='word_1_359' title='bbox 1513 3105 1678 3158; x_wconf 79' lang='lat' dir='ltr'><strong>diminuunt:</strong></span> 
     </span>
     <span class='ocr_line' id='line_1_36' title="bbox 332 3180 1674 3253; baseline -0.001 -19"><span class='ocrx_word' id='word_1_360' title='bbox 332 3183 424 3250; x_wconf 88' lang='lat' dir='ltr'><strong>ipsum</strong></span> <span class='ocrx_word' id='word_1_361' title='bbox 443 3197 509 3238; x_wconf 81' lang='lat' dir='ltr'><strong>rero</strong></span> <span class='ocrx_word' id='word_1_362' title='bbox 529 3184 630 3238; x_wconf 89' lang='lat' dir='ltr'><strong>mobile</strong></span> <span class='ocrx_word' id='word_1_363' title='bbox 652 3183 758 3236; x_wconf 90' lang='lat' dir='ltr'><strong>coelum</strong></span> <span class='ocrx_word' id='word_1_364' title='bbox 779 3181 940 3253; x_wconf 87' lang='lat' dir='ltr'><strong>imaginatio</strong></span> <span class='ocrx_word' id='word_1_365' title='bbox 962 3189 1006 3234; x_wconf 88' lang='lat' dir='ltr'><strong>est</strong></span> <span class='ocrx_word' id='word_1_366' title='bbox 1026 3181 1207 3251; x_wconf 76' lang='lat' dir='ltr'><strong>physicorum.</strong></span> <span class='ocrx_word' id='word_1_367' title='bbox 1231 3180 1297 3248; x_wconf 90' lang='lat' dir='ltr'><strong>quia</strong></span> <span class='ocrx_word' id='word_1_368' title='bbox 1317 3181 1393 3234; x_wconf 92' lang='lat' dir='ltr'><strong>nulli</strong></span> <span class='ocrx_word' id='word_1_369' title='bbox 1419 3191 1493 3237; x_wconf 91' lang='lat' dir='ltr'><strong>sunt</strong></span> <span class='ocrx_word' id='word_1_370' title='bbox 1517 3185 1602 3238; x_wconf 90' lang='lat' dir='ltr'><strong>solidi</strong></span> <span class='ocrx_word' id='word_1_371' title='bbox 1623 3185 1674 3236; x_wconf 80' lang='lat' dir='ltr'><strong>orte</strong></span> 
     </span>
     <span class='ocr_line' id='line_1_37' title="bbox 332 3259 1698 3356; baseline -0.001 -40"><span class='ocrx_word' id='word_1_372' title='bbox 332 3261 438 3316; x_wconf 84' lang='lat' dir='ltr'><strong>Stellae</strong></span> <span class='ocrx_word' id='word_1_373' title='bbox 459 3281 523 3317; x_wconf 83' lang='lat' dir='ltr'><strong>rerc</strong></span> <span class='ocrx_word' id='word_1_374' title='bbox 547 3281 613 3317; x_wconf 87' lang='lat' dir='ltr'><strong>vera</strong></span> <span class='ocrx_word' id='word_1_375' title='bbox 633 3263 745 3334; x_wconf 87' lang='lat' dir='ltr'><strong>mobilia</strong></span> <span class='ocrx_word' id='word_1_376' title='bbox 765 3281 815 3317; x_wconf 90' lang='lat' dir='ltr'><strong>seu</strong></span> <span class='ocrx_word' id='word_1_377' title='bbox 835 3262 927 3331; x_wconf 91' lang='lat' dir='ltr'><strong>potius</strong></span> <span class='ocrx_word' id='word_1_378' title='bbox 949 3261 1083 3325; x_wconf 81' lang='lat' dir='ltr'><strong>volatilia,</strong></span> <span class='ocrx_word' id='word_1_379' title='bbox 1106 3259 1158 3313; x_wconf 89' lang='lat' dir='ltr'><strong>etsi</strong></span> <span class='ocrx_word' id='word_1_380' title='bbox 1172 3262 1283 3312; x_wconf 87' lang='lat' dir='ltr'><strong>eaodem</strong></span> <span class='ocrx_word' id='word_1_381' title='bbox 1307 3272 1500 3329; x_wconf 89' lang='lat' dir='ltr'><strong>permanent,</strong></span> <span class='ocrx_word' id='word_1_382' title='bbox 1526 3265 1583 3318; x_wconf 89' lang='lat' dir='ltr'><strong>etsi</strong></span> <span class='ocrx_word' id='word_1_383' title='bbox 1604 3262 1698 3356; x_wconf 63' lang='lat' dir='ltr'><strong>conceiq</strong></span> 
     </span>
     <span class='ocr_line' id='line_1_38' title="bbox 331 3341 1698 3416; baseline 0 -22"><span class='ocrx_word' id='word_1_384' title='bbox 331 3347 434 3412; x_wconf 85' lang='lat' dir='ltr'><strong>potest,</strong></span> <span class='ocrx_word' id='word_1_385' title='bbox 456 3361 517 3396; x_wconf 90' lang='lat' dir='ltr'><strong>esse</strong></span> <span class='ocrx_word' id='word_1_386' title='bbox 540 3343 662 3398; x_wconf 90' lang='lat' dir='ltr'><strong>omnibus</strong></span> <span class='ocrx_word' id='word_1_387' title='bbox 683 3343 801 3398; x_wconf 89' lang='lat' dir='ltr'><strong>numeris</strong></span> <span class='ocrx_word' id='word_1_388' title='bbox 823 3341 1030 3396; x_wconf 88' lang='lat' dir='ltr'><strong>absolutissima</strong></span> <span class='ocrx_word' id='word_1_389' title='bbox 1050 3357 1178 3410; x_wconf 90' lang='lat' dir='ltr'><strong>corpora,</strong></span> <span class='ocrx_word' id='word_1_390' title='bbox 1205 3346 1235 3391; x_wconf 88' lang='lat' dir='ltr'><strong>et</strong></span> <span class='ocrx_word' id='word_1_391' title='bbox 1256 3343 1351 3410; x_wconf 86' lang='lat' dir='ltr'><strong>quoad</strong></span> <span class='ocrx_word' id='word_1_392' title='bbox 1381 3349 1451 3398; x_wconf 86' lang='lat' dir='ltr'><strong>tota</strong></span> <span class='ocrx_word' id='word_1_393' title='bbox 1481 3362 1605 3416; x_wconf 89' lang='lat' dir='ltr'><strong>corpora</strong></span> <span class='ocrx_word' id='word_1_394' title='bbox 1624 3343 1698 3396; x_wconf 51' lang='lat' dir='ltr'><strong>cnr?</strong></span> 
     </span>
     <span class='ocr_line' id='line_1_39' title="bbox 331 3419 1677 3495; baseline 0 -21"><span class='ocrx_word' id='word_1_395' title='bbox 331 3422 521 3493; x_wconf 86' lang='lat' dir='ltr'><strong>generationis</strong></span> <span class='ocrx_word' id='word_1_396' title='bbox 543 3429 572 3475; x_wconf 89' lang='lat' dir='ltr'><strong>et</strong></span> <span class='ocrx_word' id='word_1_397' title='bbox 592 3423 773 3490; x_wconf 90' lang='lat' dir='ltr'><strong>corruptionis</strong></span> <span class='ocrx_word' id='word_1_398' title='bbox 795 3427 880 3493; x_wconf 79' lang='lat' dir='ltr'><strong>atque&#39;</strong></span> <span class='ocrx_word' id='word_1_399' title='bbox 901 3423 1017 3476; x_wconf 89' lang='lat' dir='ltr'><strong>omnium</strong></span> <span class='ocrx_word' id='word_1_400' title='bbox 1039 3419 1228 3476; x_wconf 89' lang='lat' dir='ltr'><strong>alterabilium</strong></span> <span class='ocrx_word' id='word_1_401' title='bbox 1248 3420 1432 3490; x_wconf 88' lang='lat' dir='ltr'><strong>qualitatum</strong></span> <span class='ocrx_word' id='word_1_402' title='bbox 1447 3425 1597 3495; x_wconf 84' lang='lat' dir='ltr'><strong>expertia,</strong></span> <span class='ocrx_word' id='word_1_403' title='bbox 1618 3434 1677 3478; x_wconf 77' lang='lat' dir='ltr'><strong>tanc</strong></span> 
     </span>
     <span class='ocr_line' id='line_1_40' title="bbox 331 3501 1678 3572; baseline 0 -14"><span class='ocrx_word' id='word_1_404' title='bbox 331 3520 387 3558; x_wconf 87' lang='lat' dir='ltr'><strong>nen</strong></span> <span class='ocrx_word' id='word_1_405' title='bbox 408 3519 517 3572; x_wconf 88' lang='lat' dir='ltr'><strong>semper</strong></span> <span class='ocrx_word' id='word_1_406' title='bbox 544 3505 639 3556; x_wconf 88' lang='lat' dir='ltr'><strong>eodem</strong></span> <span class='ocrx_word' id='word_1_407' title='bbox 666 3505 743 3556; x_wconf 92' lang='lat' dir='ltr'><strong>modo</strong></span> <span class='ocrx_word' id='word_1_408' title='bbox 764 3521 795 3557; x_wconf 89' lang='lat' dir='ltr'><strong>se</strong></span> <span class='ocrx_word' id='word_1_409' title='bbox 815 3503 921 3556; x_wconf 88' lang='lat' dir='ltr'><strong>habent</strong></span> <span class='ocrx_word' id='word_1_410' title='bbox 946 3519 1046 3556; x_wconf 87' lang='lat' dir='ltr'><strong>causae</strong></span> <span class='ocrx_word' id='word_1_411' title='bbox 1076 3501 1207 3554; x_wconf 81' lang='lat' dir='ltr'><strong>virtutum</strong></span> <span class='ocrx_word' id='word_1_412' title='bbox 1235 3501 1409 3560; x_wconf 82' lang='lat' dir='ltr'><strong>uictricium.</strong></span> <span class='ocrx_word' id='word_1_413' title='bbox 1455 3505 1537 3560; x_wconf 86' lang='lat' dir='ltr'><strong>Nam</strong></span> <span class='ocrx_word' id='word_1_414' title='bbox 1560 3508 1595 3560; x_wconf 89' lang='lat' dir='ltr'><strong>ad</strong></span> <span class='ocrx_word' id='word_1_415' title='bbox 1615 3519 1678 3558; x_wconf 78' lang='lat' dir='ltr'><strong>eurr</strong></span> 
     </span>
     <span class='ocr_line' id='line_1_41' title="bbox 333 3579 1678 3651; baseline -0.001 -15"><span class='ocrx_word' id='word_1_416' title='bbox 333 3585 459 3637; x_wconf 84' lang='lat' dir='ltr'><strong>effectum</strong></span> <span class='ocrx_word' id='word_1_417' title='bbox 481 3583 618 3638; x_wconf 82' lang='lat' dir='ltr'><strong>concurrit</strong></span> <span class='ocrx_word' id='word_1_418' title='bbox 638 3580 773 3637; x_wconf 88' lang='lat' dir='ltr'><strong>distantia</strong></span> <span class='ocrx_word' id='word_1_419' title='bbox 792 3583 925 3636; x_wconf 82' lang='lat' dir='ltr'><strong>moventis</strong></span> <span class='ocrx_word' id='word_1_420' title='bbox 941 3599 959 3636; x_wconf 91' lang='lat' dir='ltr'><strong>a</strong></span> <span class='ocrx_word' id='word_1_421' title='bbox 972 3583 1082 3644; x_wconf 84' lang='lat' dir='ltr'><strong>mobili;</strong></span> <span class='ocrx_word' id='word_1_422' title='bbox 1104 3581 1189 3651; x_wconf 87' lang='lat' dir='ltr'><strong>igitur</strong></span> <span class='ocrx_word' id='word_1_423' title='bbox 1202 3579 1230 3632; x_wconf 86' lang='lat' dir='ltr'><strong>in</strong></span> <span class='ocrx_word' id='word_1_424' title='bbox 1244 3579 1373 3651; x_wconf 91' lang='lat' dir='ltr'><strong>longiori</strong></span> <span class='ocrx_word' id='word_1_425' title='bbox 1396 3583 1548 3640; x_wconf 88' lang='lat' dir='ltr'><strong>distantia</strong></span> <span class='ocrx_word' id='word_1_426' title='bbox 1569 3597 1678 3641; x_wconf 72' lang='lat' dir='ltr'><strong>merente</strong></span> 
     </span>
     <span class='ocr_line' id='line_1_42' title="bbox 332 3653 1676 3738; baseline 0.001 -18"><span class='ocrx_word' id='word_1_427' title='bbox 332 3664 459 3720; x_wconf 86' lang='lat' dir='ltr'><strong>debilius.</strong></span> <span class='ocrx_word' id='word_1_428' title='bbox 488 3665 561 3718; x_wconf 88' lang='lat' dir='ltr'><strong>Hinc</strong></span> <span class='ocrx_word' id='word_1_429' title='bbox 573 3663 658 3717; x_wconf 90' lang='lat' dir='ltr'><strong>etiam</strong></span> <span class='ocrx_word' id='word_1_430' title='bbox 672 3669 761 3716; x_wconf 89' lang='lat' dir='ltr'><strong>motus</strong></span> <span class='ocrx_word' id='word_1_431' title='bbox 782 3663 919 3717; x_wconf 88' lang='lat' dir='ltr'><strong>coelorum</strong></span> <span class='ocrx_word' id='word_1_432' title='bbox 933 3681 1021 3732; x_wconf 89' lang='lat' dir='ltr'><strong>neque</strong></span> <span class='ocrx_word' id='word_1_433' title='bbox 1035 3659 1175 3715; x_wconf 89' lang='lat' dir='ltr'><strong>circularis</strong></span> <span class='ocrx_word' id='word_1_434' title='bbox 1189 3653 1251 3726; x_wconf 86' lang='lat' dir='ltr'><strong>(sed</strong></span> <span class='ocrx_word' id='word_1_435' title='bbox 1266 3659 1295 3714; x_wconf 91' lang='lat' dir='ltr'><strong>in</strong></span> <span class='ocrx_word' id='word_1_436' title='bbox 1316 3675 1435 3732; x_wconf 83' lang='lat' dir='ltr'><strong>genere</strong></span> <span class='ocrx_word' id='word_1_437' title='bbox 1459 3673 1578 3720; x_wconf 89' lang='lat' dir='ltr'><strong>tantum</strong></span> <span class='ocrx_word' id='word_1_438' title='bbox 1591 3677 1676 3738; x_wconf 65' lang='lat' dir='ltr'><strong>gyrate·</strong></span> 
     </span>
     <span class='ocr_line' id='line_1_43' title="bbox 332 3737 1675 3814; baseline -0.006 -16"><span class='ocrx_word' id='word_1_439' title='bbox 332 3750 362 3798; x_wconf 89' lang='lat' dir='ltr'><strong>et</strong></span> <span class='ocrx_word' id='word_1_440' title='bbox 383 3746 410 3798; x_wconf 92' lang='lat' dir='ltr'><strong>in</strong></span> <span class='ocrx_word' id='word_1_441' title='bbox 431 3745 522 3814; x_wconf 88' lang='lat' dir='ltr'><strong>specie</strong></span> <span class='ocrx_word' id='word_1_442' title='bbox 552 3743 645 3814; x_wconf 88' lang='lat' dir='ltr'><strong>potius</strong></span> <span class='ocrx_word' id='word_1_443' title='bbox 677 3737 880 3812; x_wconf 89' lang='lat' dir='ltr'><strong>ellipticus)</strong></span> <span class='ocrx_word' id='word_1_444' title='bbox 910 3742 1122 3812; x_wconf 88' lang='lat' dir='ltr'><strong>deprehenditur</strong></span> <span class='ocrx_word' id='word_1_445' title='bbox 1142 3757 1178 3793; x_wconf 83' lang='lat' dir='ltr'><strong>ex</strong></span> <span class='ocrx_word' id='word_1_446' title='bbox 1207 3739 1369 3794; x_wconf 86' lang='lat' dir='ltr'><strong>manifestis</strong></span> <span class='ocrx_word' id='word_1_447' title='bbox 1404 3747 1675 3801; x_wconf 73' lang='lat' dir='ltr'><strong>obseruationibus</strong></span> 
     </span>
     <span class='ocr_line' id='line_1_44' title="bbox 331 3821 1673 3900; baseline 0.001 -21"><span class='ocrx_word' id='word_1_448' title='bbox 331 3825 619 3881; x_wconf 86' lang='lat' dir='ltr'><strong>demonstrationibus.</strong></span> <span class='ocrx_word' id='word_1_449' title='bbox 661 3823 756 3895; x_wconf 90' lang='lat' dir='ltr'><strong>Neque</strong></span> <span class='ocrx_word' id='word_1_450' title='bbox 778 3823 886 3878; x_wconf 88' lang='lat' dir='ltr'><strong>circulis</strong></span> <span class='ocrx_word' id='word_1_451' title='bbox 915 3823 1030 3876; x_wconf 83' lang='lat' dir='ltr'><strong>revincti</strong></span> <span class='ocrx_word' id='word_1_452' title='bbox 1052 3828 1117 3874; x_wconf 92' lang='lat' dir='ltr'><strong>sunt</strong></span> <span class='ocrx_word' id='word_1_453' title='bbox 1141 3821 1290 3888; x_wconf 89' lang='lat' dir='ltr'><strong>planetae,</strong></span> <span class='ocrx_word' id='word_1_454' title='bbox 1326 3823 1438 3891; x_wconf 92' lang='lat' dir='ltr'><strong>quibus</strong></span> <span class='ocrx_word' id='word_1_455' title='bbox 1468 3827 1673 3900; x_wconf 64' lang='lat' dir='ltr'><strong>circumagentis</strong></span> 
     </span>
     <span class='ocr_line' id='line_1_45' title="bbox 331 3902 1673 3976; baseline -0.004 -16"><span class='ocrx_word' id='word_1_456' title='bbox 331 3923 420 3976; x_wconf 90' lang='lat' dir='ltr'><strong>neque</strong></span> <span class='ocrx_word' id='word_1_457' title='bbox 442 3905 483 3959; x_wconf 84' lang='lat' dir='ltr'><strong>vis</strong></span> <span class='ocrx_word' id='word_1_458' title='bbox 506 3905 606 3960; x_wconf 83' lang='lat' dir='ltr'><strong>matrix</strong></span> <span class='ocrx_word' id='word_1_459' title='bbox 628 3906 742 3958; x_wconf 82' lang='lat' dir='ltr'><strong>affectat</strong></span> <span class='ocrx_word' id='word_1_460' title='bbox 762 3905 899 3966; x_wconf 88' lang='lat' dir='ltr'><strong>circulum,</strong></span> <span class='ocrx_word' id='word_1_461' title='bbox 915 3932 954 3940; x_wconf 81' lang='lat'><strong>-</strong></span> <span class='ocrx_word' id='word_1_462' title='bbox 975 3902 1027 3956; x_wconf 90' lang='lat' dir='ltr'><strong>nisi</strong></span> <span class='ocrx_word' id='word_1_463' title='bbox 1047 3919 1111 3966; x_wconf 89' lang='lat' dir='ltr'><strong>una,</strong></span> <span class='ocrx_word' id='word_1_464' title='bbox 1134 3917 1203 3970; x_wconf 85' lang='lat' dir='ltr'><strong>quae</strong></span> <span class='ocrx_word' id='word_1_465' title='bbox 1223 3908 1344 3968; x_wconf 87' lang='lat' dir='ltr'><strong>praeest</strong></span> <span class='ocrx_word' id='word_1_466' title='bbox 1367 3902 1510 3962; x_wconf 83' lang='lat' dir='ltr'><strong>absidum</strong></span> <span class='ocrx_word' id='word_1_467' title='bbox 1533 3915 1564 3962; x_wconf 90' lang='lat' dir='ltr'><strong>et</strong></span> <span class='ocrx_word' id='word_1_468' title='bbox 1577 3909 1673 3961; x_wconf 81' lang='lat' dir='ltr'><strong>nodone</strong></span> 
     </span>
     <span class='ocr_line' id='line_1_46' title="bbox 332 3981 1673 4056; baseline -0.004 -14"><span class='ocrx_word' id='word_1_469' title='bbox 332 3985 518 4042; x_wconf 89' lang='lat' dir='ltr'><strong>translationi.</strong></span> <span class='ocrx_word' id='word_1_470' title='bbox 560 3991 653 4056; x_wconf 88' lang='lat' dir='ltr'><strong>Atque</strong></span> <span class='ocrx_word' id='word_1_471' title='bbox 674 3985 745 4038; x_wconf 87' lang='lat' dir='ltr'><strong>haec</strong></span> <span class='ocrx_word' id='word_1_472' title='bbox 764 3985 827 4054; x_wconf 89' lang='lat' dir='ltr'><strong>ipsa</strong></span> <span class='ocrx_word' id='word_1_473' title='bbox 847 4003 901 4038; x_wconf 90' lang='lat' dir='ltr'><strong>non</strong></span> <span class='ocrx_word' id='word_1_474' title='bbox 922 3982 1030 4054; x_wconf 89' lang='lat' dir='ltr'><strong>cogitat</strong></span> <span class='ocrx_word' id='word_1_475' title='bbox 1050 3986 1083 4035; x_wconf 90' lang='lat' dir='ltr'><strong>de</strong></span> <span class='ocrx_word' id='word_1_476' title='bbox 1104 3981 1273 4044; x_wconf 86' lang='lat' dir='ltr'><strong>circulorum,</strong></span> <span class='ocrx_word' id='word_1_477' title='bbox 1297 3981 1356 4035; x_wconf 85' lang='lat' dir='ltr'><strong>sed</strong></span> <span class='ocrx_word' id='word_1_478' title='bbox 1374 3988 1512 4056; x_wconf 90' lang='lat' dir='ltr'><strong>corporis</strong></span> <span class='ocrx_word' id='word_1_479' title='bbox 1535 3987 1673 4042; x_wconf 83' lang='lat' dir='ltr'><strong>stellarisir</strong></span> 
     </span>
     <span class='ocr_line' id='line_1_47' title="bbox 332 4059 1672 4138; baseline -0.005 -18"><span class='ocrx_word' id='word_1_480' title='bbox 332 4085 386 4138; x_wconf 91' lang='lat' dir='ltr'><strong>quo</strong></span> <span class='ocrx_word' id='word_1_481' title='bbox 406 4065 480 4120; x_wconf 91' lang='lat' dir='ltr'><strong>inest</strong></span> <span class='ocrx_word' id='word_1_482' title='bbox 500 4067 678 4120; x_wconf 80' lang='lat' dir='ltr'><strong>conversione</strong></span> <span class='ocrx_word' id='word_1_483' title='bbox 700 4065 932 4136; x_wconf 86' lang='lat' dir='ltr'><strong>aequabilissima.</strong></span> <span class='ocrx_word' id='word_1_484' title='bbox 973 4063 1043 4117; x_wconf 87' lang='lat' dir='ltr'><strong>Nam</strong></span> <span class='ocrx_word' id='word_1_485' title='bbox 1065 4063 1134 4132; x_wconf 92' lang='lat' dir='ltr'><strong>quod</strong></span> <span class='ocrx_word' id='word_1_486' title='bbox 1161 4065 1249 4114; x_wconf 91' lang='lat' dir='ltr'><strong>motus</strong></span> <span class='ocrx_word' id='word_1_487' title='bbox 1271 4059 1319 4114; x_wconf 87' lang='lat' dir='ltr'><strong>hic</strong></span> <span class='ocrx_word' id='word_1_488' title='bbox 1341 4061 1375 4118; x_wconf 81' lang='lat' dir='ltr'><strong>lu</strong></span> <span class='ocrx_word' id='word_1_489' title='bbox 1398 4083 1433 4120; x_wconf 90' lang='lat' dir='ltr'><strong>se</strong></span> <span class='ocrx_word' id='word_1_490' title='bbox 1458 4069 1554 4138; x_wconf 87' lang='lat' dir='ltr'><strong>ipsum</strong></span> <span class='ocrx_word' id='word_1_491' title='bbox 1573 4070 1644 4129; x_wconf 81' lang='lat' dir='ltr'><strong>redit,</strong></span> <span class='ocrx_word' id='word_1_492' title='bbox 1658 4063 1672 4115; x_wconf 84' lang='lat' dir='ltr'><strong>ii</strong></span> 
     </span>
     <span class='ocr_line' id='line_1_48' title="bbox 330 4139 1671 4216; baseline -0.004 -14"><span class='ocrx_word' id='word_1_493' title='bbox 330 4147 399 4202; x_wconf 86' lang='lat' dir='ltr'><strong>facit</strong></span> <span class='ocrx_word' id='word_1_494' title='bbox 419 4153 449 4200; x_wconf 90' lang='lat' dir='ltr'><strong>et</strong></span> <span class='ocrx_word' id='word_1_495' title='bbox 478 4146 626 4214; x_wconf 89' lang='lat' dir='ltr'><strong>ellipticus‚</strong></span> <span class='ocrx_word' id='word_1_496' title='bbox 659 4163 711 4216; x_wconf 92' lang='lat' dir='ltr'><strong>quo</strong></span> <span class='ocrx_word' id='word_1_497' title='bbox 742 4145 850 4200; x_wconf 89' lang='lat' dir='ltr'><strong>nomine</strong></span> <span class='ocrx_word' id='word_1_498' title='bbox 876 4143 1000 4201; x_wconf 86' lang='lat' dir='ltr'><strong>infinitus</strong></span> <span class='ocrx_word' id='word_1_499' title='bbox 1026 4150 1070 4195; x_wconf 89' lang='lat' dir='ltr'><strong>est</strong></span> <span class='ocrx_word' id='word_1_500' title='bbox 1097 4139 1308 4212; x_wconf 81' lang='lat' dir='ltr'><strong>quodammode.</strong></span> <span class='ocrx_word' id='word_1_501' title='bbox 1343 4147 1571 4204; x_wconf 83' lang='lat' dir='ltr'><strong>continuatione</strong></span> <span class='ocrx_word' id='word_1_502' title='bbox 1598 4147 1671 4203; x_wconf 70' lang='lat' dir='ltr'><strong>sete</strong></span> 
     </span>
     <span class='ocr_line' id='line_1_49' title="bbox 329 4221 1671 4298; baseline -0.002 -18"><span class='ocrx_word' id='word_1_503' title='bbox 329 4226 510 4298; x_wconf 86' lang='lat' dir='ltr'><strong>periodorum.</strong></span> <span class='ocrx_word' id='word_1_504' title='bbox 553 4229 592 4278; x_wconf 84' lang='lat' dir='ltr'><strong>At</strong></span> <span class='ocrx_word' id='word_1_505' title='bbox 611 4225 753 4296; x_wconf 86' lang='lat' dir='ltr'><strong>principio,</strong></span> <span class='ocrx_word' id='word_1_506' title='bbox 783 4226 871 4280; x_wconf 90' lang='lat' dir='ltr'><strong>medic</strong></span> <span class='ocrx_word' id='word_1_507' title='bbox 891 4232 922 4278; x_wconf 90' lang='lat' dir='ltr'><strong>et</strong></span> <span class='ocrx_word' id='word_1_508' title='bbox 940 4225 994 4277; x_wconf 85' lang='lat' dir='ltr'><strong>fine</strong></span> <span class='ocrx_word' id='word_1_509' title='bbox 1014 4222 1144 4276; x_wconf 73' lang='lat' dir='ltr'><strong>diiuncta</strong></span> <span class='ocrx_word' id='word_1_510' title='bbox 1164 4227 1208 4274; x_wconf 89' lang='lat' dir='ltr'><strong>est</strong></span> <span class='ocrx_word' id='word_1_511' title='bbox 1234 4221 1390 4289; x_wconf 85' lang='lat' dir='ltr'><strong>quaelibet</strong></span> <span class='ocrx_word' id='word_1_512' title='bbox 1421 4229 1579 4296; x_wconf 85' lang='lat' dir='ltr'><strong>periodus;</strong></span> <span class='ocrx_word' id='word_1_513' title='bbox 1606 4231 1671 4296; x_wconf 82' lang='lat' dir='ltr'><strong>itaqu</strong></span> 
     </span>
     <span class='ocr_line' id='line_1_50' title="bbox 330 4300 1669 4377; baseline -0.001 -17"><span class='ocrx_word' id='word_1_514' title='bbox 330 4309 505 4368; x_wconf 83' lang='lat' dir='ltr'><strong>incremento.</strong></span> <span class='ocrx_word' id='word_1_515' title='bbox 528 4307 702 4362; x_wconf 88' lang='lat' dir='ltr'><strong>decremento</strong></span> <span class='ocrx_word' id='word_1_516' title='bbox 722 4313 752 4358; x_wconf 90' lang='lat' dir='ltr'><strong>et</strong></span> <span class='ocrx_word' id='word_1_517' title='bbox 772 4305 862 4377; x_wconf 84' lang='lat' dir='ltr'><strong>vigori</strong></span> <span class='ocrx_word' id='word_1_518' title='bbox 883 4303 1005 4359; x_wconf 83' lang='lat' dir='ltr'><strong>obnoxia</strong></span> <span class='ocrx_word' id='word_1_519' title='bbox 1024 4309 1075 4354; x_wconf 91' lang='lat' dir='ltr'><strong>est.</strong></span> <span class='ocrx_word' id='word_1_520' title='bbox 1105 4302 1192 4362; x_wconf 80' lang='lat' dir='ltr'><strong>Quam</strong></span> <span class='ocrx_word' id='word_1_521' title='bbox 1213 4300 1247 4354; x_wconf 92' lang='lat' dir='ltr'><strong>ob</strong></span> <span class='ocrx_word' id='word_1_522' title='bbox 1269 4315 1332 4356; x_wconf 90' lang='lat' dir='ltr'><strong>rem</strong></span> <span class='ocrx_word' id='word_1_523' title='bbox 1354 4304 1456 4361; x_wconf 84' lang='lat' dir='ltr'><strong>virtus</strong></span> <span class='ocrx_word' id='word_1_524' title='bbox 1480 4327 1592 4364; x_wconf 80' lang='lat' dir='ltr'><strong>movens</strong></span> <span class='ocrx_word' id='word_1_525' title='bbox 1605 4309 1669 4376; x_wconf 83' lang='lat' dir='ltr'><strong>aliqu</strong></span> 
     </span>
     <span class='ocr_line' id='line_1_51' title="bbox 329 4380 1668 4460; baseline -0.002 -19"><span class='ocrx_word' id='word_1_526' title='bbox 329 4388 371 4441; x_wconf 90' lang='lat' dir='ltr'><strong>sui</strong></span> <span class='ocrx_word' id='word_1_527' title='bbox 386 4393 466 4456; x_wconf 83' lang='lat' dir='ltr'><strong>parte</strong></span> <span class='ocrx_word' id='word_1_528' title='bbox 486 4381 620 4454; x_wconf 85' lang='lat' dir='ltr'><strong>(extensa</strong></span> <span class='ocrx_word' id='word_1_529' title='bbox 642 4385 713 4439; x_wconf 90' lang='lat' dir='ltr'><strong>enim</strong></span> <span class='ocrx_word' id='word_1_530' title='bbox 727 4391 772 4438; x_wconf 88' lang='lat' dir='ltr'><strong>est</strong></span> <span class='ocrx_word' id='word_1_531' title='bbox 785 4380 925 4452; x_wconf 88' lang='lat' dir='ltr'><strong>localiter)</strong></span> <span class='ocrx_word' id='word_1_532' title='bbox 941 4385 1066 4453; x_wconf 87' lang='lat' dir='ltr'><strong>languet,</strong></span> <span class='ocrx_word' id='word_1_533' title='bbox 1082 4387 1111 4433; x_wconf 89' lang='lat' dir='ltr'><strong>et</strong></span> <span class='ocrx_word' id='word_1_534' title='bbox 1125 4381 1170 4434; x_wconf 91' lang='lat' dir='ltr'><strong>ubi</strong></span> <span class='ocrx_word' id='word_1_535' title='bbox 1182 4382 1233 4433; x_wconf 93' lang='lat' dir='ltr'><strong>hoc</strong></span> <span class='ocrx_word' id='word_1_536' title='bbox 1247 4383 1337 4434; x_wconf 88' lang='lat' dir='ltr'><strong>semel</strong></span> <span class='ocrx_word' id='word_1_537' title='bbox 1353 4393 1414 4450; x_wconf 89' lang='lat' dir='ltr'><strong>est,</strong></span> <span class='ocrx_word' id='word_1_538' title='bbox 1439 4389 1483 4442; x_wconf 90' lang='lat' dir='ltr'><strong>ibi</strong></span> <span class='ocrx_word' id='word_1_539' title='bbox 1498 4398 1546 4444; x_wconf 84' lang='lat' dir='ltr'><strong>est</strong></span> <span class='ocrx_word' id='word_1_540' title='bbox 1558 4398 1668 4460; x_wconf 80' lang='lat' dir='ltr'><strong>perpetua</strong></span> 
     </span>
     <span class='ocr_line' id='line_1_52' title="bbox 329 4465 1668 4542; baseline -0.001 -22"><span class='ocrx_word' id='word_1_541' title='bbox 329 4467 382 4520; x_wconf 90' lang='lat' dir='ltr'><strong>Sed</strong></span> <span class='ocrx_word' id='word_1_542' title='bbox 398 4467 483 4520; x_wconf 89' lang='lat' dir='ltr'><strong>stella</strong></span> <span class='ocrx_word' id='word_1_543' title='bbox 497 4467 700 4536; x_wconf 89' lang='lat' dir='ltr'><strong>conspiratione</strong></span> <span class='ocrx_word' id='word_1_544' title='bbox 715 4465 883 4520; x_wconf 85' lang='lat' dir='ltr'><strong>diversarum</strong></span> <span class='ocrx_word' id='word_1_545' title='bbox 897 4466 1029 4518; x_wconf 84' lang='lat' dir='ltr'><strong>virtutum</strong></span> <span class='ocrx_word' id='word_1_546' title='bbox 1050 4468 1223 4530; x_wconf 84' lang='lat' dir='ltr'><strong>promovetur</strong></span> <span class='ocrx_word' id='word_1_547' title='bbox 1238 4475 1255 4513; x_wconf 90' lang='lat' dir='ltr'><strong>a</strong></span> <span class='ocrx_word' id='word_1_548' title='bbox 1268 4469 1358 4528; x_wconf 89' lang='lat' dir='ltr'><strong>parte</strong></span> <span class='ocrx_word' id='word_1_549' title='bbox 1384 4467 1510 4524; x_wconf 78' lang='lat' dir='ltr'><strong>virtutis</strong></span> <span class='ocrx_word' id='word_1_550' title='bbox 1533 4469 1668 4542; x_wconf 81' lang='lat' dir='ltr'><strong>languidiore</strong></span> 
     </span>
     <span class='ocr_line' id='line_1_53' title="bbox 329 4541 1668 4622; baseline 0.004 -25"><span class='ocrx_word' id='word_1_551' title='bbox 329 4553 359 4599; x_wconf 91' lang='lat' dir='ltr'><strong>et</strong></span> <span class='ocrx_word' id='word_1_552' title='bbox 372 4547 501 4600; x_wconf 90' lang='lat' dir='ltr'><strong>imbecilli</strong></span> <span class='ocrx_word' id='word_1_553' title='bbox 516 4546 544 4599; x_wconf 93' lang='lat' dir='ltr'><strong>in</strong></span> <span class='ocrx_word' id='word_1_554' title='bbox 558 4547 707 4608; x_wconf 91' lang='lat' dir='ltr'><strong>fortiorem,</strong></span> <span class='ocrx_word' id='word_1_555' title='bbox 730 4563 766 4598; x_wconf 84' lang='lat' dir='ltr'><strong>ex</strong></span> <span class='ocrx_word' id='word_1_556' title='bbox 780 4543 922 4617; x_wconf 74' lang='grc' dir='ltr'><strong>ἀδυναμιᾳ</strong></span> <span class='ocrx_word' id='word_1_557' title='bbox 940 4545 966 4598; x_wconf 92' lang='lat' dir='ltr'><strong>in</strong></span> <span class='ocrx_word' id='word_1_558' title='bbox 982 4543 1103 4614; x_wconf 74' lang='lat' dir='ltr'><strong>dovnprv</strong></span> <span class='ocrx_word' id='word_1_559' title='bbox 1121 4541 1251 4610; x_wconf 62' lang='lat' dir='ltr'><strong>majorem</strong></span> <span class='ocrx_word' id='word_1_560' title='bbox 1272 4547 1304 4592; x_wconf 73' lang='grc' dir='ltr'><strong>ει</strong></span> <span class='ocrx_word' id='word_1_561' title='bbox 1326 4553 1455 4613; x_wconf 86' lang='lat' dir='ltr'><strong>contra,</strong></span> <span class='ocrx_word' id='word_1_562' title='bbox 1482 4551 1526 4608; x_wconf 91' lang='lat' dir='ltr'><strong>sic</strong></span> <span class='ocrx_word' id='word_1_563' title='bbox 1540 4561 1570 4606; x_wconf 89' lang='lat' dir='ltr'><strong>ut</strong></span> <span class='ocrx_word' id='word_1_564' title='bbox 1588 4547 1668 4622; x_wconf 78' lang='lat' dir='ltr'><strong>quodit</strong></span> 
     </span>
     <span class='ocr_line' id='line_1_54' title="bbox 328 4619 1666 4702; baseline 0.004 -25"><span class='ocrx_word' id='word_1_565' title='bbox 328 4639 383 4678; x_wconf 89' lang='lat' dir='ltr'><strong>uno</strong></span> <span class='ocrx_word' id='word_1_566' title='bbox 396 4632 499 4696; x_wconf 89' lang='lat' dir='ltr'><strong>puncto</strong></span> <span class='ocrx_word' id='word_1_567' title='bbox 520 4627 611 4681; x_wconf 87' lang='lat' dir='ltr'><strong>deficit</strong></span> <span class='ocrx_word' id='word_1_568' title='bbox 628 4627 655 4679; x_wconf 93' lang='lat' dir='ltr'><strong>id</strong></span> <span class='ocrx_word' id='word_1_569' title='bbox 672 4625 701 4677; x_wconf 91' lang='lat' dir='ltr'><strong>in</strong></span> <span class='ocrx_word' id='word_1_570' title='bbox 722 4625 849 4694; x_wconf 87' lang='lat' dir='ltr'><strong>opposito</strong></span> <span class='ocrx_word' id='word_1_571' title='bbox 872 4625 1029 4684; x_wconf 86' lang='lat' dir='ltr'><strong>reficiatur;</strong></span> <span class='ocrx_word' id='word_1_572' title='bbox 1054 4627 1137 4690; x_wconf 90' lang='lat' dir='ltr'><strong>atque</strong></span> <span class='ocrx_word' id='word_1_573' title='bbox 1159 4621 1197 4700; x_wconf 83' lang='lat' dir='ltr'><strong>qic</strong></span> <span class='ocrx_word' id='word_1_574' title='bbox 1217 4619 1365 4677; x_wconf 82' lang='lat' dir='ltr'><strong>verissime</strong></span> <span class='ocrx_word' id='word_1_575' title='bbox 1392 4626 1581 4702; x_wconf 86' lang='lat' dir='ltr'><strong>inaequalem</strong></span> <span class='ocrx_word' id='word_1_576' title='bbox 1596 4638 1666 4686; x_wconf 87' lang='lat' dir='ltr'><strong>notun</strong></span> 
     </span>
    </p>
   </div>
   <div class='ocr_carea' id='block_1_6' title="bbox 220 4699 1302 4760">
    <p class='ocr_par' dir='ltr' id='par_1_10' title="bbox 220 4699 1302 4760">
     <span class='ocr_line' id='line_1_55' title="bbox 220 4699 1302 4760; baseline -0.006 -3"><span class='ocrx_word' id='word_1_577' title='bbox 220 4735 226 4744; x_wconf 49' lang='grc' dir='ltr'><strong>ι</strong></span> <span class='ocrx_word' id='word_1_578' title='bbox 331 4713 462 4759; x_wconf 84' lang='lat' dir='ltr'><strong>causatur</strong></span> <span class='ocrx_word' id='word_1_579' title='bbox 475 4706 548 4759; x_wconf 89' lang='lat' dir='ltr'><strong>haec</strong></span> <span class='ocrx_word' id='word_1_580' title='bbox 560 4705 708 4760; x_wconf 88' lang='lat' dir='ltr'><strong>distantiae</strong></span> <span class='ocrx_word' id='word_1_581' title='bbox 729 4704 873 4758; x_wconf 81' lang='lat' dir='ltr'><strong>diversitas</strong></span> <span class='ocrx_word' id='word_1_582' title='bbox 888 4704 961 4758; x_wconf 91' lang='lat' dir='ltr'><strong>inter</strong></span> <span class='ocrx_word' id='word_1_583' title='bbox 973 4717 1084 4758; x_wconf 84' lang='lat' dir='ltr'><strong>movens</strong></span> <span class='ocrx_word' id='word_1_584' title='bbox 1099 4708 1127 4755; x_wconf 89' lang='lat' dir='ltr'><strong>et</strong></span> <span class='ocrx_word' id='word_1_585' title='bbox 1141 4699 1248 4754; x_wconf 88' lang='lat' dir='ltr'><strong>mobile.</strong></span> <span class='ocrx_word' id='word_1_586' title='bbox 1265 4731 1302 4742; x_wconf 81' lang='lat'><em>-</em></span> 
     </span>
    </p>
   </div>
   <div class='ocr_carea' id='block_1_7' title="bbox 329 4778 1665 4928">
    <p class='ocr_par' dir='ltr' id='par_1_11' title="bbox 329 4778 1665 4928">
     <span class='ocr_line' id='line_1_56' title="bbox 415 4778 1665 4846; baseline 0.006 -13"><span class='ocrx_word' id='word_1_587' title='bbox 415 4785 462 4834; x_wconf 87' lang='lat' dir='ltr'><strong>His</strong></span> <span class='ocrx_word' id='word_1_588' title='bbox 482 4783 582 4846; x_wconf 86' lang='lat' dir='ltr'><strong>Kepleri</strong></span> <span class='ocrx_word' id='word_1_589' title='bbox 601 4784 680 4833; x_wconf 81' lang='lat' dir='ltr'><strong>verbis</strong></span> <span class='ocrx_word' id='word_1_590' title='bbox 698 4783 877 4845; x_wconf 83' lang='lat' dir='ltr'><strong>interponenda</strong></span> <span class='ocrx_word' id='word_1_591' title='bbox 894 4790 953 4831; x_wconf 87' lang='lat' dir='ltr'><strong>sunt</strong></span> <span class='ocrx_word' id='word_1_592' title='bbox 973 4778 1100 4830; x_wconf 80' lang='lat' dir='ltr'><strong>Maestlini</strong></span> <span class='ocrx_word' id='word_1_593' title='bbox 1118 4784 1264 4844; x_wconf 86' lang='lat' dir='ltr'><strong>argumenta</strong></span> <span class='ocrx_word' id='word_1_594' title='bbox 1282 4779 1317 4828; x_wconf 85' lang='lat' dir='ltr'><strong>ad</strong></span> <span class='ocrx_word' id='word_1_595' title='bbox 1338 4781 1443 4837; x_wconf 74' lang='lat' dir='ltr'><strong>Thetin</strong></span> <span class='ocrx_word' id='word_1_596' title='bbox 1458 4787 1496 4839; x_wconf 92' lang='grc' dir='ltr'><strong>Π.</strong></span> <span class='ocrx_word' id='word_1_597' title='bbox 1520 4797 1547 4842; x_wconf 88' lang='lat' dir='ltr'><strong>et</strong></span> <span class='ocrx_word' id='word_1_598' title='bbox 1558 4783 1665 4841; x_wconf 74' lang='lat' dir='ltr'><strong>Theshlll</strong></span> 
     </span>
     <span class='ocr_line' id='line_1_57' title="bbox 329 4847 1664 4928; baseline 0.007 -30"><span class='ocrx_word' id='word_1_599' title='bbox 329 4847 426 4912; x_wconf 81' lang='lat' dir='ltr'><strong>Physici</strong></span> <span class='ocrx_word' id='word_1_600' title='bbox 443 4857 587 4905; x_wconf 76' lang='lat' dir='ltr'><strong>virtutes</strong></span> <span class='ocrx_word' id='word_1_601' title='bbox 606 4854 729 4904; x_wconf 90' lang='lat' dir='ltr'><strong>coelorum</strong></span> <span class='ocrx_word' id='word_1_602' title='bbox 746 4854 893 4902; x_wconf 87' lang='lat' dir='ltr'><strong>motrices</strong></span> <span class='ocrx_word' id='word_1_603' title='bbox 911 4852 1101 4917; x_wconf 85' lang='lat' dir='ltr'><strong>simplicissimas</strong></span> <span class='ocrx_word' id='word_1_604' title='bbox 1120 4855 1145 4899; x_wconf 88' lang='lat' dir='ltr'><strong>et</strong></span> <span class='ocrx_word' id='word_1_605' title='bbox 1156 4853 1313 4912; x_wconf 84' lang='lat' dir='ltr'><strong>incorporeas</strong></span> <span class='ocrx_word' id='word_1_606' title='bbox 1333 4867 1395 4905; x_wconf 83' lang='lat' dir='ltr'><strong>csse</strong></span> <span class='ocrx_word' id='word_1_607' title='bbox 1410 4857 1532 4912; x_wconf 81' lang='lat' dir='ltr'><strong>docent:</strong></span> <span class='ocrx_word' id='word_1_608' title='bbox 1554 4865 1664 4928; x_wconf 79' lang='lat' dir='ltr'><strong>ipsumam</strong></span> 
     </span>
    </p>
   </div>
   <div class='ocr_carea' id='block_1_8' title="bbox 0 0 1742 5532">
    <p class='ocr_par' dir='ltr' id='par_1_12' title="bbox 0 0 1742 5532">
     <span class='ocr_line' id='line_1_58' title="bbox 0 0 1742 5532; baseline 0 9"><span class='ocrx_word' id='word_1_609' title='bbox 0 0 1742 5532; x_wconf 95' lang='lat' dir='ltr'><strong> </strong></span> 
     </span>
    </p>
   </div>
  </div>
 </body>
</html>
