3648 5530
674 292 704 342 a
722 261 791 342 aaa
808 289 961 342 munau
980 288 1025 342 aa.
1462 285 1526 355 aar

262 465 348 530 Has'o
371 467 537 532 scientifica
566 478 637 531 sunt
659 470 689 532 in
715 468 846 532 Galilaei
880 469 996 538 literis,
1030 475 1133 530 cetera
1163 468 1262 532 mitto.
1309 468 1406 530 Vides·
1435 467 1527 548 igitur

171 554 268 618 lector
308 557 460 631 studiose,
507 560 654 638 quomodo
688 557 819 620 Galilaei
859 557 1114 637 praestantissimi
1151 556 1320 620 mehercule
1353 557 1528 637 philosophi

171 644 383 708 sollertissima
405 666 490 710 mens
513 649 685 727 perspicillo
710 649 767 710 lmc
790 655 893 710 nostro
917 647 1010 710 veluti
1034 646 1125 710 scalis
1146 646 1323 726 quibusdam
1346 647 1526 726 usa,'·.ipsa

170 733 275 796 ultima
305 744 337 796 et
365 735 518 798 altissima
539 737 645 800 Mundi
678 737 875 817 aspectabilis
905 737 1025 798 moenia
1056 737 1257 810 conscendat,
1292 735 1391 798 omnia
1423 753 1524 798 coram

170 823 280 884 lustret
302 823 430 904 indeque
463 828 503 888 ad
526 839 631 888 nostra
663 828 737 888 liaeo
770 826 940 905 tuguriola,
970 827 1011 886 ad
1044 825 1150 906 globos
1183 825 1304 904 inquam
1338 825 1524 903 planetarios

172 912 366 991 argutissimo
390 913 549 977 ratiocinio
573 915 737 995 despiciat,
768 914 881 978 extima
905 914 1029 990 intimis,
1062 933 1177 978 summa
1198 913 1268 976 imis
1292 913 1388 974 solido
1408 913 1523 993 judicio

169 1017 357 1080 comparans.

257 1088 338 1161 Quia
360 1110 432 1154 vero
456 1111 605 1172 nunquam
629 1093 738 1154 desunt
759 1093 789 1155 iu
804 1090 995 1172 philosophia
1011 1089 1164 1154 nationum
1188 1091 1267 1152 iuter
1290 1108 1323 1152 se
1347 1091 1449 1153 studia
1472 1102 1525 1154 aut

169 1178 424 1256 obtrectationes,
448 1182 591 1261 multique
615 1201 669 1261 per
693 1181 888 1244 Germaniam
909 1179 1128 1243 Germanorum
1151 1179 1199 1242 hic
1222 1179 1397 1242 testimonia
1420 1181 1523 1262 requi-

169 1267 256 1330 situri
279 1275 370 1332 sunt:
404 1287 460 1350 age
489 1270 549 1332 illis
573 1271 723 1333 derebus
747 1271 854 1333 iisdem
878 1270 970 1332 etiam
995 1267 1141 1332 Germani
1173 1267 1330 1346 cujusdam
1362 1269 1523 1348 epistolam

169 1355 315 1418 exhibeo:
341 1377 379 1419 ex
402 1378 463 1439 qua
484 1359 573 1420 simul
597 1367 629 1421 et
651 1361 725 1422 illud
749 1360 877 1440 patebit,
903 1377 961 1421 non
987 1358 1063 1420 male
1089 1359 1201 1420 factum
1226 1377 1245 1420 a
1269 1356 1418 1430 Galilaea,
1444 1361 1524 1439 quod

169 1463 267 1507 rerum
291 1467 412 1510 suarum
436 1458 581 1528 satagens
613 1449 738 1511 inventa
770 1468 826 1510 sua
857 1455 984 1521 mature,
1014 1466 1069 1528 per
1101 1447 1223 1527 griphos
1256 1455 1366 1522 tamen,
1391 1447 1523 1528 Pragam

170 1534 324 1598 nobiscum
349 1537 621 1600 communicaverit.
1436 1585 1439 1594 .

257 1623 310 1685 Sic
333 1625 425 1706 igitur
447 1627 588 1689 Marius
622 1627 661 1689 ad
694 1644 878 1688 communem
909 1632 1045 1688 nostrum
1078 1624 1222 1688 amioum:
1263 1625 1407 1699 „Interim
1440 1626 1522 1688 aliud

170 1718 256 1774 tento
279 1732 373 1792 opus,
412 1715 439 1778 in
474 1735 530 1797 quc
554 1717 681 1796 primum
703 1715 944 1780 immobilitatem
968 1715 1081 1776 Terrae
1113 1732 1218 1778 assero
1249 1713 1368 1775 omissis
1402 1715 1521 1777 omnino

168 1803 394 1880 personalibus:
419 1803 447 1878 b)
480 1805 534 1866 sed
558 1813 733 1884 argumenta
758 1805 855 1866 solum
879 1803 1089 1868 examinantur
1117 1811 1222 1864 contra
1246 1802 1378 1864 rationes
1403 1801 1520 1882 Cuper-

171 1890 304 1966 nicanas,
330 1911 405 1972 quas
428 1902 532 1956 nostro
556 1903 691 1974 tempore
715 1894 865 1973 Keplerus
889 1910 956 1954 cum
980 1891 1120 1954 Galilaeo
1134 1892 1285 1954 Patauino
1302 1892 1521 1954 Mathematico

168 1981 320 2058 approbat
341 1989 373 2042 et
395 1983 474 2044 serio
498 1985 541 2046 sic
564 2004 598 2044 se
623 1983 733 2044 habere
749 1983 858 2046 statuit
881 1986 917 2056 ⁰).
960 1981 1150 2060 Argumenta
1173 1993 1258 2044 meae
1283 1983 1460 2042 assertionis
1485 2002 1523 2043 ex

168 2069 265 2130 sacris
297 2089 433 2132 assumo:
458 2071 486 2146 d)
520 2073 726 2152 adstipulante
761 2073 852 2133 etiam
884 2072 1012 2152 physica
1034 2073 1061 2146 ⁹)
1093 2080 1124 2132 et
1155 2070 1348 2132 astronomia.
1405 2069 1522 2132 Deinde

167 2157 347 2220 refutabitur
370 2161 468 2239 opinio
492 2181 608 2234 eorum,
634 2163 682 2241 qui
707 2179 834 2241 corpora
857 2159 1003 2222 coelestia
1026 2161 1102 2222 adeo
1126 2169 1316 2222 monstrosae
1342 2160 1429 2222 molis
1454 2179 1521 2220 esse

166 2253 327 2326 putarunt,
356 2257 388 2310 et
411 2269 489 2312 nova
512 2251 702 2312 verisimilior
725 2250 868 2312 dimensio
893 2248 1071 2330 quantitatis
1095 2269 1115 2310 a
1138 2267 1184 2309 me
1208 2249 1365 2310 tradetur:
1404 2267 1463 2328 qua
1493 2249 1521 2311 in

167 2351 202 2396 re
225 2354 272 2398 me
294 2337 451 2416 plurimum
471 2341 552 2418 juvit
576 2340 806 2402 instrumentum
828 2339 999 2418 Belgicum,
1030 2337 1233 2418 perspicillum
1258 2339 1347 2416 vulgo
1372 2345 1520 2400 vocatum.

170 2423 273 2486 Tertio
296 2427 517 2501 demonstrabo,
544 2430 694 2490 Venerem
717 2447 776 2490 non
800 2447 889 2490 secus
912 2427 1071 2490 illuminari
1094 2449 1113 2488 a
1135 2426 1207 2488 Sola
1232 2446 1357 2507 eamque
1381 2428 1520 2488 cornicu-

168 2513 274 2588 latam,
299 2520 455 2596 dqorogos
473 2521 531 2579 etc.
557 2518 650 2590 reddi,
676 2525 766 2598 prout
788 2538 807 2578 a
829 2518 886 2578 fine
910 2516 979 2580 anni
994 2513 1198 2596 superiorisf)
1223 2534 1316 2596 usque
1341 2517 1369 2577 iu
1384 2516 1521 2596 Aprilem

167 2605 338 2682 praesentis
362 2626 381 2666 a
404 2625 451 2668 me
475 2625 532 2686 ops
555 2607 717 2686 perspicilli
736 2607 853 2685 Belgici
872 2607 1026 2669 multoties
1051 2614 1082 2668 et
1105 2605 1335 2688 diligentissime
1359 2605 1521 2667 observata

167 2700 201 2752 et
231 2692 299 2753 visa
331 2701 397 2770 est,
434 2697 553 2775 quaudo
583 2697 688 2760 Venus
721 2696 858 2775 proxirna
886 2695 1011 2758 Terrae·
1031 2702 1096 2756 erat
1129 2715 1196 2760 cum
1228 2693 1425 2756 occidentalis
1456 2702 1520 2756 tum

167 2780 335 2844 orientalis.
383 2781 501 2854 Quarto
533 2803 622 2865 agam
655 2785 691 2847 de
713 2783 809 2847 ‚novis
839 2785 972 2864 planetis
995 2783 1185 2858 Jovialibua,
1223 2783 1272 2862 qui
1309 2783 1390 2844 circa
1413 2781 1520 2844 Jovern

166 2869 303 2932 feruntur
338 2880 372 2932 ut
401 2873 543 2951 planetae
573 2873 677 2954 reliqui
711 2874 791 2936 circa
822 2873 940 2946 Solem,
968 2873 1124 2952 'inaequali
1157 2883 1258 2937 tamea
1291 2869 1454 2934 interstitio
1488 2880 1520 2932 et

165 2959 301 3038 periodo.
347 2961 480 3023 Duorum
511 2971 711 3026 extremorum
733 2962 874 3042 periodos
893 2961 958 3040 jam
989 2962 1130 3040 indagavi
1153 2962 1331 3041 tabulasque
1355 2960 1518 3033 construxi,

167 3057 201 3108 nt
223 3048 292 3108 inde
317 3050 395 3112 omui
418 3059 554 3130 tempere
569 3051 712 3114 facillime
737 3051 806 3113 sciri
830 3052 944 3131 possit,
962 3059 1034 3130 quot
1056 3051 1181 3116 minutis
1202 3052 1317 3115 distent
1340 3071 1358 3110 a
1380 3049 1456 3109 Jove
1480 3049 1521 3110 ad

167 3137 308 3198 dueum
330 3139 533 3218 sinistramve.
572 3142 714 3222 Haecque
738 3141 796 3203 duo
821 3141 922 3220 'capita
945 3139 1053 3206 ultima
1073 3151 1145 3204 sunt
1167 3143 1255 3221 plane
1279 3137 1415 3200 inaudita
1439 3139 1519 3200 omni

166 3243 251 3288 aevo.
294 3227 410 3289 Forsan
435 3230 496 3291 alia
511 3230 613 3304 etiarn,
639 3229 758 3292 interim
774 3230 844 3290 dum
864 3229 977 3302 laboro,
1004 3234 1190 3294 occurrent.“
1215 3233 1376 3310 Hucusque
1391 3227 1517 3288 Marius.

255 3315 362 3378 Habes
386 3317 477 3396 igitur
502 3320 597 3380 amice
620 3320 716 3381 lector
731 3319 945 3383 confirmatum
959 3319 1125 3400 perspicilli
1147 3321 1235 3382 tidem
1259 3319 1287 3380 in
1305 3317 1517 3378 observatione

165 3421 309 3466 novorum
338 3407 523 3488 :coelestium
561 3408 648 3470 unius
682 3409 803 3488 insuper
834 3406 979 3470 Germani
1021 3408 1203 3472 testimonio.
1260 3405 1342 3478 Quid
1373 3406 1519 3485 impediat

163 3491 259 3570 igilur
297 3513 345 3556 ms
385 3497 651 3574 praestantissimo
688 3498 885 3560 instrumento
918 3499 1130 3579 panegyricum
1163 3500 1219 3560 hoc
1251 3497 1353 3558 libello
1386 3514 1518 3574 pangere

165 3584 391 3660 geometricum,
417 3593 524 3666 teque,
550 3587 664 3661 lector,
695 3586 816 3648 honoris
840 3605 934 3647 causa
956 3589 1109 3665 praesenti
1133 3588 1231 3650 animo
1255 3593 1286 3648 st
1311 3593 1369 3646 nco
1402 3581 1518 3660 vulgari

167 3671 279 3732 mentia
300 3673 480 3750 attentione,
506 3677 574 3736 dum
598 3695 664 3738 sum
689 3695 744 3754 ego
769 3675 874 3748 recito,
898 3675 1069 3738 interesse?
1101 3674 1171 3747 Qua
1195 3695 1287 3756 opera
1309 3683 1342 3736 et
1367 3672 1519 3751 ingenium

167 3777 258 3820 acues
282 3768 313 3822 et
336 3771 494 3826 causamm
518 3765 712 3844 perceptione
736 3766 848 3827 evades
872 3765 900 3826 in
925 3765 1116 3844 philosophia
1139 3767 1273 3838 doctior,
1298 3763 1338 3824 ad
1361 3760 1516 3824 mechani-

164 3867 231 3909 cam
255 3859 286 3910 et
313 3867 411 3914 rerum
436 3853 551 3915 utilium
575 3863 665 3934 atque
685 3854 883 3934 jucundarum
906 3853 1108 3916 inventionem
1132 3853 1321 3923 instmetior,
1348 3850 1475 3928 deniqne
1499 3869 1519 3936 a

162 3937 246 3998 mille
268 3940 376 4009 modis,
410 3941 516 4021 quibus
542 3943 648 4022 vulgus
671 3943 701 4005 in
726 3961 856 4006 errorem
888 3943 967 4004 solet
999 3943 1108 4018 induci,
1141 3943 1258 4004 cautior
1290 3947 1380 4020 etque
1411 3937 1516 4003 tutior.

163 4027 246 4088 Vale
269 4036 302 4089 et
325 4029 381 4092 boc
404 4033 591 4112 praeludium
616 4033 854 4112 aequibonique
879 4032 1010 4093 consule.

252 4125 299 4176 His
317 4127 381 4179 baec
400 4129 529 4181 addimus:
553 4131 655 4182 Litsras
674 4130 780 4182 Galilaei
797 4131 868 4180 morlo
886 4132 1037 4193 praemissas
1055 4131 1140 4180 insunt
1164 4129 1312 4180 oddonibus
1330 4141 1431 4191 operum
1449 4127 1520 4178 edi·

160 4196 212 4248 lsai
230 4212 296 4262 quas
314 4201 384 4264 upbia
401 4209 500 4266 praesto
527 4210 594 4260 sunt,
621 4203 711 4252 Milani
740 4204 812 4252 auum
833 4199 980 4252 tuos-tt.
999 4208 1025 4252 et
1042 4203 1183 4252 Florentiae
1212 4197 1359 4248 tete-ut.
1387 4201 1518 4264 impressis,

163 4268 294 4318 desumtae
313 4273 373 4322 item
392 4289 404 4322 e
424 4273 568 4338 Dicptricae
586 4275 748 4337 praelatione.
785 4271 852 4322 Inter
871 4271 977 4322 Galilaei
995 4275 1178 4338 manuscripta,
1199 4287 1262 4336 quas
1282 4273 1356 4321 editio
1375 4269 1519 4320 Florentiae

160 4341 266 4401 primum
285 4344 350 4404 typis
368 4343 487 4406 impressa
505 4347 531 4394 in
550 4345 635 4408 vulgus
655 4345 739 4402 edidit,
761 4343 818 4394 iliae
838 4345 943 4394 Galilaei
967 4343 1053 4394 literae
1072 4359 1121 4394 non
1145 4343 1313 4406 deprehensae
1330 4342 1451 4390 ridentur.
1487 4339 1518 4390 ln

160 4410 284 4462 Hauschii
309 4413 454 4465 collectione
474 4414 546 4477 (Mes.
574 4413 768 4476 Viennensibus)
792 4415 845 4465 sola
868 4417 933 4464 inest
958 4415 1063 4478 epistola
1088 4415 1111 4466 d.
1131 4415 1155 4463 d.
1177 4413 1217 4463 tl.
1238 4415 1300 4464 Dec.
1322 4409 1398 4462 1610.
1434 4411 1516 4462 Editio

161 4497 219 4532 reru
238 4498 313 4548 quam
332 4485 435 4538 &imus
454 4487 597 4537 Florentina
616 4487 688 4538 affert
706 4487 841 4551 Kepleri
865 4489 1050 4550 responsionem
1068 4487 1184 4538 adhunc
1209 4487 1337 4550 epistolam
1356 4484 1471 4536 Galiboi.

241 4565 337 4636 ¹tinas
375 4568 412 4627 ad
451 4569 565 4629 illustr.
599 4569 705 4647 Magni
741 4568 837 4630 Ducis
865 4569 1027 4632 Hetruriae
1065 4566 1226 4628 Oratorem
1263 4567 1374 4628 deduci
1410 4566 1516 4627 literas

166 4652 215 4714 li.
240 4655 315 4716 Dec.
350 4655 444 4735 ipsius
474 4661 620 4718 concessu
652 4657 720 4735 legi.
775 4657 855 4719 Mira
887 4675 933 4717 me
973 4657 1073 4717 differs
1106 4656 1272 4735 cupiditate
1304 4655 1516 4734 ragnemodi,

164 4743 311 4822 quodnam
335 4753 541 4824 argumentum
566 4746 639 4808 illud
664 4765 701 4807 ex
724 4747 822 4808 tertia
839 4756 892 4807 tua
909 4747 1120 4808 observatione
1145 4751 1289 4812 extrudis.
1336 4745 1416 4806 Natu
1439 4745 1516 4806 duas

164 4831 392 4897 observationes
410 4836 645 4914 'praecedentes
677 4843 795 4898 tuntum
825 4835 939 4898 habent
968 4835 1123 4908 raritatis,
1165 4843 1199 4896 ut
1229 4840 1266 4902 de
1297 4834 1406 4908 tertia,
1440 4851 1516 4924 quae

1246 4946 1306 5002 ³0*
