3684 5518
747 309 936 376 caputius.
1288 385 1290 392 Α
1351 254 1353 261 ¹
1457 309 1518 378 195
1541 299 1562 396 ’ᾗΙ

173 487 369 568 reitiugontur
401 495 488 548 tanto
522 487 648 566 angulo,
682 485 708 547 si
741 487 784 547 sic
816 487 970 562 incidunt,
1002 493 1036 547 ut
1068 486 1200 562 dictum,
1234 482 1310 569 quod
1344 487 1519 551 Vitellionis

173 577 352 655 experientia
376 576 462 638 nobis
486 575 660 657 hypothesis
683 575 749 636 loco
773 575 920 654 proponit.
960 573 1049 646 Quod
1072 576 1099 636 si
1118 594 1190 656 ergo
1214 577 1399 658 superficiem
1424 597 1519 658 quae-

172 666 257 726 sitam
279 664 381 744 tangit
404 663 449 741 sp
472 664 499 724 in
525 665 556 738 S,
582 665 635 725 illa
657 682 730 725 vero
751 663 912 725 radiationi
931 667 972 725 Αι
995 663 1087 726 dehet
1109 683 1264 727 occurrere
1287 667 1316 727 iu
1342 666 1520 747 obliquitate

171 772 208 827 a,
236 753 328 815 debet
362 771 433 831 ergo
467 753 547 818 flecti
578 749 663 814 ahS
691 753 853 814 intracia
878 776 909 826 υ,
945 762 976 814 et
1005 779 1035 814 αι
1062 753 1209 832 producta
1236 755 1315 816 ultra
1339 781 1348 814 ι
1376 755 1404 816 ἰη
1436 756 1520 817 illam

170 839 290 916 incidet,
323 849 400 921 puta
422 841 451 904 iu
475 866 509 917 ν,
543 849 650 920 tanget
675 859 746 902 vero
775 841 803 900 in
825 863 843 900 v
866 849 977 919 puncto
1010 841 1191 904 incidentiae
1225 843 1326 923 aliqua
1357 845 1522 923 parallelos

170 931 223 1012 ipsi
246 954 281 992 ar.
339 933 385 992 At
417 949 608 1010 quaecunque
640 949 677 990 ea
709 930 810 990 lutura
842 938 904 998 est,
938 950 994 992 non
1029 931 1121 991 debet
1151 929 1206 992 AS
1239 951 1342 994 secere
1377 933 1456 994 infra
1488 931 1521 995 S.

170 1019 295 1082 Secaret
318 1020 397 1082 euim
428 1021 613 1099 superficiem
636 1021 665 1081 in
691 1017 714 1080 S
737 1018 976 1098 pertingentem,
1011 1038 1099 1099 quam
1128 1027 1228 1082 tamen
1252 1021 1374 1100 ponitur
1397 1029 1522 1100 tangere
1618 1092 1622 1099 ,

169 1109 285 1170 debere.
333 1108 415 1186 Ergo
438 1108 515 1169 hanc
539 1116 668 1188 tangens
692 1107 721 1168 iu
745 1131 772 1182 a,
798 1114 883 1168 secat
902 1105 936 1168 Sc
959 1116 1133 1188 tangentem
1154 1110 1219 1170 loco
1243 1109 1421 1173 intermedio
1446 1111 1524 1173 inter

168 1196 192 1258 S¹
214 1207 246 1258 et
268 1223 287 1257 ι.
334 1197 522 1258 Producatnr
545 1198 640 1258 donec
663 1203 746 1257 secet
771 1205 802 1256 et
820 1201 866 1257 αθ
889 1195 966 1258 infra
985 1201 1019 1257 θ.
1057 1195 1191 1260 Rursum
1215 1218 1295 1278 ergo,
1321 1199 1392 1279 quia
1414 1217 1521 1280 snper-

168 1287 247 1348 licies
273 1286 412 1365 quaesita
435 1303 590 1347 occurrere
614 1286 706 1348 debet
729 1285 786 1364 ipsi
810 1287 865 1346 Ae
889 1285 917 1345 in
942 1285 1119 1365 obliquitate
1147 1285 1244 1348 lineae
1268 1291 1312 1366 ρθ
1335 1296 1367 1348 et
1390 1288 1525 1367 tangitur

168 1397 186 1436 a
208 1375 354 1455 parallelo
377 1375 435 1453 ipsi
458 1397 484 1436 τι
508 1374 536 1435 in
560 1398 592 1450 u,
618 1375 709 1436 debet
737 1392 808 1453 ergo
833 1375 912 1435 inira
941 1375 1104 1435 sectionem
1130 1376 1167 1436 ad
1191 1380 1217 1436 θ
1240 1375 1369 1438 transire
1393 1384 1425 1439 et
1448 1395 1523 1457 quse

168 1463 250 1525 illam
276 1461 306 1524 iu
332 1463 397 1524 loco
421 1481 582 1524 concursus
612 1464 730 1525 scilicet
752 1462 781 1523 in
808 1485 829 1542 φ
857 1462 956 1542 tangit
984 1461 1191 1542 aequidistans
1214 1464 1273 1544 ipsi
1297 1470 1356 1545 ρθ,
1381 1465 1525 1527 transibit

168 1554 246 1614 inter
267 1559 299 1612 td
319 1559 350 1612 et
374 1552 491 1613 secabit
513 1575 552 1627 αη
577 1553 657 1614 iufra
680 1573 706 1629 η,
737 1551 836 1630 ibique
860 1569 975 1612 rursum
999 1552 1182 1631 superficies,
1213 1555 1366 1615 aemulata
1393 1554 1524 1635 obliqui·
1629 1583 1631 1594 ¹

167 1649 262 1703 tatem
293 1637 342 1716 σζ,
368 1649 525 1702 concurret
554 1658 620 1703 com
645 1661 683 1722 αχ
710 1641 789 1701 inira
812 1640 889 1702 hauc
917 1640 1099 1714 sectionem,
1128 1641 1246 1704 scilicet
1268 1643 1297 1703 in
1321 1667 1355 1724 χ,
1379 1652 1410 1704 et
1433 1644 1525 1705 docta

169 1731 347 1809 contingens
370 1745 426 1808 per
448 1753 479 1810 χ,
510 1731 718 1810 aequidistans
746 1729 804 1807 ipsi
826 1751 882 1807 aq,
913 1736 1073 1790 concurret
1099 1749 1166 1792 eum
1190 1727 1231 1803 αζ
1253 1731 1402 1811 producta
1424 1732 1454 1794 in
1480 1751 1523 1807 o;

168 1819 226 1880 setl
246 1818 419 1898 superficies
443 1819 522 1880 inira
536 1841 560 1879 o
585 1819 736 1892 transibit,
763 1825 796 1878 ut
818 1825 957 1880 occurrat
979 1818 1038 1897 ipsi
1058 1813 1097 1891 αζ
1111 1817 1141 1880 iu
1161 1833 1187 1896 ψ
1208 1828 1329 1899 puncto,
1355 1820 1404 1882 ubi
1428 1821 1524 1900 ipsius

168 1907 200 1980 ξι
227 1907 391 1988 parallelos
425 1908 522 1986 ipsam
556 1908 664 1988 tangit.
711 1907 794 1968 ldem
826 1907 863 1968 de
887 1905 925 1980 Q,
950 1908 984 1981 F,
1009 1907 1048 1974 D,
1079 1908 1105 1968 B
1138 1907 1287 1988 intellige.
1333 1909 1399 1970 Hoc
1432 1918 1525 1989 paeto

170 2012 288 2078 semper
318 1995 408 2057 binae
436 2005 598 2076 tangentes
629 1995 815 2075 superficiem
846 2003 953 2057 secant
983 2013 1016 2056 se
1044 2003 1146 2057 mutuo
1174 1995 1203 2057 iu
1234 1997 1308 2059 locis
1336 1998 1524 2060 intermediis

169 2091 371 2147 contactuum.
409 2083 452 2144 Et
475 2084 564 2146 datur
588 2099 706 2164 semper
729 2085 801 2145 talis
825 2085 930 2158 sectio,
956 2103 1023 2145 curn
1041 2085 1087 2162 re,
1107 2107 1151 2163 μγ,
1172 2089 1207 2146 ed
1225 2093 1257 2147 et
1279 2087 1411 2167 reliquae
1436 2087 1524 2148 binae

170 2192 287 2253 semper
311 2181 497 2253 convergant
521 2191 625 2235 versus
649 2180 753 2252 partes
768 2171 820 2250 Se,
845 2173 923 2254 quod
943 2172 991 2233 vel
1011 2191 1049 2234 ex
1072 2173 1192 2252 angulis
1215 2181 1311 2255 patet.
1351 2172 1427 2236 Cum
1447 2175 1524 2237 enirn

170 2261 232 2340 Sip
263 2263 395 2324 exterior
428 2269 575 2341 aequetur
608 2261 801 2344 interioribus
835 2270 867 2322 et
899 2261 1063 2341 oppositis,
1097 2281 1205 2342 nempe
1237 2261 1296 2341 ipsi
1324 2265 1384 2342 λαβ
1416 2266 1525 2343 augule

169 2351 368 2424 retractionis,
390 2357 422 2411 et
435 2351 493 2426 λβα
511 2351 619 2428 angulo
640 2349 818 2423 altitudinis,
839 2351 966 2430 angulus
980 2352 997 2410 λ
1012 2357 1059 2410 est
1074 2345 1144 2423 40⁰,
1160 2374 1182 2427 μ
1196 2341 1258 2413 440
1271 2349 1335 2426 30‘,
1355 2347 1447 2415 ν49ο
1461 2349 1524 2426 30‘,

170 2438 188 2512 ξ
210 2437 277 2514 55⁰,
304 2461 320 2500 o
346 2433 415 2510 61⁰,
438 2461 460 2500 π
483 2433 620 2513 67030‘,
646 2461 663 2518 ρ
688 2434 825 2513 74030‘,
851 2461 868 2498 τ
890 2435 1029 2501 82015‘.
1069 2437 1145 2500 Cum
1166 2457 1237 2518 ergo
1261 2457 1381 2522 semper
1404 2439 1526 2502 inferior

170 2529 211 2590 sit
240 2528 336 2608 major
367 2533 399 2588 et
421 2527 460 2588 ad
493 2528 620 2588 eandem
645 2525 699 2589 AS
723 2527 848 2602 lineam,
883 2533 1062 2589 concurrent
1094 2545 1165 2607 ergo
1199 2527 1287 2589 binae
1320 2529 1453 2608 reliquae
1487 2529 1525 2590 ad

170 2624 273 2700 partes
297 2617 431 2677 dextras.
470 2613 546 2678 Cum
570 2635 642 2696 ergo
666 2617 724 2694 αβλ
747 2616 775 2676 iu
799 2615 937 2696 partibus
956 2615 987 2676 X
1010 2633 1129 2694 semper
1151 2616 1205 2678 liat
1228 2615 1323 2679 minor
1347 2625 1378 2678 et
1401 2618 1525 2680 tandem

170 2707 203 2767 in·
222 2705 254 2768 X
277 2712 452 2777 evanescat,
475 2703 525 2765 ubi
549 2702 636 2767 SAX
658 2704 875 2767 horizontalem
904 2704 1117 2769 refractionem
1140 2711 1353 2783 repraesentat
1376 2715 1407 2767 et
1429 2707 1525 2785 ipsius

171 2795 233 2856 AX*
254 2794 382 2856 altitudo
406 2793 491 2854 nulla
513 2800 578 2856 est:
603 2801 636 2855 et
658 2793 793 2855 infinitae
817 2794 913 2855 adhuc
937 2793 1016 2854 inter
1034 2793 1085 2869 ex
1108 2791 1254 2854 interesse
1278 2794 1398 2872 possint
1419 2795 1524 2858 radia-

171 2885 278 2958 tiones,
300 2897 436 2962 quaeque
455 2881 485 2942 in
503 2881 722 2944 inclinatiorem
745 2889 921 2961 tangentem
945 2880 1097 2955 incidens;
1123 2886 1155 2942 et
1173 2889 1344 2960 tangentes,
1369 2902 1426 2962 quo
1445 2883 1525 2945 obli-

173 2972 256 3052 quius
290 2981 324 3032 et
355 2971 461 3033 minori
496 2971 606 3050 angulo
638 2990 704 3032 cunr
734 2970 953 3033 radiationibus
987 2977 1019 3031 et
1050 2969 1205 3050 superficie
1238 2979 1434 3048 concurrant,
1468 2973 1525 3033 hoc
1638 3017 1640 3020 ψ

172 3060 401 3123 distentioribus
433 3060 554 3138 punctis
584 3065 713 3140 tangant
741 3060 790 3132 (ut
822 3060 940 3140 longius
972 3059 1090 3121 dietant
1115 3059 1172 3120 BD
1201 3078 1289 3139 quarn
1316 3060 1397 3134 DF).
1443 3059 1526 3140 Ergo

178 3150 296 3212 infinita
319 3147 380 3210 erit
407 3149 596 3228 superficies,
629 3148 774 3228 incipiens
805 3148 922 3210 scilicet
945 3169 964 3209 a
986 3147 1156 3227 quantitate
1180 3145 1241 3222 Su,
1274 3167 1369 3230 eaque
1398 3149 1527 3230 majores

173 3251 215 3316 ep
236 3238 291 3300 irc.
317 3235 459 3299 infinities
488 3238 691 3313 accumulans,
722 3256 900 3317 semperque
924 3237 1021 3316 magis
1045 3255 1078 3298 se
1102 3235 1270 3316 applicabit
1296 3237 1393 3301 lineae
1424 3246 1527 3300 rectae

171 3327 245 3402 AX,
277 3325 349 3406 quia
376 3343 496 3406 semper
525 3325 677 3406 longiores
704 3333 808 3405 partes
841 3325 947 3388 minori
980 3325 1189 3400 inclinatione,
1220 3325 1277 3388 hoc
1306 3334 1354 3388 est
1382 3327 1527 3388 rectiores

172 3416 271 3478 habet.
317 3414 403 3476 Haec
428 3421 530 3476 autem
553 3412 583 3475 in
606 3415 674 3476 sola
695 3415 862 3497 hyperbole
890 3413 1095 3488 inveniuntur,
1120 3433 1178 3475 non
1203 3413 1233 3475 in
1256 3415 1418 3495 parabola,
1451 3434 1527 3494 quae
1612 3491 1616 3496 1

172 3511 284 3566 rectam
314 3503 365 3564 axi
391 3503 559 3582 parallelon
589 3503 772 3572 aemulatur,
796 3523 854 3565 non
883 3510 1108 3566 concurrentem
1134 3521 1200 3564 cum
1224 3521 1295 3580 axe,
1325 3513 1359 3567 ut
1380 3503 1429 3566 hic
1452 3504 1524 3566 XA.

172 3593 267 3674 Igitur
291 3591 440 3672 siquidem
464 3593 638 3672 superficies
662 3611 734 3654 vers
758 3599 806 3654 est
827 3591 1003 3675 hyperbole,
1028 3591 1090 3652 AX
1110 3599 1164 3652 aut
1178 3598 1227 3653 est
1250 3599 1448 3675 asymptotos,
1474 3601 1527 3653 aut

175 3679 230 3742 PV
253 3687 429 3762 asymptoto
447 3679 583 3742 interiori
599 3681 691 3762 (quod
714 3680 847 3742 calculus
867 3681 971 3754 docet)
995 3679 1187 3759 aequidistat.
1225 3679 1318 3742 Porro
1334 3699 1391 3742 non
1409 3687 1527 3742 tanturn

172 3769 354 3852 hyperbolae
375 3767 512 3844 similem,
538 3770 698 3832 sedetiam
719 3787 789 3830 vere
810 3769 943 3850 tonicam
967 3769 1131 3830 sectionem
1151 3787 1219 3828 esse
1237 3769 1423 3848 superficiem
1438 3769 1525 3841 hane,

172 3858 277 3920 statim
298 3865 382 3919 esset
400 3858 569 3936 probatum,
590 3857 616 3920 si
630 3855 684 3922 29.
700 3865 732 3919 et
746 3853 799 3922 30.
820 3858 943 3920 secundi
958 3853 1112 3936 Apollonii
1127 3863 1380 3918 converterentur.
1403 3855 1525 3918 Etenim

173 3946 291 4028 quando
320 3945 438 4008 dudtur
467 3946 646 4026 contingens
669 3967 718 4020 w,
746 3953 800 4008 aut
826 3953 929 4026 potest
952 3963 1006 4026 per
1029 3943 1053 4007 S
1075 3944 1143 4006 daci
1170 3952 1224 4006 aut
1246 3962 1299 4025 per
1321 3967 1352 4019 v,
1377 3963 1448 4024 ergo
1471 3962 1527 4023 per

172 4036 272 4098 omnia
291 4042 407 4116 puncta
426 4033 613 4110 intermedia,
639 4053 710 4116 ergo
730 4042 762 4096 et
781 4053 836 4114 per
855 4036 911 4096 hoc
933 4040 1087 4114 punctum,
1110 4049 1165 4112 per
1183 4034 1262 4115 quod
1281 4041 1367 4094 recta
1384 4034 1526 4095 traducta

174 4131 204 4186 et
225 4123 256 4186 in
284 4130 428 4205 punctum
456 4123 534 4186 inter
557 4122 594 4198 S,
620 4147 638 4185 a
661 4123 868 4186 intermedium
895 4123 1031 4185 incidens
1053 4122 1084 4182 in
1115 4128 1249 4183 centrum
1276 4122 1389 4201 figurae
1417 4120 1524 4183 tendit.

174 4214 223 4275 Ita
245 4213 283 4274 de
306 4211 444 4274 omnibus
469 4213 537 4274 aliis
561 4211 803 4293 contingentibus
826 4211 1015 4294 loquendum.
1053 4211 1099 4272 At
1122 4209 1192 4289 quia
1213 4211 1289 4272 haec
1312 4209 1412 4272 omnia
1435 4209 1524 4272 etiam

175 4301 241 4364 aliis
265 4301 406 4381 cognatis
429 4301 641 4380 superficiebus
665 4301 785 4380 paulum
806 4301 845 4362 ab
862 4300 1029 4383 hyperbole
1052 4299 1281 4360 deflectentibus
1300 4297 1412 4372 insunt,
1435 4299 1525 4360 theo·
1588 4379 1591 4388 Ι

174 4407 256 4452 rema
276 4393 368 4471 plane
391 4390 527 4452 concludi
550 4408 610 4452 non
632 4397 745 4469 potest.

260 4479 359 4560 Igitur
382 4476 407 4539 si
439 4477 522 4539 labet
552 4477 720 4558 inquirere,
754 4496 792 4539 an
824 4477 957 4559 reliquas
989 4474 1168 4558 hyperboles
1201 4474 1404 4556 proprietates
1432 4475 1528 4556 figura

176 4569 236 4632 ista
257 4568 424 4639 contineat,
448 4566 487 4628 ad
511 4565 718 4630 Gebrum'abi
743 4566 880 4628 cumbis
905 4565 993 4628 datis.
1029 4563 1078 4626 Ex
1101 4564 1136 4638 B,
1157 4564 1195 4639 D,
1217 4565 1242 4625 F
1265 4565 1527 4645 perpendiculares

177 4657 205 4718 in
226 4655 282 4720 As
309 4655 424 4719 cadant
446 4655 512 4731 BH,
535 4655 589 4730 DI,
614 4655 680 4732 FK,
712 4655 873 4717 ordinatim
904 4654 1091 4735 applicatae,
1115 4660 1147 4713 et
1175 4652 1231 4732 ipsi
1255 4655 1292 4730 βλ
1320 4653 1527 4735 aequidistans

178 4745 301 4808 ducatur
322 4741 389 4818 Bc,
414 4743 458 4806 sic
481 4744 539 4824 ipsi
562 4767 598 4824 γμ
621 4743 828 4824 aequidistans
850 4741 916 4817 DE,
942 4741 1053 4822 stipsi
1078 4745 1111 4802 de
1134 4741 1341 4820 aequidistans
1364 4741 1431 4814 ΕΘ,
1455 4751 1527 4805 tan-

178 4842 282 4914 gentes
310 4832 498 4914 snpsrflciern
526 4833 556 4894 in
579 4833 615 4908 B,
639 4832 678 4908 D,
702 4833 738 4896 F.
789 4832 865 4894 Tres
899 4831 991 4911 igitur
1018 4847 1056 4891 ex
1088 4829 1253 4892 Vitellione
1282 4831 1383 4912 auguli
1410 4832 1527 4895 refrac-

1257 4932 1317 4985 1³*
1456 4957 1460 4964 r
