3476 5532
539 351 584 390 sau
601 337 737 391 Mercurius
757 341 783 392 lu
803 277 860 393 soth
877 339 949 391 nsua.
1354 325 1419 396 799

72 511 257 577 adverbum
281 515 397 578 exhoc
426 525 547 579 auctora
579 517 660 579 vitae
686 515 787 582 Caroli
812 517 932 598 Magni,
963 517 1011 600 qni
1034 514 1201 578 Monachus
1230 511 1322 575 luisse
1347 529 1419 592 per-

74 601 195 664 hibetur
216 601 454 684 Engolismensis
479 605 623 670 Coeuobii
659 611 761 676 (nomas
794 617 867 680 hujus
894 615 1013 666 Monacht
1040 613 1159 665 Materna
1193 609 1275 678 prodit
1301 607 1420 660 adunus

72 698 271 764 Beneuentano),
298 683 392 774 exque
416 695 562 774 scriptore
585 689 666 759 uitae
691 697 835 760 Ludovici
858 697 905 760 Pii
934 694 1100 776 descriptos
1108 713 1117 770 ;
1141 691 1318 774 praesertim
1339 692 1419 766 illus,

74 780 125 861 qni
149 779 185 841 de
209 781 297 843 rebus
330 785 555 860 astronomicis,
586 791 619 848 ut
642 787 679 850 de
702 787 844 870 cometis,
873 785 1036 866 eclipsibus
1061 792 1094 846 et
1116 782 1263 846 similibus
1286 780 1419 842 tradunt.

72 868 141 930 Etsi
165 869 255 949 igitur
278 872 419 953 rhapsodi
443 873 627 956 posteriores
651 877 815 941 omiserunt
835 895 941 938 uocem
964 873 1120 949 Mercurii,
1146 871 1279 934 dicentes
1302 876 1419 932 tantum

74 959 113 1020 de
141 959 260 1021 macula
291 961 377 1040 nigra
404 963 497 1036 (lurte
525 965 708 1044 ignorantes,
737 984 804 1028 esse
837 965 967 1047 aliquam
994 965 1026 1026 in
1060 963 1144 1025 coelo
1172 960 1310 1032 stellam,
1344 975 1420 1039 quae

76 1047 196 1109 dicatur
219 1049 392 1124 Mercurii):
417 1061 518 1116 tamen
542 1063 655 1117 certum
678 1063 740 1132 est,
766 1055 859 1118 luisse
888 1055 1018 1135 aliquem
1040 1053 1169 1134 priorem
1191 1049 1252 1112 illis
1275 1057 1419 1130 tempore,

73 1135 184 1218 quippe
208 1135 362 1218 αὖτοιιτην,
386 1141 435 1222 qni
458 1143 534 1204 hanc
554 1143 652 1226 ipsam
675 1145 895 1228 apparitionem
918 1145 1046 1208 referret
1069 1143 1107 1204 ad
1127 1140 1248 1204 stellam
1261 1135 1421 1238 Mercuriir

73 1225 243 1288 auctoritas
267 1227 369 1310 itaque
393 1229 551 1312 antiquior
564 1233 680 1296 ratione
704 1235 833 1297 subnixa
851 1253 909 1297 non
929 1240 978 1295 est
999 1231 1196 1294 convellenda
1217 1247 1272 1311 per
1286 1235 1420 1290 auctora·

70 1325 170 1376 tatem
193 1318 398 1396 recentiorem,
423 1321 625 1402 negligentiae
650 1331 703 1387 aut
721 1323 888 1405 imperitiae
912 1321 1191 1386 manifestissimam
1214 1327 1245 1381 et
1263 1325 1422 1398 praeterea

70 1405 112 1466 ab
135 1401 267 1486 αιίτοψιᾳ
288 1409 488 1474 remotiorem.

161 1494 207 1556 At
237 1495 334 1559 instat
363 1499 534 1580 disputator
565 1499 712 1581 amplius:
750 1500 847 1563 videri
874 1499 1060 1581 Eginardnm
1092 1499 1185 1562 luisse
1216 1503 1420 1577 spectatorem

69 1583 271 1664 phaenomeni
293 1587 402 1667 huJus:
427 1589 535 1670 quippe
558 1589 607 1672 qni
632 1587 735 1654 Caroli
757 1591 863 1670 Magni
891 1591 1029 1654 alumnus
1058 1588 1150 1652 luerit
1171 1596 1203 1651 et
1226 1585 1420 1668 epistolarum

71 1671 219 1751 magister
241 1681 272 1735 et
296 1675 422 1756 denique
445 1696 547 1758 gener.
592 1678 659 1760 Ego
682 1698 754 1742 vero
777 1697 904 1761 recoquo
927 1679 987 1752 viru
1010 1677 1225 1760 responsionis,
1249 1673 1420 1754 Eginardns

74 1760 153 1822 enim
186 1761 263 1826 hanc
295 1765 499 1830 narrationem
522 1789 542 1830 a
564 1769 709 1850 scriptore
739 1769 821 1854 yitae
850 1767 952 1834 Caroli
985 1766 1154 1847 descripsit.
1174 1817 1179 1832 ,
1202 1765 1303 1844 Negat
1332 1761 1421 1844 quis?

77 1849 158 1929 Ergo
178 1849 228 1913 ille
248 1853 320 1915 mihl
344 1855 484 1936 explicet,
508 1857 557 1942 qui
580 1859 700 1920 credam
724 1857 886 1921 verisimile
905 1877 983 1932 esse,
1000 1857 1075 1920 dnos
1098 1855 1235 1918 diversos
1250 1854 1288 1915 ad
1303 1851 1422 1915 unicum

75 1946 107 1999 et
130 1938 352 2023 inconspicuum
375 1945 437 2006 lere
459 1946 685 2026 phaenomcnou
707 1947 737 2010 in
762 1947 833 2010 Sole
857 1947 1070 2027 aequalissimo
1094 1953 1161 2008 octo
1185 1944 1299 2007 dierum
1322 1941 1422 2022 spatio

76 2025 171 2090 inisse
195 2032 352 2094 attentos?
376 2030 455 2104 Quin
469 2036 577 2118 potius¹
590 2037 673 2100 illum
695 2037 823 2118 primurn
846 2044 999 2099 auctorem
1022 2035 1180 2109 credimus,
1205 2031 1253 2116 qui
1269 2051 1301 2094 se
1320 2029 1423 2093 multis

75 2117 261 2182 documentis
283 2121 391 2202 probat
414 2123 507 2187 fuisse
531 2136 744 2203 astronomum,
770 2127 898 2190 alterum
921 2143 992 2188 vero
1014 2123 1199 2206 Eginsrdnm
1221 2121 1304 2184 illins
1328 2119 1422 2182 luisse

75 2205 202 2284 simiam,
226 2209 277 2289 qni
299 2211 378 2294 qnod
402 2213 563 2297 descripsit
584 2215 650 2297 ipse
673 2235 732 2278 nun
757 2215 927 2280 intellexit:
959 2215 1067 2296 quique
1090 2231 1129 2275 ex
1151 2229 1225 2274 voce
1251 2208 1421 2287 ,octoties“

75 2294 189 2376 primns
218 2298 291 2361 fecit
327 2307 416 2374 „octo
449 2303 550 2381 dies,“
574 2313 645 2386 post
676 2307 819 2368 memoria
847 2307 951 2388 lapsus
982 2323 1136 2367 nnmerum
1166 2303 1284 2365 unitata
1315 2296 1424 2364 minuit

76 2381 179 2466 sicque
202 2390 396 2468 sequentibus
420 2391 480 2454 dux
503 2401 534 2455 et
557 2403 661 2456 auctor
684 2393 741 2457 luit
764 2396 804 2458 ad
826 2402 998 2475 corruptam
1021 2392 1065 2454 rei
1087 2391 1300 2456 narrationem.

390 2485 477 2538 Astra
496 2489 595 2539 notent
614 2485 697 2550 docti,
718 2491 757 2550 tu,
776 2485 853 2550 Pari,
875 2499 983 2556 semper
1002 2499 1073 2540 aura.

163 2563 254 2628 Certe
279 2566 366 2642 enim,
391 2587 450 2648 qna
472 2579 560 2633 nocte
583 2572 682 2634 lactus
705 2581 753 2634 est
775 2591 868 2653 gener
891 2571 993 2636 Caroli
1015 2571 1132 2651 Magni,
1155 2569 1262 2633 stellas
1285 2585 1342 2629 uon
1366 2563 1423 2626 luit

75 2654 307 2734 contemplatus.
345 2655 495 2720 Ninxerat
508 2659 616 2742 quippe
634 2660 760 2737 interea,
782 2661 885 2742 itaque
900 2680 937 2723 ne
952 2660 1089 2742 vestigiis
1104 2659 1291 2743 proderetur,
1307 2653 1422 2718 amicae

74 2741 206 2805 humeris
230 2751 407 2824 exportatus
431 2747 488 2810 init
510 2748 588 2810 clam
612 2759 770 2831 spectante
794 2749 913 2814 Osrolo.
1303 2759 1307 2770 '
1378 2829 1385 2844 Ι

161 2831 264 2913 Atque
288 2832 345 2894 hac
368 2836 474 2899 eadem
496 2838 689 2920 responsione
713 2840 805 2903 etiam
829 2845 954 2921 quartae
977 2836 1087 2902 rationi
1107 2831 1303 2918 disputatoris
1326 2837 1422 2894 satas-

74 2919 259 2996 factumest,
284 2940 350 2984 cum
373 2933 499 2988 conatus
518 2935 566 2991 est
584 2928 764 2993 auctoritate
778 2927 924 3010 Eginardi
943 2926 1136 3010 persuadere,
1159 2923 1309 2990 maculam
1331 2917 1422 2984 istam

73 3026 132 3071 nou
157 3008 250 3072 luisse
265 3009 455 3091 Mercurium,
480 3016 534 3078 sed
556 3017 725 3098 prodigium
746 3017 966 3100 praenuncians
990 3023 1117 3082 mortem
1132 3013 1236 3079 Caroli
1249 3011 1364 3092 Magni.
1378 3003 1422 3083 ⁸²)
1527 3034 1531 3044 ·

162 3097 332 3162 Secundum
355 3111 561 3184 argumentum
585 3105 663 3169 falso
686 3107 827 3188 jactatae
854 3107 989 3170 maculae
1013 3107 1043 3170 in
1066 3103 1139 3169 Sole
1166 3102 1292 3168 deduxit
1315 3100 1421 3202 dispu-

72 3193 155 3250 tator
177 3208 197 3249 a
214 3187 407 3255 ¹dissensione
439 3199 594 3257 anctorum
617 3195 648 3259 in
676 3196 819 3278 temporis
849 3195 1085 3260 circumstantia.
1131 3194 1313 3276 Polydorum
1342 3206 1420 3250 cnrm

71 3275 243 3356 Virgilium,
267 3275 452 3345 Sabellicnm
474 3289 507 3345 et
529 3283 751 3365 Lycosthenem
779 3304 890 3367 ponere
918 3305 1028 3349 aunum
1053 3281 1169 3348 Christi
1192 3280 1266 3346 778.
1311 3279 1421 3342 Anno-

71 3365 152 3428 ninm
184 3377 319 3518 venustet
349 3369 515 3436 Annalium
544 3382 696 3438 auctorem
720 3375 836 3442 habere
867 3373 943 3440 807.
968 3373 1189 3458 Lycosthenem
1215 3371 1321 3434 iterum
1344 3363 1420 3430 808.

72 3463 104 3515 et
126 3455 217 3517 tertio
284 3455 336 3520 78.

162 3542 219 3606 Cui
242 3545 373 3628 adjungo
397 3556 429 3612 ct
451 3549 574 3613 tertiam
597 3551 794 3633 disputatoris
818 3553 977 3629 rationem,
1002 3571 1078 3634 qnae
1101 3569 1140 3613 sx
1162 3569 1209 3627 eo,
1234 3547 1312 3628 qnod
1327 3544 1422 3627 Poly-

72 3631 173 3707 dorus,
198 3632 418 3716 Lycosthenes,
444 3635 614 3703 Sabellicus
638 3641 762 3722 eclipsin
785 3642 867 3714 Sulis
892 3643 1071 3716 retulerunt,
1104 3659 1179 3722 qnae
1204 3645 1271 3700 erat
1298 3633 1421 3714 eclipsis

70 3719 159 3782 Jovis
182 3741 201 3782 a
224 3721 311 3784 Luna
334 3728 425 3801 lacta,
450 3733 529 3791 teste
553 3730 708 3807 abunculo,
732 3731 854 3808 Adone,
878 3731 1049 3812 Reginone,
1074 3727 1244 3792 Annalibus
1267 3722 1421 3788 Francicis

70 3810 194 3893 ipsoque
219 3812 296 3874 adeo
319 3815 453 3892 calculu;
482 3836 577 3899 exque
600 3838 652 3896 eo,
686 3821 764 3900 quod
787 3821 936 3902 Turpinua
967 3820 1099 3882 fabulam
1121 3815 1260 3880 retulerit
1283 3813 1341 3875 diei
1366 3811 1421 3872 sub

71 3899 182 3962 Oarolu
205 3899 318 3978 Magno
341 3903 371 3965 in
395 3903 524 3968 triduum
556 3909 768 3990 prolongatae,
801 3910 879 3973 banc
907 3909 998 3972 etiarn
1026 3907 1228 3970 narrationem
1261 3901 1420 3965 eorundem

68 3987 235 4052 Annalium
260 3991 350 4071 (quus
374 4011 463 4056 veros
485 3995 577 4058 toties
601 3997 666 4077 jam
696 3999 950 4080 deprehenderat)
974 3997 1011 4060 de
1034 3993 1183 4060 Mercurio
1207 3994 1235 4055 in
1260 3989 1331 4056 Sole
1354 3989 1420 4050 viso

68 4085 243 4158 suspectam
266 4079 390 4143 reddere
414 4083 529 4146 nititur.
836 4151 840 4162 ,

161 4165 354 4248 Respondeo,
379 4171 571 4236 traditionem
594 4172 671 4236 hauc
695 4175 731 4236 de
745 4175 895 4238 Mer'curio
918 4175 947 4237 in
968 4173 1039 4238 Sole
1058 4173 1123 4236 viso
1139 4191 1196 4235 non
1222 4171 1275 4234 niti
1300 4189 1421 4233 numero

68 4264 104 4319 et
126 4257 185 4318 lide
209 4275 310 4320 eurum
333 4267 497 4339 auctorum,
521 4262 570 4343 qui
594 4261 818 4345 descripserunt
839 4265 922 4327 illam
946 4283 983 4328 ex
1003 4281 1061 4326 uno
1084 4263 1184 4345 aliquo
1206 4262 1312 4345 primo.
1359 4258 1422 4323 Cur

67 4343 151 4410 enirn
173 4343 321 4425 αιἰτοιιιης
352 4349 459 4431 aliquis
482 4359 515 4414 et
536 4351 651 4432 peritus
682 4357 889 4429 astronomus,
924 4353 974 4436 qui
996 4353 1075 4416 buna
1097 4353 1153 4416 fide
1177 4351 1316 4433 scripsit,
1345 4349 1419 4411 sub-

67 4437 258 4518 sequentium
286 4438 478 4502 oscitantiam
503 4447 535 4503 et
557 4441 791 4504 inconstantiam
821 4451 875 4504 aut
905 4441 1034 4505 fabulosi
1057 4441 1180 4524 Turpini
1209 4441 1419 4504 credulitatem

67 4525 160 4587 luat?
183 4523 329 4606 Equidem
353 4547 391 4589 ex
410 4529 466 4591 hoc
490 4529 594 4592 ultime
617 4531 718 4593 seculo
742 4531 904 4594 accersitos
919 4532 1006 4594 video
1020 4532 1198 4594 'triumviros
1222 4531 1300 4606 illos,
1325 4527 1418 4610 Poly-

68 4613 403 4692 dorum,'Sabellicum,
423 4617 655 4702 Lycosthenem,
678 4627 711 4681 ut
730 4628 761 4681 et
776 4617 1002 4684 centuriatores
1025 4639 1079 4683 uec
1102 4622 1196 4684 multo
1221 4613 1419 4700 antiquiorem

67 4701 273 4780 Vincentium,
299 4725 365 4768 cnm
388 4725 437 4770 res
461 4709 544 4771 lacta
566 4717 641 4772 ants
660 4717 728 4772 octo
751 4710 854 4772 secula
881 4719 1027 4775 narretur.
1074 4707 1136 4774 Sed
1160 4729 1283 4782 causas,
1313 4707 1419 4789 quibus

70 4791 192 4872 decepti
216 4801 287 4856 sunt
309 4805 456 4872 auctores,
481 4797 592 4879 partim
614 4797 784 4880 disputator
801 4799 865 4880 ipse
880 4800 1022 4881 explicat,
1047 4799 1269 4881 Lycosthenem
1293 4796 1417 4878 aPoly-

71 4881 167 4958 doro,
189 4881 369 4965 Polydorum
391 4885 430 4950 ab
452 4887 610 4952 eventibus
642 4886 808 4971 insignibus
842 4890 911 4953 anui
942 4885 1017 4990 778.
1051 4890 1224 4968 seductum,
1254 4894 1288 4956 ut
1310 4903 1419 4954 aunum
