3684 5518
295 289 361 356 238
767 291 957 356 Puslipomcurt
974 287 1000 341 iu
1018 285 1186 342 Vitelliouam.

295 467 431 538 dilueret,
458 487 546 548 quem
569 469 608 530 ad
628 487 713 530 nsum
728 468 831 548 procul
847 468 936 530 dubio
959 476 1074 530 motum
1098 466 1276 530 obtinebunt
1299 485 1367 528 sese
1392 465 1526 540 ludendi,
1546 471 1655 543 turge-

295 556 425 620 facieudi
448 557 478 617 in
503 558 588 619 clara
622 557 686 618 luce
717 565 749 618 et
776 557 959 619 extenuandi
986 558 1016 618 iu
1044 557 1195 635 maligna,
1223 564 1257 617 ut
1287 573 1372 617 uvea.
1418 554 1461 617 Et
1487 553 1656 636 hyperbata

295 645 415 729 quidem
439 645 487 706 rel
512 645 538 706 ei
564 654 694 726 cognata
716 646 813 726 ligura
836 654 886 708 est
908 647 936 708 iu
951 643 1111 725 posteriori
1135 655 1222 724 perte
1242 643 1421 726 crystallini,
1445 651 1478 706 ut
1502 643 1550 724 qni
1573 643 1657 703 inter

295 734 492 818 hyperbolum
517 733 656 796 deorsum
681 735 808 796 tendunt
831 735 965 815 ejusdem
990 733 1064 796 recti
1088 734 1155 796 coni
1179 733 1488 813 radiicouvergeutes
1513 730 1654 793 ad'idem

296 831 453 905 puuctum,
485 821 506 883 ii
531 823 569 884 ad
593 823 672 884 idern
696 824 750 884 sed
774 823 895 886 brevius
919 824 1037 885 distans
1052 831 1201 902 puuctum
1235 823 1463 903 colligerentur:
1494 820 1572 902 quud
1595 837 1655 879 uun

298 915 328 974 iu
353 913 413 974 alia
436 911 531 990 figura
554 912 617 973 lieri
640 930 731 992 posse
756 913 834 974 iufra
858 911 1121 974 demonstrabitur.
1170 909 1272 974 Gibba
1301 931 1373 973 vero
1403 917 1451 972 est
1481 907 1655 990 superficies

299 1000 430 1063 anterior
445 999 624 1081 crystallini,
649 1007 683 1062 ut
705 1019 762 1081 quo
778 1001 925 1082 obliquius
949 1003 1082 1062 foramen
1107 1020 1202 1062 ureae
1217 1000 1357 1080 objicitur
1381 1005 1492 1080 puncto
1511 996 1655 1066 radianti,

299 1091 356 1152 lucc
379 1089 524 1150 devexius
553 1088 629 1150 haec
663 1090 836 1169 superficies
867 1108 984 1152 acono
1014 1089 1135 1151 scaleno
1159 1098 1321 1163 secaretur,
1356 1087 1458 1169 itaque
1481 1092 1656 1149 servaretur

298 1178 469 1258 aequalitas
506 1178 693 1257 interceptae
728 1200 745 1239 a
776 1195 850 1239 cono
889 1179 1084 1261 quantitatis,
1126 1187 1268 1258 quantum
1307 1177 1369 1239 fieri
1405 1184 1526 1256 posset:
1564 1181 1656 1254 utque

300 1265 436 1330 omuibus
461 1267 491 1328 in
515 1284 626 1328 cumea
649 1266 703 1339 (ab
727 1267 832 1329 eodem
856 1275 940 1330 certo
954 1274 1064 1347 puncto
1081 1267 1282 1340 venientibus)
1306 1266 1445 1328 refractis
1469 1273 1501 1328 et
1522 1265 1553 1326 in
1574 1262 1655 1323 idam

298 1363 441 1435 punctum
464 1363 535 1434 post
552 1355 770 1417 refractionem
793 1355 986 1418 tendentibus
1009 1355 1298 1435 perpendiculariter
1321 1355 1547 1435 subjiceremur.
1564 1352 1655 1430 plane

299 1445 474 1507 circularem
500 1463 551 1504 seu
568 1443 754 1522 sphaericam
774 1463 842 1506 csse
866 1453 969 1507 statuo
988 1445 1065 1506 hauc
1082 1444 1260 1506 anteriorem
1278 1443 1444 1526 crystallini
1458 1440 1655 1522 superficiem.

388 1533 475 1594 Uvae
502 1539 570 1594 tuta
601 1551 668 1594 cum
695 1533 849 1595 ciliaribus
881 1531 1073 1614 processibus
1104 1534 1194 1595 adest
1220 1541 1340 1595 tantum
1373 1532 1412 1593 ad
1440 1530 1655 1592 obscuritatem

300 1621 509 1696 inducendam,
533 1640 570 1682 ue
596 1621 647 1683 lux
670 1622 761 1683 nimia
784 1622 825 1684 sit
839 1623 977 1684 molesta.
1008 1623 1058 1684 Ad
1074 1621 1205 1701 speciem
1228 1640 1282 1682 seu
1304 1621 1453 1700 picturam
1469 1617 1656 1680 formandam

300 1711 372 1774 nihil
396 1710 525 1784 confert,
548 1727 643 1789 neque
667 1710 694 1771 si
716 1711 876 1785 conferret,
901 1729 1030 1792 uuquam
1054 1711 1136 1772 illam
1161 1711 1332 1772 absolveret
1355 1709 1565 1789 etperliceret,
1590 1723 1657 1767 cum

301 1801 435 1862 foramen
460 1797 548 1860 nimis
573 1797 613 1858 sit
636 1798 766 1878 amplum
790 1818 844 1877 pro
868 1800 945 1861 oculi
970 1799 1121 1879 angustia.
1169 1800 1232 1860 lmo
1261 1799 1291 1860 in
1320 1798 1454 1860 tenebris
1482 1795 1657 1858 constitutis

302 1889 448 1950 dilatatur
471 1887 561 1966 triplo
586 1887 684 1948 laxius
708 1906 796 1967 quam
821 1888 850 1950 iu
874 1888 940 1950 luce
964 1887 1060 1963 Solis,
1094 1895 1128 1950 nt
1156 1887 1185 1948 in
1209 1887 1342 1950 tenebris
1371 1885 1489 1966 quidem
1513 1886 1657 1964 majorem

301 1986 419 2058 partem
444 1973 612 2054 superficiei
636 1977 803 2057 crystallini
828 1978 964 2057 detegat,
996 1997 1053 2057 quo
1077 1977 1143 2056 plus
1173 1976 1248 2038 lucis
1278 1985 1342 2038 tam
1372 1976 1479 2037 debilis
1509 1992 1563 2053 per
1586 1991 1658 2055 cry·

302 2066 458 2128 stallinum
483 2063 521 2124 ad
545 2057 624 2126 ider'n
648 2072 790 2143 puuctum
822 2067 979 2128 collectum
1010 2068 1100 2145 (quae
1129 2065 1267 2128 collectio
1298 2065 1337 2126 ad
1365 2065 1443 2126 idem
1474 2070 1615 2143 punctum
1641 2081 1659 2121 a

302 2153 480 2236 crystallino
504 2153 539 2212 lit
561 2151 625 2213 sino
649 2171 705 2230 cpe
731 2154 901 2228 foraminis)
925 2175 1045 2216 sensnm
1069 2162 1155 2216 tanto
1182 2153 1349 2216 evidentius
1371 2162 1506 2215 moveat:
1538 2151 1568 2211 iu
1593 2150 1658 2211 luce

301 2261 374 2303 vero
391 2240 547 2320 angustior
570 2250 627 2315 est,
652 2248 685 2302 ut
709 2243 776 2320 plus
801 2242 876 2304 lucis
900 2244 1050 2319 excludat,
1076 2263 1113 2304 ne
1137 2251 1201 2304 tam
1225 2243 1312 2304 fortis
1336 2243 1387 2304 lux
1410 2259 1529 2304 sensum
1544 2239 1658 2301 laedat.

303 2332 410 2410 Itaque
440 2328 517 2390 situs
547 2329 702 2390 foraminis
730 2330 818 2409 hujus
848 2331 889 2392 ibi
918 2338 980 2406 est,
1012 2332 1062 2394 ubi
1092 2340 1140 2393 est
1168 2330 1341 2394 intersectio
1369 2330 1537 2402 radiorum,
1566 2345 1660 2389 causa

303 2419 397 2499 ipsius
426 2417 593 2499 crystallini
617 2417 751 2494 aristeus
760 2437 769 2492 ;
794 2420 928 2499 quamvis
953 2421 1027 2481 haec
1051 2420 1225 2482 intersectio
1250 2440 1306 2482 nou
1330 2419 1385 2480 liat
1406 2419 1436 2480 in
1460 2425 1581 2498 puncto,
1605 2414 1659 2477 sed

305 2507 334 2570 iu
359 2505 566 2586 longissimum
590 2525 696 2569 conum
720 2517 883 2587 spargatur
905 2509 943 2570 ob
968 2509 1149 2572 circularem·
1159 2509 1328 2591 crystallini
1348 2507 1543 2588 superficiem.
1575 2503 1660 2567 Situs

305 2595 397 2676 igitur
421 2595 576 2658 foraminis
599 2595 633 2656 fic
656 2594 739 2658 basis
763 2595 851 2676 hujus
875 2598 1120 2660 intersectionem
1144 2598 1221 2659 coni.
1251 2598 1329 2660 Nam
1354 2597 1431 2659 inter
1454 2596 1510 2656 hoc
1524 2595 1659 2655 foramen

305 2693 338 2746 et
362 2685 571 2765 crystallinum
594 2683 677 2745 nulla
707 2692 755 2747 est
784 2685 974 2762 intersecti0‚
1000 2687 1080 2747 etsi
1105 2685 1175 2767 quid
1198 2685 1239 2747 ibi
1269 2695 1352 2749 esset
1379 2685 1456 2747 visui
1479 2683 1659 2763 expositum,

304 2773 458 2836 videretur
481 2789 617 2834 eversum
642 2779 674 2834 et
698 2774 862 2835 confusum.
908 2775 994 2836 Intus
1019 2795 1095 2836 uvea
1118 2783 1166 2836 est
1190 2793 1313 2853 aspera,
1347 2794 1383 2835 ne
1412 2773 1488 2835 levis
1517 2773 1543 2832 si
1568 2775 1659 2845 esset,

306 2875 514 2942 repercussum
539 2861 674 2922 efficeret
697 2863 774 2923 radii
799 2881 836 2924 ex
860 2863 1027 2945 crystallini
1058 2863 1212 2942 superficie
1242 2863 1272 2924 in
1297 2883 1329 2923 se
1358 2859 1536 2942 repercussi.
1584 2860 1662 2920 Tota

306 2953 401 3031 nigra,
427 2950 517 3012 etiam
543 2969 603 3030 qua
618 2950 744 3012 retinam
764 2951 982 3030 complectitor,
1008 2951 1198 3013 substantiae
1213 2951 1414 3014 similitudine.
1437 2949 1662 3012 Nutrimentum

306 3039 399 3109 enim,
429 3057 485 3119 quo
517 3037 667 3102 anteriora
695 3041 781 3118 nigra
813 3039 875 3102 lieri
906 3040 1051 3116 debuere,
1082 3058 1135 3119 por
1166 3040 1337 3102 chornidem
1365 3039 1526 3102 transitum
1558 3037 1659 3098 habet.

306 3127 372 3190 Nisi
397 3127 473 3189 forte
499 3135 530 3188 et
553 3126 652 3194 retina
674 3127 923 3208 perspicuitatem
947 3129 1059 3190 habeat
1083 3129 1216 3210 haecque
1240 3128 1327 3208 nigra
1350 3128 1432 3190 illam
1457 3125 1606 3188 terminet.

394 3215 495 3294 Aquei
518 3214 651 3277 humoris
675 3217 843 3278 necessitas
877 3218 933 3279 l'uit
961 3219 999 3278 ud
1028 3236 1165 3280 cameras
1194 3217 1362 3297 implendas
1391 3225 1423 3278 et
1452 3214 1662 3278 refractionem

306 3303 335 3364 in
360 3321 469 3364 cornea
493 3303 606 3364 factam
629 3306 872 3378 continuandam,
897 3314 931 3368 ut
953 3325 1013 3367 uua
1036 3315 1120 3368 esset
1141 3323 1235 3386 nsque
1260 3306 1298 3368 ad
1321 3305 1540 3387 crystallinum.

397 3389 516 3454 Cornea
539 3391 640 3452 tunica
663 3401 695 3454 ct
718 3392 785 3473 ipsa
817 3395 936 3456 videtur
960 3413 1027 3457 esse
1042 3394 1241 3474 portiuncula
1265 3393 1474 3475 sphaeroidis,
1493 3403 1526 3454 ut
1554 3390 1604 3472 qui
1632 3388 1663 3450 in

307 3480 487 3542 anteriorem
510 3480 677 3562 crystallini
701 3481 887 3561 superficiem
910 3483 1054 3557 incidunt,
1078 3483 1341 3563 perpendiculares
1366 3483 1404 3544 ad
1419 3501 1507 3542 uuum
1522 3487 1662 3560 puuctum

307 3569 387 3632 coire
396 3567 538 3718 fposqiul.
570 3568 652 3631 Nihil
676 3577 778 3631 tamen
802 3569 927 3650 impedit
950 3579 983 3634 et
1005 3589 1131 3634 corneae
1150 3572 1319 3652 perfectam
1344 3591 1411 3633 esse
1430 3569 1662 3638 rotunditatem,

308 3667 341 3720 ut
363 3657 392 3720 in
409 3677 442 3720 ra
486 3656 589 3719 luetur.

398 3797 428 3862 3.
467 3797 754 3861 Demonstratio
778 3817 917 3876 eorum,
947 3819 1040 3880 quae
1065 3799 1167 3864 circa
1189 3801 1326 3864 modum
1350 3799 1509 3864 visionis
1533 3797 1575 3860 de

752 3888 976 3971 crystallino
1000 3888 1103 3952 dicta
1126 3899 1217 3954 sunt.

400 4007 605 4090 Quaecunque
631 4010 693 4072 fere
718 4009 864 4073 hacteuus
894 4012 931 4074 dc
960 4013 1137 4094 crystallino
1166 4012 1248 4075 dicta
1276 4020 1359 4088 suut,
1393 4031 1494 4074 eorum
1529 4008 1665 4090 vulgaria

192 4099 195 4107 ⁴
308 4095 424 4182 passim
456 4105 616 4161 cernuntur
648 4099 856 4178 experimenta
886 4099 915 4161 iu
949 4101 1019 4179 pilis
1053 4101 1258 4183 crystallinis,
1288 4101 1377 4182 inque
1407 4101 1495 4163 ritris
1527 4097 1665 4162 urinariis

309 4187 434 4269 limpida
457 4205 536 4266 aqua
559 4187 693 4266 repletis.
731 4187 853 4250 Etenim
877 4187 901 4248 si
927 4189 992 4268 quis
1017 4208 1083 4251 cum
1106 4189 1276 4271 hujusmodi
1301 4190 1390 4270 globo
1415 4189 1593 4272 crystallino
1617 4187 1665 4247 vel

310 4295 405 4357 aquen
429 4284 535 4338 contra
558 4275 721 4336 fenestram
745 4275 871 4337 vitream
897 4275 1011 4339 stetin
1035 4279 1170 4341 conclavi
1195 4279 1312 4359 aliquo,
1338 4279 1539 4358 adhibeatque
1565 4276 1664 4338 albam

310 4381 456 4446 papyrum
474 4363 550 4443 post
563 4363 693 4443 globum,
718 4363 943 4428 semidiametro
962 4364 1044 4444 globi
1059 4386 1078 4427 a
1092 4367 1227 4447 margine
1246 4367 1328 4447 globi
1351 4375 1506 4442 remotam,
1532 4367 1667 4428 fenestra
1724 4363 1725 4366 ’

310 4453 409 4514 vitreo
432 4471 498 4514 cum
523 4451 710 4514 intextia.ex
733 4448 813 4532 ligno
838 4461 870 4514 et
891 4453 1013 4532 plumbo
1037 4455 1192 4517 canalibus
1221 4455 1365 4518 vitrorum
1395 4455 1503 4519 limbos
1526 4453 1667 4516 obeunti·

312 4540 393 4603 tibus
416 4539 583 4602 clarissime
606 4538 738 4620 piugitur
762 4557 851 4620 super
867 4559 1038 4620 papyrum,
1068 4563 1174 4606 everso
1203 4551 1303 4606 tamen
1329 4543 1398 4606 situ.
1446 4543 1529 4605 Idem
1553 4541 1668 4604 faciunt

313 4645 361 4690 res
393 4635 530 4704 ceterae,
563 4629 590 4690 si
618 4629 708 4709 paulo
739 4629 807 4708 plus
838 4623 1051 4693 obtenebretur
1083 4634 1186 4706 locus;
1220 4633 1295 4693 adeo
1324 4641 1357 4694 ut
1389 4632 1478 4714 globo
1512 4648 1607 4712 equeo
1638 4629 1666 4690 in
1744 4691 1750 4702 ,

313 4733 462 4778 cameram
487 4735 576 4797 quam
599 4735 690 4797 snpra
710 4716 921 4797 descripsimus
945 4717 1027 4798 (cap.
1043 4720 1084 4794 ll,
1106 4746 1137 4805 p.
1155 4719 1189 4794 7)
1213 4721 1299 4782 illato
1314 4729 1346 4782 et
1370 4719 1546 4782 fenestellae
1570 4735 1666 4798 oppo-

313 4803 391 4878 sito,
426 4822 617 4885 quaecunque
650 4825 704 4886 per
736 4805 962 4888 amplitudinem
996 4808 1173 4872 fenestellae
1204 4827 1257 4906 sgr
1292 4809 1444 4871 foraminis
1477 4815 1606 4892 possunt
1630 4807 1667 4867 ad
