3730 5528
652 1374 723 1448 IN
778 1371 1114 1448 OPTICAM

700 1585 846 1649 NOTAE
871 1583 1080 1648 EDITORIS.

300 1973 327 2038 1)
345 1991 369 2040 p.
390 1972 414 2024 ³.
452 1975 653 2025 Alhaaenum
672 1973 727 2024 lien
747 1973 868 2024 Alhssenl
889 1975 998 2024 hrahern
1024 1976 1113 2026 rimsse
1136 1989 1157 2026 c,
1184 1977 1293 2026 seculum
1312 1977 1355 2027 XI.
1381 1978 1475 2030 dicunt
1512 1981 1567 2032 Hoc

210 2051 313 2112 excepto
332 2061 410 2112 eoque
429 2059 480 2094 non
497 2046 573 2111 plane
588 2051 657 2096 certo
670 2045 705 2094 nil
718 2045 749 2094 de
762 2046 883 2095 Albaaeni
898 2046 950 2096 rita
968 2052 1075 2096 constet.
1102 2046 1170 2110 Opus
1184 2051 1236 2110 ejus
1255 2051 1448 2114 manuscriptum
1466 2053 1566 2104 mathe-

210 2121 293 2170 matici
310 2119 458 2182 posteriores
474 2117 584 2182 plerique
602 2118 703 2166 nomine
721 2123 819 2166 tantum
838 2124 864 2166 et
881 2117 963 2172 dtulo,
986 2119 1060 2181 pauci
1085 2133 1143 2167 vero
1161 2134 1189 2168 re
1208 2127 1389 2184 cognoverunt.
1417 2123 1495 2173 donec
1514 2123 1568 2174 Pri·

213 2191 308 2242 derions
326 2189 494 2246 himerus,
513 2185 636 2238 suadente
649 2195 675 2237 et
692 2189 828 2254 instigante
840 2187 913 2238 Petro
928 2187 1028 2238 Remo
1046 2189 1106 2238 illud
1119 2189 1238 2240 Basileae
1256 2191 1444 2254 imprimeudmn
1463 2196 1566 2258 curavit,

213 2261 328 2324 adjuncto
352 2259 539 2310 Vitellionis
565 2273 638 2323 opere
664 2256 742 2319 (arno
762 2255 857 2321 1572),
886 2259 1089 2324 comprehensum
1114 2261 1174 2310 illud
1200 2266 1311 2324 septem,
1338 2263 1384 2313 hec
1410 2270 1467 2313 octo
1492 2265 1567 2317 libris.

214 2331 318 2383 Additus
343 2336 381 2379 est
398 2330 520 2382 eumeni
545 2331 575 2382 de
601 2331 750 2394 crepusculis
775 2331 837 2382 liber
861 2345 932 2382 unns.
969 2331 1098 2394 heeripsit
1123 2338 1209 2382 autam
1233 2331 1353 2383 Risuems
1381 2335 1496 2385 volumen
1519 2336 1568 2386 hoe

213 2405 301 2468 ingens
320 2399 404 2467 (pepp.
424 2403 450 2450 in
463 2401 521 2450 iolio
539 2401 593 2465 plns
607 2415 680 2466 qnam
693 2398 772 2464 700)ε
794 2401 945 2466 „Opticee
964 2401 1172 2452 Thesaurus.“
1204 2403 1244 2452 De
1262 2402 1442 2456 Vitellione
1460 2407 1521 2456 item
1539 2414 1569 2458 at

213 2475 244 2524 de
267 2473 393 2526 Alhsseuo
418 2487 505 2537 pamm
532 2474 592 2524 certi
614 2474 726 2524 relernnt
750 2473 868 2524 historici.
906 2473 1137 2524 Tanstetterus
1162 2474 1204 2538 qni
1229 2487 1284 2522 cnm
1309 2474 1409 2526 Petro
1435 2477 1567 2540 Apiano

211 2547 314 2610 primum
333 2543 473 2594 Vitellionie
491 2559 552 2610 opas
571 2543 649 2594 edidit
667 2541 820 2606 (Vitellionis
845 2543 1014 2596 mathematici
1039 2543 1174 2594 doctissimi
1192 2556 1259 2614 περι
1276 2533 1416 2610 Ὀπτικης,
1435 2547 1461 2597 id
1480 2554 1518 2599 est
1536 2551 1568 2600 de

211 2623 316 2674 natura,
337 2616 447 2678 ratione,
467 2621 492 2665 et
509 2617 659 2680 projectione
678 2615 801 2666 radiorum
819 2616 900 2670 risus.
925 2615 1061 2678 luminum,
1089 2615 1196 2664 colorum
1220 2621 1294 2680 atque
1318 2617 1466 2676 formarum,
1493 2633 1567 2684 qnam

211 2689 283 2753 vulgo
301 2687 485 2750 Perspectiram
504 2693 603 2744 vocant,
622 2686 690 2737 Libri
703 2685 733 2736 X.
752 2685 861 2736 Norimb.
877 2682 958 2748 1535)
977 2687 1002 2735 in
1021 2687 1176 2750 praefatione
1194 2685 1258 2736 haec
1276 2687 1372 2751 prodit:
1391 2687 1478 2740 hutori
1495 2705 1566 2755 porro

211 2773 299 2808 nomen
320 2765 359 2808 est
377 2757 470 2822 gentile
483 2757 584 2814 vitello,
604 2758 645 2822 qui
664 2773 694 2808 er
713 2757 827 2823 Turingis
841 2756 947 2806 Polonus
967 2757 1047 2814 annis,
1060 2763 1089 2805 ut
1108 2759 1221 2820 conjicio,
1242 2757 1331 2808 abhinc
1347 2757 1402 2824 plns
1419 2761 1501 2810 minus
1514 2759 1567 2811 000

211 2831 277 2880 vixit.
309 2829 493 2880 Weidlerns
511 2831 536 2878 in
555 2829 667 2879 Historia
685 2827 857 2878 Astronomiae
878 2827 962 2878 addit:
982 2833 1077 2886 „matre
1091 2827 1219 2894 Thuringa
1237 2835 1263 2878 et
1280 2835 1351 2893 petre
1364 2829 1456 2881 Polono
1475 2839 1566 2890 natus:

211 2917 242 2951 ex
259 2901 363 2951 Polonis
390 2901 459 2950 renis
476 2903 503 2950 in
520 2899 621 2950 Italiam
640 2907 666 2950 et
685 2901 718 2950 sd
736 2899 856 2950 Gabalum
878 2900 943 2949 inter
961 2899 1092 2948 Patavium
1117 2907 1142 2948 et
1160 2899 1319 2950 vincentiam
1347 2901 1483 2960 habitarit;
1510 2903 1567 2952 dein

211 2973 316 3024 viterbii
341 2978 507 3022 commoratus
533 2977 580 3022 est.
616 2971 686 3022 Vixit
710 2973 778 3024 droa
802 2967 1010 3022 annum1270.“
1047 2969 1133 3019 Verba
1159 2977 1307 3030 „matre...
1330 2973 1422 3022 natns“
1448 2975 1568 3024 deeumsit

210 3045 273 3094 iorte
291 3043 437 3102 Weidlems,
456 3042 629 3094 Risnernns
648 3048 764 3100 secutur.
790 3056 821 3092 er
837 3043 996 3106 inscriptione
1025 3041 1189 3092 dedicationis
1209 3041 1348 3094 Vitellioais
1371 3045 1407 3094 sic
1430 3052 1566 3108 concepta:

210 3115 331 3166 Veritatis
357 3115 463 3166 amatori
486 3115 557 3164 fratri
576 3114 714 3164 Gnilhelmo
733 3114 764 3164 de
782 3111 902 3164 blorbela
925 3111 1041 3169 Vitellio,
1068 3113 1131 3162 lilius
1156 3113 1336 3179 Thuringomm
1361 3122 1387 3165 et
1409 3115 1565 3168 Polonornm.

210 3183 317 3250 Tempus
336 3199 382 3250 quo
401 3187 461 3236 vixit
477 3184 578 3236 Vitellio
596 3185 685 3236 islsnm
703 3185 773 3251 ponit
791 3183 974 3241 Tanstetterns.
992 3184 1085 3236 rectius
1102 3184 1247 3242 Weidlerus.
1267 3185 1332 3250 quod
1351 3185 1381 3235 G.
1395 3186 1426 3236 de
1438 3187 1567 3246 Morbeha.

211 3257 348 3308 monachus
367 3255 490 3307 Dominici
510 3258 609 3315 ordinis,
629 3257 733 3321 posthac
747 3255 858 3306 Corinthi
878 3257 1014 3320 episcopas,
1035 3257 1102 3307 circa
1122 3255 1196 3308 linem
1215 3257 1291 3306 seculi
1305 3252 1371 3306 Xlll.
1391 3262 1501 3308 mortuns
1521 3266 1566 3310 cst.

212 3327 274 3378 Gum
287 3327 427 3378 Vitellionis
446 3341 515 3393 opas,
533 3336 562 3380 nt
575 3343 605 3378 ex
623 3327 701 3378 literis
719 3341 780 3394 quas
794 3325 888 3392 Opticis
905 3328 1077 3392 praemisimus
1091 3333 1117 3376 et
1130 3341 1160 3376 ex
1179 3342 1252 3391 opere
1264 3327 1366 3392 Kepleri
1383 3330 1457 3392 ipsius
1477 3329 1566 3390 elucet,

212 3405 238 3449 et
255 3403 380 3450 testantur
401 3401 485 3449 omnia
510 3399 557 3448 illis
582 3401 731 3463 temporibus
756 3399 825 3449 edite
850 3399 880 3449 de
904 3399 952 3448 hoc
977 3398 1137 3449 scientiarum
1162 3413 1254 3464 genere
1278 3400 1384 3463 scripta,
1410 3402 1569 3464 praecipuum

213 3471 287 3520 luerit
304 3471 495 3521 tundamentum
521 3472 670 3536 optinorum,
690 3471 813 3536 Keplerns
831 3485 891 3534 opus
917 3483 988 3520 snum
1012 3470 1084 3533 quasi
1111 3471 1307 3533 supplementum
1326 3469 1465 3520 Vitellianis
1483 3469 1576 3521 haberi*

213 3542 289 3591 soluit
314 3548 390 3606 atque
415 3543 575 3606 inscriptione
596 3541 802 3605 „Paralipomena
820 3541 853 3591 sd
871 3539 1045 3591 Vitellionens“
1066 3540 1203 3591 adornavit.
1241 3540 1365 3604 Keplertu
1384 3543 1482 3608 quidem
1508 3554 1568 3606 opus

211 3627 283 3664 snum
302 3613 406 3664 minime
421 3613 456 3662 ad
473 3625 586 3664 normam
597 3613 738 3664 Vitelllonis
757 3613 872 3670 institnit,
893 3619 1071 3677 contre..qnse
1095 3611 1169 3674 hujus
1188 3625 1248 3676 opus
1265 3613 1332 3662 iales
1351 3615 1493 3662 autminus
1511 3627 1566 3676 per·

212 3686 298 3748 spicae
317 3685 411 3734 tradite
428 3683 520 3741 habet,
546 3685 680 3736 emendare
698 3692 725 3734 et
743 3685 865 3748 explicare
888 3689 1007 3742 conetur,
1027 3697 1075 3734 neo
1092 3689 1178 3734 tamen
1196 3685 1242 3744 its,
1260 3689 1289 3732 nt
1311 3683 1410 3748 singula
1429 3682 1568 3732 Vitelllonis

211 3755 367 3819 problemata
385 3761 546 3820 percurreret,
565 3756 609 3806 sed
627 3756 778 3820 peculiarem
796 3762 897 3806 secutus
914 3755 1027 3812 modum,
1047 3768 1080 3804 ea
1097 3760 1194 3805 tantem
1213 3760 1342 3818 tangeret,
1361 3769 1425 3818 quae
1444 3754 1470 3803 in
1491 3753 1568 3804 Vitel-

210 3827 278 3878 lione
297 3826 461 3878 occurrebant
480 3827 513 3878 ad
531 3841 602 3878 suam
620 3841 673 3877 rem
690 3828 850 3892 pertinentia
875 3826 999 3890 Keplerus
1011 3827 1037 3876 in
1055 3839 1129 3889 opere
1147 3837 1191 3874 sao
1210 3826 1361 3876 marimens
1380 3831 1451 3888 parte
1469 3830 1568 3888 spectat

211 3899 395 3956 astrommiam,
415 3897 516 3948 Vitellio
536 3904 624 3948 contra
645 3899 811 3949 sehonomiee
836 3898 889 3948 iere
907 3897 999 3948 nnllam
1023 3897 1173 3948 mentionem
1197 3896 1258 3948 iacit
1282 3903 1387 3961 excepte
1410 3896 1567 3952 retractione,

210 3970 248 4020 ita
265 3974 294 4018 nt
313 3967 415 4033 Kepleri
434 3983 491 4035 pare
511 3969 622 4020 secunda
640 3969 692 4020 iere
710 3969 770 4019 nibil
788 3969 929 4020 Vitellionis
947 3968 1046 4020 referat.

301 4037 331 4100 2)
350 4055 374 4104 p.
396 4039 437 4090 15.
473 4039 677 4091 Roeslinns:
694 4041 739 4091 Ich
757 4039 834 4096 halle.
855 4041 913 4092 dass
932 4041 975 4090 der
992 4054 1057 4091 neue
1070 4037 1143 4090 Stern
1161 4039 1226 4088 lixae
1244 4038 1324 4087 instar
1336 4052 1397 4101 seyn
1414 4037 1504 4093 werde,
1522 4037 1568 4088 wie

213 4110 257 4160 der
275 4123 341 4161 anuo
363 4111 437 4162 1572.
464 4111 513 4163 Die
526 4111 584 4163 Zeit
602 4113 662 4164 aber
679 4113 752 4163 virdo
764 4113 852 4179 geben,
872 4113 924 4163 und
942 4112 1041 4162 werden
1054 4111 1093 4161 dle
1112 4111 1200 4162 summi
1213 4110 1356 4168 astronomi,
1376 4107 1413 4158 als
1426 4107 1456 4159 D.
1471 4107 1567 4160 Maest-

212 4182 276 4232 linas
294 4184 345 4233 und
363 4183 495 4248 Keplerue‚
513 4185 577 4248 letrt
594 4198 635 4235 am
653 4183 825 4236 Kaiserliohen
843 4183 902 4240 Hoi,
921 4182 985 4232 wohl
1003 4184 1092 4233 vlssen
1111 4196 1144 4232 an
1163 4182 1218 4246 Τις
1237 4195 1268 4230 su
1285 4179 1347 4231 than
1365 4180 1415 4230 und
1432 4181 1509 4231 vider
1527 4180 1568 4230 dle

212 4255 381 4306 Aristotelicas
400 4271 432 4305 sn
451 4255 572 4306 erhalierr.
610 4255 643 4319 (E
662 4255 772 4306 Roeslini
791 4255 881 4316 libello,
900 4269 972 4318 quern
991 4255 1095 4303 diximus
1113 4253 1161 4302 Vol
1180 4253 1201 4307 I,
1220 4268 1243 4315 p.
1263 4248 1338 4313 197.)

302 4322 330 4385 3)
349 4343 373 4390 p.
394 4323 437 4376 35.
475 4325 640 4390 Hieronymus
659 4328 846 4384 Fabricius,
865 4331 940 4376 astru
954 4339 1020 4376 anno
1039 4321 1106 4374 1507
1122 4323 1328 4388 Aquapendente⁹
1346 4323 1413 4372 unde
1432 4335 1568 4387 cognomen

213 4398 320 4462 accepit,
339 4399 438 4463 scripsit
454 4405 589 4448 mactatum
612 4399 667 4450 „De
685 4397 764 4450 Visu⁸⁴
784 4413 850 4450 anno
870 4392 949 4446 1500.
975 4393 1047 4457 Quae
1066 4402 1123 4460 post
1140 4409 1234 4447 annum
1255 4391 1328 4444 1504.
1350 4393 1427 4444 edidit
1445 4393 1494 4443 bac
1512 4407 1566 4456 per·

213 4469 328 4526 menda,
348 4469 379 4522 de
392 4470 423 4520 iis
435 4469 496 4520 nihil
509 4476 623 4528 constan
638 4475 704 4520 certe
722 4470 921 4520 anatomicos
934 4468 1070 4526 Fabricius,
1083 4481 1159 4520 senex
1171 4473 1225 4517 tam
1243 4465 1359 4530 temporis
1372 4461 1407 4512 70
1420 4464 1470 4514 iere
1489 4479 1567 4516 auno·

213 4553 275 4598 mm,
295 4541 315 4588 si
334 4539 397 4591 forte
415 4541 504 4607 legerit
522 4539 609 4590 librum
627 4539 729 4605 Kepleri
747 4540 1030 4596 mathematicum.
1057 4553 1131 4606 aegre
1149 4537 1217 4588 illum
1236 4539 1262 4588 in
1280 4552 1351 4588 suom
1369 4550 1441 4586 usum
1460 4537 1567 4590 vertent.

303 4609 397 4676 Caspar
408 4611 512 4662 Benhi
522 4627 577 4662 nus
596 4612 747 4664 basileensis
761 4610 825 4673 (nat.
841 4609 918 4670 1500,
933 4618 1004 4662 mort.
1019 4607 1100 4672 1624)
1115 4611 1212 4662 celeber
1225 4609 1379 4659 anatomions
1393 4612 1418 4656 et
1429 4607 1567 4670 botanicus,

214 4681 329 4732 Basileae
348 4681 425 4732 edidit
444 4697 467 4733 a
489 4679 570 4732 ists:
601 4681 751 4742 „Theatrum
771 4681 955 4734 anatomicnm⁴¹
975 4681 1108 4733 Dedicatio
1128 4679 1173 4745 (ad
1191 4679 1336 4730 Mauritium
1353 4679 1463 4730 Hassiee
1481 4677 1564 4729 Lend-

214 4749 336 4873 milium)
356 4754 417 4804 dats
435 4761 474 4804 est
493 4753 563 4814 „Cel
583 4753 714 4820 Angusti‚“
735 4769 794 4819 opus
814 4769 871 4820 ergo
891 4755 1030 4805 absolutum
1049 4755 1137 4810 luisse.
1159 4767 1206 4820 qno
1225 4758 1335 4816 tempore
1354 4749 1456 4815 Kepleri
1475 4749 1566 4814 Optice

215 4837 257 4889 pre
283 4825 311 4882 lt,
330 4826 369 4874 six
387 4824 496 4875 dubium.
788 4852 793 4868 .
