3718 5528
745 305 827 372 caput
844 305 889 356 vt.
915 306 958 358 lt.
1462 305 1525 376 291

167 481 366 544 imitabuntur
394 482 578 562 paucissimi.
634 482 782 544 Doctrina
813 481 905 561 igitar
941 481 1056 561 primae
1096 483 1292 562 apparitionis
1323 485 1527 548 astronomiae

169 572 344 634 necessaria
367 581 433 646 est,
460 590 547 650 quam
571 571 759 632 Reinholdus
784 591 822 631 ex
846 571 1013 632 Pnrbachin
1046 589 1099 649 per
1122 591 1231 633 causas
1254 573 1358 636 Lunae
1381 573 1528 638 visionem

170 660 221 720 vel
244 660 434 721 retardantes
458 661 506 721 vel
529 669 741 739 promoventes
765 659 948 720 sufficienter
972 659 1075 721 tradit.
1109 659 1194 722 Inter
1218 679 1326 722 causas
1350 663 1405 724 has
1430 664 1527 724 eollo-

173 749 444 828 catobliquitatem
460 751 617 828 sphaerae,
643 749 748 828 longos
772 749 820 809 vel
845 749 951 810 breves
966 757 1089 810 exortus
1113 757 1144 810 et
1163 767 1289 812 occasus
1312 751 1400 829 signi,
1425 752 1453 812 in
1470 771 1527 832 quo

172 840 332 899 decurrunt
354 839 512 900 luminaria
520 857 529 912 ;
554 838 742 900 latitudinem
766 833 871 901 Lunae
895 838 1018 900 boream
1041 837 1089 898 vel
1113 839 1290 912 austrinam,
1316 857 1456 918 maguam
1479 841 1527 902 vel

170 945 310 1006 parvam;
340 927 536 990 velocitatem
558 928 607 988 vel
631 927 807 990 tarditatem
838 926 869 987 in
892 926 1014 1004 periodo
1039 946 1107 987 sua:
1143 928 1250 1006 quibus
1274 929 1360 988 addit
1382 928 1528 1007 prolixius

170 1017 218 1076 vel
241 1014 362 1078 brevius
387 1017 602 1095 crepusculum.
635 1015 678 1076 Et
700 1023 801 1076 tamen
826 1031 892 1076 eum
907 1015 1092 1076 Purbachius
1117 1015 1254 1092 dixisset,
1279 1016 1395 1078 Lunam
1422 1017 1528 1078 eodem

170 1103 219 1166 die
242 1111 375 1165 veterem
400 1113 433 1166 et
455 1123 563 1166 novam
587 1105 668 1166 cerni
692 1123 792 1184 posse,
818 1103 894 1182 qnod
920 1122 985 1166 cum
1007 1101 1187 1182 antiquitate
1203 1105 1348 1184 congruit,
1376 1105 1424 1185 qui
1440 1106 1527 1165 novi-

170 1191 241 1254 lunii
266 1193 345 1254 diem
368 1213 406 1254 ex
429 1212 465 1254 ec
488 1190 552 1271 inp
575 1217 622 1254 και
643 1215 711 1254 secr
734 1193 887 1272 appellare
913 1203 984 1253 sunt
1002 1193 1093 1260 soliti,
1119 1203 1151 1254 et
1174 1212 1239 1256 cnm
1256 1193 1343 1256 Plinii
1368 1193 1527 1265 affirmato,

170 1281 250 1360 qnod
278 1282 344 1362 jam
372 1302 390 1342 a
414 1283 518 1364 lynceo
548 1283 676 1364 quodam
705 1281 773 1342 visa
800 1282 843 1343 sit
875 1281 979 1342 eodem
1011 1281 1058 1342 die
1087 1289 1118 1342 et
1151 1301 1237 1344 mane
1268 1291 1339 1344 ante
1363 1282 1467 1344 Solem
1496 1291 1528 1344 et

171 1371 289 1448 vesperi
313 1379 384 1450 post
407 1369 524 1432 Solem:
559 1371 746 1432 Reinholdus
776 1371 805 1430 in
830 1369 929 1446 cqusis
963 1371 1000 1430 ad
1025 1371 1081 1432 hoc
1104 1371 1331 1448 pronunciatum
1356 1389 1526 1433 accommo-

171 1457 279 1520 dandis
303 1460 391 1520 valde
416 1461 514 1522 sudat.
561 1459 697 1538 Denique
722 1459 761 1520 ad
785 1459 1000 1538 experientiam
1023 1467 1176 1538 provocat.
1218 1459 1293 1538 Ego,
1321 1480 1356 1520 ne
1381 1460 1455 1522 nihil
1478 1461 1526 1522 hic

172 1547 310 1619 aderam,
344 1549 497 1622 existimo,
532 1549 608 1608 hanc
637 1567 700 1609 rem
728 1547 841 1628 regulis
872 1548 1081 1627 cortiprehendi
1114 1568 1171 1610 non
1196 1567 1294 1628 posse.
1343 1549 1423 1610 Vere
1449 1550 1526 1611 enim

172 1633 359 1697 Reinholdns
384 1637 440 1711 ait,
474 1639 607 1698 aestivas
632 1645 735 1698 noctes
769 1635 908 1698 claritate
942 1657 996 1697 sua
1030 1637 1156 1698 multum
1181 1637 1286 1699 afferre
1310 1637 1524 1718 impedimenti.

173 1723 214 1785 Et
237 1733 304 1785 tota
328 1726 416 1804 culpa
430 1727 535 1787 haeret
557 1725 587 1786 in
603 1733 682 1802 abre,
708 1726 756 1806 qui
780 1725 805 1786 si
829 1725 905 1787 satis
929 1744 1020 1804 purus
1044 1735 1076 1786 et
1091 1725 1264 1788 deluecatus
1288 1725 1338 1798 sit,
1362 1738 1395 1788 ut
1409 1726 1525 1808 hyeme,

174 1821 330 1894 spectator
351 1834 421 1875 vero
446 1815 474 1876 in
494 1817 566 1894 jugo
590 1813 664 1875 editi
689 1815 813 1894 alicujus
837 1815 947 1876 montis
968 1814 1125 1886 consistat,
1149 1815 1284 1894 superior
1306 1833 1416 1894 magna
1439 1826 1526 1896 parte

175 1904 332 1963 crassioris
356 1904 442 1982 hujus
466 1905 554 1978 atris,
582 1905 652 1964 nihil
678 1905 813 1984 equidem
837 1903 1006 1984 prohibeat,
1031 1903 1146 1964 Lunam
1170 1905 1198 1964 in
1223 1905 1289 1984 ipso
1310 1905 1527 1984 conjunctionis

176 1991 303 2052 articulo
322 1989 413 2070 juxta
436 1991 537 2054 Solem
562 1993 589 2053 in
614 1993 689 2053 coeli
713 1993 810 2053 medio
835 1991 928 2066 cerni,
964 1993 1110 2072 siqnidem
1143 1993 1267 2054 limitem
1300 1995 1427 2055 alterum
1455 2013 1526 2074 per-

175 2080 308 2160 agret.*)
333 2079 412 2142 Nam
427 2082 485 2142 etsi
501 2101 557 2142 uon
573 2083 708 2161 pluribus
722 2079 895 2162 5gradibns
912 2101 930 2141 a
945 2079 1016 2143 Sole
1033 2081 1140 2142 abesse
1154 2091 1266 2160 potest,
1283 2101 1374 2162 quare
1390 2082 1440 2154 viri
1455 2101 1528 2163 sep-

174 2170 373 2249 tuagesimam
387 2171 520 2250 corporis
536 2169 715 2250 particulam
731 2171 816 2232 nobis
836 2171 978 2244 ostendit,
1005 2181 1094 2252 atque
1114 2171 1144 2233 id
1164 2173 1260 2250 ipsum
1280 2181 1313 2232 ut
1332 2171 1361 2232 in
1376 2171 1527 2250 margines

173 2259 279 2320 Lunae
302 2271 455 2338 receptum
481 2281 513 2321 se
537 2261 604 2338 ipso
632 2261 724 2320 inulto
748 2260 890 2338 gracilius
921 2269 1063 2338 apparet:
1095 2261 1171 2339 quod
1196 2259 1316 2339 quidem
1339 2259 1528 2322 Reinholdus

176 2346 235 2407 sibi
260 2347 317 2426 ipsi
341 2348 468 2409 sollicite
493 2348 610 2428 objicit;
635 2347 767 2409 vicissim
793 2357 892 2410 tamen
917 2359 998 2409 totus
1022 2349 1126 2410 Lunae
1151 2349 1251 2410 discus
1275 2349 1392 2428 integro
1417 2347 1529 2411 Terrae

175 2433 285 2497 lumine
309 2438 412 2498 fruens
448 2437 535 2498 lacile
566 2439 627 2499 fieri
662 2447 764 2516 potest
799 2449 832 2499 ut
863 2457 915 2518 pro
945 2437 1116 2499 conditione
1141 2437 1197 2500 ioci
1227 2448 1259 2499 et
1291 2437 1421 2498 videntis
1450 2437 1530 2499 aeris

174 2525 343 2586 claritatem
368 2526 511 2588 discutiat
534 2544 624 2606 seque
648 2525 763 2588 visibus
792 2527 927 2606 ingerat,
963 2546 1028 2588 cum
1053 2545 1143 2606 saepe
1175 2527 1256 2588 a'dris
1290 2526 1436 2587 horizonti
1470 2525 1530 2587 cir·

174 2613 301 2676 cumfnsi
326 2634 470 2676 summam
495 2615 667 2677 claritatem
690 2616 803 2678 vincat.
849 2615 962 2678 notum
987 2617 1063 2676 enim
1089 2626 1152 2689 est,
1179 2633 1254 2696 quae
1279 2615 1372 2695 optiei
1395 2615 1433 2676 de
1457 2633 1530 2694 pro-

174 2702 275 2764 fundis
303 2705 402 2782 puteis
436 2715 627 2766 asseverent:
658 2705 735 2785 quod
764 2703 872 2766 stellae
908 2703 1011 2765 vertici
1036 2705 1227 2766 inhaerentes
1252 2702 1372 2764 exiliis
1396 2701 1530 2784 conspici

174 2791 294 2872 possint
324 2791 387 2852 visu
420 2813 438 2853 a
470 2792 640 2856 circumfusi
673 2795 752 2854 aeris
786 2793 926 2855 claritate
956 2793 1093 2855 liberato.
1148 2793 1245 2854 Multo
1275 2789 1372 2872 magis
1405 2791 1431 2853 si
1465 2794 1530 2872 quis

175 2891 263 2942 extra
285 2890 383 2940 metas
406 2889 469 2943 tant
492 2883 588 2943 crassi
612 2882 700 2958 a'e'ris,
727 2883 775 2962 qui
791 2881 873 2945 Solis
898 2881 998 2942 radios
1021 2883 1150 2965 undique
1174 2879 1296 2960 exeipit,
1321 2880 1350 2941 in
1375 2880 1438 2942 alto
1458 2899 1531 2940 con-

174 2969 308 3030 sisteret.
356 2970 455 3049 Atque
481 2989 538 3031 non
563 2971 639 3032 hanc
663 2979 779 3032 tanturn
805 2973 842 3033 ob
866 2990 998 3046 cansam,
1023 2973 1076 3033 sed
1101 2971 1191 3032 etiam
1211 2971 1249 3030 ob
1268 2969 1309 3044 id,
1334 2969 1412 3048 quod
1427 2967 1531 3030 Lunae

175 3060 276 3120 lumen
300 3057 469 3120 clarissimo
502 3061 550 3120 die
575 3059 654 3122 cerni
681 3071 784 3139 potest
812 3072 972 3140 praesente
997 3059 1083 3136 Sole,
1114 3059 1218 3140 judico
1249 3057 1438 3119 altitudinem
1469 3057 1531 3138 poli

175 3159 208 3207 et
231 3147 396 3208 varietates
416 3157 572 3210 exortnum
591 3150 805 3229 propemodum
820 3151 938 3222 cadere,
954 3149 1074 3229 fierique
1096 3149 1183 3210 facile
1198 3165 1298 3227 posse,
1325 3147 1413 3208 Luna
1428 3148 1531 3208 veloce

175 3235 260 3296 etin
286 3236 430 3298 limitibus
453 3249 605 3312 versante,
630 3249 663 3298 ut
687 3239 791 3299 eodem
814 3239 862 3299 die
887 3246 973 3299 vetus
999 3248 1029 3299 et
1052 3259 1131 3299 nova
1155 3247 1319 3318 appareat:
1346 3235 1434 3314 idque
1458 3253 1531 3296 nes-

175 3325 222 3384 cio
247 3343 284 3384 an
300 3325 468 3404 expeditius
493 3327 520 3386 in
546 3327 611 3406 ipso
635 3326 712 3387 coeli
736 3329 833 3388 medio
857 3346 943 3407 quam
969 3327 1050 3387 eirca
1064 3327 1268 3390 horizontem:
1295 3323 1344 3385 ubi
1370 3343 1427 3404 qno
1452 3324 1530 3385 obli-

176 3411 262 3492 quius
286 3421 318 3473 et
340 3414 456 3493 longius
480 3415 555 3476 radii
579 3414 703 3477 Solares
727 3435 869 3496 vaporem
898 3426 1072 3488 transeunt,
1105 3417 1161 3478 hoc
1185 3413 1329 3494 majorem
1360 3413 1531 3474 claritatem

176 3501 319 3578 efficiunt,
344 3501 458 3583 hocque
481 3505 577 3583 magis
601 3505 703 3566 oculos
728 3503 965 3578 excaecant.**)
1306 3501 1308 3506 ’

264 3723 291 3791 *l
314 3727 501 3782 Condicionem
520 3727 594 3782 hanc
614 3726 653 3780 sic
674 3726 784 3794 accipe,
813 3733 845 3780 ut
866 3725 964 3780 mentis
992 3724 1124 3794 planities
1147 3741 1250 3794 supera
1277 3724 1447 3794 speculatori
1468 3741 1531 3778 cen·

175 3813 300 3878 spectum
330 3805 402 3860 aeris
430 3808 504 3862 iutra
530 3824 593 3861 sese
623 3806 756 3860 radiantis
786 3805 953 3875 intercipiat.
995 3806 1065 3860 Nam
1092 3805 1163 3858 haec
1192 3804 1283 3858 omnia
1312 3804 1469 3858 referuntur
1497 3806 1531 3858 ad

175 3887 292 3950 oculum,
315 3889 385 3957 quod
399 3887 577 3958 sequentibus
599 3886 748 3957 diligenter
762 3893 838 3940 nete.
868 3887 939 3942 Nem
954 3885 1023 3940 eitra
1036 3892 1196 3954 respectum
1216 3883 1372 3937 directionis
1394 3885 1534 3938 oculorum

175 3967 223 4022 Sol
245 3983 312 4020 sane
334 3983 353 4020 a
373 3968 442 4020 coeli
462 3968 550 4022 medio
581 3967 682 4020 clarius
713 3965 839 4020 illustrat
867 3973 958 4020 terras
979 3973 1009 4019 et
1037 3970 1130 4018 aerem
1159 3961 1345 4032 majoremque
1376 3963 1533 4017 claritatem

175 4045 260 4100 eflicit
281 4045 348 4110 diei,
377 4062 459 4117 qnam
483 4046 621 4100 horizonti
648 4045 822 4109 incumbens,
852 4047 923 4116 quod
950 4046 1085 4099 hactenus
1114 4050 1262 4097 ostensum.
1305 4049 1344 4096 at
1365 4059 1424 4096 curn
1445 4045 1478 4096 de
1500 4061 1533 4096 ee

175 4126 283 4197 agitur,
309 4127 382 4180 unde
402 4127 505 4181 rectius
526 4127 606 4180 Luna
632 4126 720 4195 possit
749 4125 824 4180 cerni
847 4125 935 4196 juxta
955 4125 1047 4180 Solem
1068 4131 1163 4178 stans:
1192 4138 1256 4176 num
1276 4139 1314 4176 ex
1335 4122 1408 4176 edite
1429 4132 1532 4184 monte,

174 4206 322 4260 luminibus
344 4207 372 4260 in
393 4206 463 4260 coeli
483 4207 571 4261 medio
599 4206 788 4270 versantibus,
821 4222 856 4260 en
878 4223 915 4259 ex
944 4205 1074 4276 planitie,
1106 4203 1329 4256 occumbentibus
1357 4203 1435 4256 illisi
1466 4211 1532 4258 tunc

177 4285 283 4341 omnino
304 4287 435 4356 splendor
456 4287 529 4340 aeris
544 4286 618 4341 circa
630 4285 723 4340 Solent
744 4287 947 4340 occumbentem
964 4293 1009 4338 est
1027 4284 1112 4338 latior
1133 4297 1214 4354 quam
1235 4282 1308 4336 circa
1329 4283 1534 4348 culminantem,

175 4365 261 4420 latius
281 4367 370 4436 igitur
390 4373 509 4437 occupat
529 4367 645 4420 oculum.
687 4369 729 4418 Ac
754 4365 808 4419 etsi
834 4365 934 4420 clarior
958 4365 1089 4436 splendor
1114 4363 1187 4417 aeris
1208 4361 1236 4415 in
1257 4361 1345 4415 medio
1369 4363 1440 4416 coeli
1460 4378 1531 4416 com·

176 4445 308 4510 maniter,
331 4454 426 4501 umen
445 4453 568 4500 nostrum
592 4445 795 4516 speculatorem
822 4445 951 4500 altiorem
978 4443 1168 4499 constituimus
1189 4458 1224 4495 ee
1244 4442 1374 4506 materia,
1404 4457 1475 4512 quaa
1497 4443 1532 4499 eb

176 4523 438 4580 &terrenitatem
459 4529 528 4580 adeo
549 4525 756 4597 resplendescit.

262 4603 305 4676 ⁸)
326 4606 422 4676 Tycho
449 4606 543 4660 Brahe
573 4622 646 4660 anno
676 4603 761 4660 1583.
789 4603 831 4659 14.
854 4603 949 4659 Martii
973 4601 1043 4657 vidit
1061 4603 1169 4656 Lunam
1196 4599 1224 4654 in
1256 4593 1307 4654 15⁰
1331 4597 1371 4664 Υ,
1402 4617 1463 4655 eum
1483 4601 1532 4655 Sel

177 4683 319 4740 occidisset
338 4686 367 4738 in
388 4677 421 4738 4ο
450 4689 485 4753 Υ.
526 4685 598 4741 Erat
617 4685 698 4738 Luna
717 4684 744 4738 in
766 4685 849 4737 boreo
870 4683 965 4738 limite.
990 4715 1025 4726 --
1047 4689 1112 4739 Hist.
1125 4685 1192 4737 Coei.
1204 4702 1228 4750 p.
1242 4685 1294 4736 ts:
1315 4687 1379 4745 ,Dte
1394 4685 1435 4736 rt.
1447 4688 1532 4738 Mersit

176 4764 259 4814 eadm
276 4769 333 4828 poet
355 4775 473 4812 oecunrn
491 4759 553 4813 Solis
572 4761 687 4828 apparuit
704 4775 770 4812 asra
787 4761 868 4820 Luna
893 4761 991 4812 etamsi
1010 4761 1050 4810 die
1068 4759 1177 4824 prorlme
1196 4757 1357 4809 antecedenti
1374 4757 1399 4808 h.
1413 4757 1439 4809 8.
1458 4775 1480 4824 p.
1495 4773 1529 4809 m.

175 4831 249 4886 acts
265 4833 443 4886 mellentum!

1255 4909 1317 4966 tt*
