3684 5518
763 287 846 356 Gapnt
863 289 895 342 V.
914 290 939 342 2.
1467 289 1534 360 235

175 465 324 528 radiomm
359 467 421 528 fere
453 465 536 528 nulla
567 466 601 529 iit
630 485 709 529 nova
741 466 884 530 refractis
916 468 944 529 in
978 468 1129 532 anteriore
1162 469 1331 552 crystallini
1364 472 1532 552 superficie,

177 554 309 636 quamvis
333 555 500 637 crystallini
529 556 651 622 densius
686 557 726 617 sit
759 557 889 618 medium
922 577 1011 638 quam
1040 558 1136 639 aquei.
1184 561 1316 622 Rursum
1350 569 1453 623 autem
1483 562 1532 624 bic

178 662 305 706 araneae
330 651 363 706 et
386 662 441 704 suo
465 644 588 720 humori,
613 645 789 726 crystallino
813 645 938 724 scilicet,
964 646 1083 708 ascribo
1099 648 1225 709 eandem
1240 648 1422 710 densitatem
1437 670 1531 713 causa

177 732 384 806 refracticnis,
415 740 448 794 ut
471 741 503 794 et
526 733 604 795 infra
627 733 723 796 vitreo
748 743 779 796 et
802 735 922 796 tunicae
956 734 1106 817 hyalinae.
1154 735 1350 799 Descendunt
1377 737 1469 818 igitur
1502 740 1532 802 hi

178 822 260 884 unius
283 821 388 900 puncti
412 821 507 892 radii,
540 830 684 902 quantum
708 843 810 886 eornm
838 842 890 903 per
916 824 1049 886 foramen
1073 843 1167 886 ureae
1192 825 1249 888 fuit
1273 826 1456 901 admissum,
1480 848 1533 909 per

176 929 290 972 curnem
315 909 552 990 profunditatem
576 911 744 994 crystallini
772 931 890 992 semper
921 913 1018 991 magis
1049 914 1206 992 magisque
1243 923 1401 990 coeuntes,
1434 919 1532 996 quoad
1582 931 1588 942 ·

177 999 369 1080 pervenerint
393 999 432 1061 ad
455 1000 652 1080 posteriorem
685 1001 852 1083 crystallini
887 1001 1111 1083 hyperbolicam
1142 1003 1337 1080 superficiem.
1384 1004 1531 1086 Adeoque

175 1088 287 1151 sideri
312 1094 427 1168 posset,
453 1097 486 1150 ut
508 1089 611 1151 horum
636 1090 787 1152 radiorum
811 1089 920 1152 seriem
944 1091 973 1151 in
998 1090 1084 1151 oculo
1108 1091 1241 1152 sectione
1265 1093 1331 1171 quis
1354 1092 1531 1170 imitaretur,

174 1177 200 1240 is
223 1198 245 1237 a
267 1177 390 1240 summis
424 1195 550 1238 corneae
579 1197 671 1258 nsque
707 1179 743 1239 ad
768 1179 899 1240 ultimas·
914 1178 1082 1260 crystallini
1107 1185 1210 1258 partes
1234 1199 1324 1241 uuam
1347 1183 1533 1263 eandemque

177 1267 293 1328 faceret
317 1267 450 1328 conicam
474 1267 669 1346 superficiem,
695 1267 780 1347 cujus
804 1267 923 1347 quidem
946 1267 1114 1346 amplitudo
1139 1276 1187 1329 est
1211 1267 1343 1330 foramen
1369 1280 1461 1332 ureae
1481 1271 1532 1333 illo

174 1357 250 1429 loco,
274 1363 384 1418 vertex
406 1373 478 1416 vero
499 1355 650 1417 desiturus
673 1363 757 1418 esset
779 1357 808 1416 iu
832 1365 974 1435 punctum
990 1355 1110 1436 aliquod
1135 1363 1206 1434 post
1220 1357 1347 1420 oculum.
1377 1358 1447 1420 Jaru
1462 1379 1532 1421 vero

175 1443 251 1506 radii
275 1443 306 1506 bi
329 1461 383 1522 per
405 1444 539 1505 conicam
562 1445 760 1523 posteriorem
786 1445 953 1525 crystallini
989 1443 1174 1526 superficiem
1200 1443 1230 1506 in
1255 1444 1383 1508 vitreum
1407 1449 1531 1526 egressi,

175 1532 259 1612 cnjus
283 1541 331 1594 εει
354 1532 482 1594 medium
506 1533 602 1594 rarius
626 1534 725 1595 medio
751 1533 937 1615 crystallini,
962 1533 1166 1612 refringantur
1194 1534 1533 1614 aperpendicularibus
1561 1551 1568 1564 ·

175 1619 204 1684 in
227 1619 414 1701 superficiem
437 1638 491 1700 per
513 1629 625 1701 puncta
648 1622 859 1684 refractionum
884 1621 997 1696 ductis,
1032 1640 1123 1701 quare
1149 1622 1183 1682 fit
1206 1629 1239 1685 ιιι
1269 1623 1393 1685 refracti
1421 1633 1531 1687 coeant

174 1729 280 1772 versus
303 1728 406 1784 ιιιιειιις
430 1710 530 1789 itaque
555 1710 753 1773 terminantur
777 1710 912 1772 breviore
937 1719 968 1772 et
992 1709 1146 1772 obtusiore
1161 1728 1245 1779 cono,
1270 1730 1358 1792 quam
1375 1713 1529 1788 fueratis,

175 1817 232 1880 qno
255 1798 402 1861 hactenus
425 1809 634 1879 pervenerant.
683 1785 801 1862 Coeunt
824 1801 914 1878 igitur
947 1800 1074 1880 denique
1104 1817 1208 1861 omnes
1231 1797 1262 1859 bi
1294 1800 1372 1862 radii
1404 1801 1442 1862 ab
1473 1821 1531 1864 uno

175 1895 285 1968 puncto
317 1886 461 1949 visibili
452 1907 481 1949 ιιι
504 1896 647 1991 punctum
679 1889 769 1969 plane
800 1907 909 1964 unum,
941 1887 1019 1969 qnod
1048 1895 1097 1950 est
1129 1886 1313 1967 ipsissimum
1343 1898 1477 1952 centrum
1502 1899 1534 1952 et

175 1975 352 2038 extremitas
376 1977 458 2038 nervi
482 1976 584 2058 optici,
610 1996 667 2058 qno
691 1977 716 2040 is
743 1979 808 2040 loco
833 1979 948 2040 retinae
972 1975 1171 2040 connectitur.
1210 1977 1289 2039 Nam
1313 1978 1353 2040 ad
1373 1977 1449 2040 banc
1463 1999 1533 2061 cry·

180 2064 296 2128 stallini
319 2064 503 2126 densitatem
527 2074 559 2128 et
583 2067 712 2128 futuram
735 2068 840 2130 harum
863 2065 1078 2128 refractionem
1099 2065 1335 2144 magnitudinem
1359 2073 1469 2129 natura
1486 2075 1535 2130 est

180 2154 318 2216 dimensa
340 2154 471 2234 epatium
495 2154 626 2216 humoris
650 2155 739 2218 vitrei
761 2155 968 2237 crystallinum
992 2153 1072 2216 inter
1096 2161 1126 2214 ει
1150 2154 1289 2216 retinam.

263 2243 366 2324 Atque
396 2244 471 2305 baec
504 2243 621 2306 demum
657 2252 705 2306 est
733 2243 965 2306 distinctissime
995 2242 1086 2318 visio,
1122 2261 1189 2304 cum
1219 2244 1363 2305 universa
1399 2242 1534 2323 ejusdem

176 2332 278 2412 puncti
293 2332 352 2406 lux,
378 2339 607 2413 quantacunque
622 2352 730 2413 sparsa
745 2341 793 2395 est
814 2351 869 2412 per
892 2331 1118 2413 amplitudinem
1142 2332 1248 2393 conia
1275 2331 1418 2394 foramine
1440 2351 1534 2394 ureae

176 2420 316 2500 admissi,
343 2420 460 2484 duabus
491 2420 741 2491 refracticnibns,
769 2422 867 2483 altera
889 2423 919 2484 in
944 2439 1069 2490 cornea,
1094 2420 1193 2483 altera
1216 2421 1246 2482 iu
1270 2422 1437 2500 posteriore
1464 2440 1534 2504 cry-

177 2509 294 2570 stallini
325 2509 495 2590 superficie,
525 2509 655 2589 cogitur,
682 2519 713 2572 et
743 2511 860 2572 unicnru
885 2511 1000 2574 retinae
1024 2518 1181 2588 puuctum,
1213 2509 1396 2588 ipsissimum
1428 2528 1535 2590 nempe

174 2597 316 2660 orificium
346 2599 444 2671 nervi,
476 2599 652 2660 facultatem
685 2599 828 2662 visoriam
853 2619 906 2662 sen
931 2597 1070 2678 spiritum
1093 2598 1247 2672 vehentis,
1276 2597 1439 2664 fortissime
1463 2598 1534 2660 illu-

176 2695 277 2759 strat,
309 2687 406 2767 adque
431 2687 460 2749 id
483 2695 624 2768 punctum
650 2689 723 2750 nulli
747 2687 796 2749 alii
822 2689 860 2750 ab
884 2689 944 2750 ullo
978 2687 1037 2748 alio
1064 2687 1180 2748 lucente
1205 2693 1316 2766 puncto
1340 2685 1416 2748 radii
1440 2687 1533 2751 allabi

178 2782 314 2854 possunt,
340 2775 483 2838 beneficio
508 2775 635 2856 nigroris
659 2784 690 2837 et
713 2777 875 2857 opacitatis
896 2795 999 2850 ureae,
1026 2775 1183 2854 angustiae
1201 2775 1365 2849 foraminis,
1388 2775 1534 2840 ciliarinm

175 2881 380 2945 processuum,
406 2873 437 2926 et
461 2872 637 2939 ceterorum,
663 2865 700 2926 de
725 2866 829 2947 quibus
854 2867 943 2946 paulo
967 2872 1038 2943 post
1061 2864 1187 2926 dicetur.

265 2950 406 3015 Ceterum
431 2955 509 3034 quod
533 2955 677 3015 hacteuus
702 2955 788 3017 nobis
812 2955 867 3016 fuit
891 2953 1077 3034 propositum
1102 2952 1230 3026 visibile,
1255 2951 1286 3012 id
1306 2958 1448 3030 puuctum
1463 2952 1530 3026 fnit,

175 3060 233 3104 non
258 3057 381 3120 corpus:
413 3060 503 3122 quare
533 3050 638 3121 partes
672 3061 729 3104 nou
761 3044 868 3106 babuit
900 3061 996 3123 neque
1029 3041 1174 3104 distincta
1206 3041 1315 3103 dextra
1343 3061 1362 3102 a
1390 3039 1530 3114 sinistris,

177 3149 289 3212 supera
312 3130 351 3190 ab
374 3129 488 3192 inferis.
528 3130 633 3210 Neque
658 3149 728 3192 vere
753 3132 868 3194 visibile
893 3132 948 3193 sed
971 3131 1161 3204 elementum,
1187 3149 1239 3191 seu
1263 3129 1360 3208 magis
1385 3129 1532 3192 terminus

176 3218 220 3282 rei
244 3217 388 3292 visibilis;
418 3220 463 3281 nti
488 3227 520 3280 et
542 3219 611 3299 ipsa
634 3219 736 3299 puncti
758 3221 834 3282 visio
859 3221 1004 3282 hacteuus
1028 3219 1180 3302 explicata
1203 3237 1261 3280 non
1285 3227 1334 3280 est
1357 3218 1534 3299 accipienda

177 3327 232 3388 pro
256 3301 466 3370 consummata
498 3307 625 3381 visione,
655 3309 708 3369 sed
740 3327 794 3390 pro
823 3309 952 3389 quodam
980 3307 1104 3369 visionis
1135 3307 1296 3368 elemento.
1343 3307 1422 3372 Nam
1446 3307 1532 3370 utin

177 3417 209 3458 re
233 3395 344 3458 visibili
367 3405 439 3459 sunt
460 3396 556 3459 multa
578 3405 698 3478 puncta,
723 3399 769 3460 ita
792 3405 824 3460 et
847 3399 943 3458 multa
965 3397 1007 3458 rei
1023 3396 1102 3458 illius
1117 3395 1242 3458 visionis
1267 3395 1352 3477 quasi
1372 3397 1531 3458 elementa.

179 3487 344 3565 bianetque
367 3485 425 3548 111.
454 3483 504 3550 19.
530 3484 704 3548 Vitellianis
729 3486 937 3548 nihilominus:
963 3484 1035 3546 nihil
1059 3485 1163 3556 videri,
1187 3485 1244 3546 nisi
1268 3485 1351 3564 cujus
1375 3485 1533 3564 sitaliqua

177 3573 353 3658 magnitudo
379 3573 653 3656 proportionabilis.
701 3574 751 3637 Sit
773 3593 844 3662 ergo
868 3580 1012 3653 puuctum
1036 3573 1117 3634 alind
1146 3573 1236 3652 juxta
1258 3573 1341 3652 prius
1365 3581 1396 3634 et
1420 3573 1533 3635 directa

181 3663 370 3766 oppositum,
404 3663 561 3726 declinans
584 3663 623 3725 ab
647 3683 682 3725 eo
707 3665 746 3726 ad
778 3664 924 3725 dextram.
972 3663 1050 3724 illud
1088 3661 1179 3741 igitur
1216 3671 1357 3742 punctum
1395 3679 1533 3722 corneam

180 3753 278 3833 ipsum
303 3771 418 3833 qnoque
442 3753 607 3817 illustrabit
630 3761 663 3814 et
690 3752 858 3834 subjectam
887 3751 1010 3827 iridem,
1045 3751 1168 3830 ejusque
1204 3751 1336 3812 foramen
1370 3749 1534 3811 intuebitur

179 3861 216 3902 ειι
241 3839 370 3921 obliquo.
417 3843 522 3923 Itaque
546 3841 621 3904 radii
645 3861 700 3922 per
724 3841 878 3904 foraminis
902 3840 1045 3902 circulum
1067 3837 1232 3900 intromissi
1256 3837 1387 3919 speciem
1407 3837 1533 3900 exbibe-

178 3930 254 3992 bnnt
281 3928 349 3990 coni
375 3929 502 4005 scaleni,
536 3931 585 4011 qui
615 3930 732 3994 secabit
761 3949 867 3993 conum
896 3937 1010 3992 rectum
1039 3926 1146 4007 prioris
1179 3928 1281 4005 puncti
1318 3926 1348 3987 iu
1386 3926 1533 3988 foramine

125 4095 131 4104 Ι
181 4037 275 4082 uveae
300 4025 425 4096 etpost
447 4020 611 4083 sectionem
634 4019 715 4083 intra
737 4037 844 4081 uveam
860 4019 1036 4080 concedet
1029 4037 1058 4078 ιιι
1083 4023 1186 4095 partes
1206 4015 1354 4084 sinistras,
1379 4015 1534 4076 illustrans

180 4114 298 4210 partem
322 4105 441 4187 quidem
465 4109 632 4186 superficiei
656 4109 823 4190 crystallini
847 4129 866 4168 a
888 4107 980 4186 priori
1003 4105 1096 4168 etiam
1112 4106 1303 4180 illustratam,
1327 4111 1444 4184 partem
1464 4121 1534 4166 vero

181 4179 314 4276 apri'nri
337 4203 449 4274 puncto
471 4215 530 4259 non
554 4197 752 4270 illustratam,
782 4197 837 4259 sed
870 4195 1091 4268 sinistriorem;
1123 4202 1155 4255 et
1182 4195 1217 4255 fit
1241 4211 1317 4272 pene
1341 4193 1431 4266 idem,
1456 4191 1535 4273 quod

181 4302 272 4364 snpra
295 4301 360 4363 cap.
377 4284 417 4346 II.
443 4285 746 4348 demonstravimus'
738 4306 767 4347 m
792 4286 897 4347 clausa
910 4304 1030 4347 camera
1053 4282 1126 4344 lieri.
1164 4283 1243 4344 Nam
1257 4282 1434 4362 pupillaest
1449 4281 1534 4343 fene-

183 4380 263 4435 strae
287 4373 364 4446 loco,
390 4373 584 4454 crystallinus
609 4375 673 4436 loco
698 4375 855 4454 oppositae
874 4373 1014 4436 tabulae:
1041 4371 1099 4434 nisi
1123 4373 1201 4451 quod
1220 4373 1257 4433 cb
1272 4370 1404 4450 pupillae
1420 4378 1536 4452 etcry·

183 4462 295 4524 stallini
332 4461 586 4543 propinquitatem
621 4462 668 4524 hic
701 4463 831 4525 noudum
862 4463 943 4525 facta
973 4470 1020 4524 eet
1054 4459 1190 4540 plenaria
1222 4459 1410 4533 intersectio;
1445 4477 1536 4539 quara

184 4552 307 4613 confusa
330 4551 427 4613 adbuc
452 4550 560 4613 omnia.
594 4552 629 4613 In
654 4550 833 4614 anteriorem
857 4551 949 4632 igitur
972 4548 1161 4630 superficiem
1185 4548 1353 4631 crystallini
1377 4565 1470 4610 conus
1488 4547 1536 4610 hic

183 4637 303 4704 sinister
327 4639 426 4704 factus
450 4639 583 4702 incidens
616 4640 796 4720 refringatur
828 4661 933 4704 versus
962 4657 1067 4702 conum
1098 4646 1229 4708 rectum,
1265 4637 1402 4717 obliquus
1435 4647 1536 4699 tamen

184 4725 372 4792 nihilominus
404 4729 612 4810 crystallinum
644 4729 772 4809 trajicit,
796 4738 940 4811 tantoque
978 4728 1089 4792 rectius
1121 4725 1259 4806 impingit
1287 4725 1316 4787 in
1350 4726 1537 4806 superficiem

184 4816 405 4900 hyperbolicam
429 4817 607 4901 crystallini,
632 4817 682 4880 ubi
705 4819 812 4882 iterum
836 4820 890 4881 sed
913 4837 1019 4900 parum
1044 4833 1149 4878 versus
1173 4833 1277 4877 conum
1292 4814 1422 4896 priorem
1437 4815 1536 4878 direc-
