3700 5530
738 306 769 359 da
788 305 867 360 Stella
883 305 963 358 Nora.
1462 307 1528 376 533

262 483 323 534 Post
347 489 427 544 crtum
453 483 577 536 luciacum
603 483 709 535 mnbum
736 484 873 536 decrevisse
899 483 1110 534 animadvertitur.
1147 482 1221 546 Quae
1248 485 1314 536 enlm
1341 491 1418 538 anna
1442 487 1528 538 iorem

175 556 311 619 superabat
330 563 356 605 et
374 570 429 606 aum
441 554 540 607 Venere
560 557 681 612 cenabat,
700 570 810 607 exnunc
827 556 867 605 six
885 570 942 606 cnm
960 554 1034 605 ccrde
1050 555 1189 618 Scorpionis
1209 562 1304 608 certare
1322 559 1425 619 videtur,
1440 557 1527 608 Satur·

173 639 233 675 num
251 627 291 675 rix
308 631 417 691 superat.
443 625 549 678 Lumina
567 633 653 678 tamen
665 633 768 678 utente
787 641 887 678 corusco
900 627 1151 678 “vehementissime
1169 627 1322 679 scintillante
1340 629 1422 680 adbuc
1439 630 1527 695 telget,

174 697 279 746 colorem
297 711 393 762 quoquo
411 697 444 748 ad
461 705 589 749 momenta
607 713 680 763 prope
706 700 805 766 singula
821 699 918 756 variat,
945 698 1012 748 dara
1031 711 1165 763 apparens.
1193 714 1250 749 mcx
1268 713 1372 758 mosa,
1392 715 1406 751 e
1423 703 1527 767 emtigio

173 781 297 832 purpurea
315 775 341 818 at
356 769 421 824 ruia.
440 771 615 834 utplurimum
635 767 676 831 (ex
689 771 817 834 vaporibus
834 769 909 834 paulo
927 769 1002 820 altius
1020 767 1131 832 elevata)
1145 770 1259 820 candida.
1285 770 1320 821 Ut
1333 778 1392 822 ante
1411 786 1526 822 occasum

174 839 299 889 bellacum
317 840 489 904 magnitudine
513 841 600 892 eadem
626 843 756 905 apparuit,
774 843 818 900 ita,
838 855 912 904 qnam
931 855 961 890 ax
978 841 1053 891 radiis
1077 841 1191 906 prodiens
1219 843 1364 892 diminutam
1391 849 1528 893 monstraro

175 911 263 973 coepit,
282 910 403 961 haownns
421 911 569 962 interieram
586 914 692 963 rotinere
711 913 813 962 ridetur.
852 911 902 963 Sed
920 912 951 961 dc
969 925 1001 962 aa
1021 914 1074 975 jnm
1092 915 1170 973 satin
1195 928 1271 962 unum
1287 915 1411 978 quidpiam
1429 915 1454 963 in
1475 917 1527 976 ejus

175 982 345 1032 cbsarrnticno
363 997 409 1046 ego
429 983 510 1033 adhuc
528 983 650 1040 desidero,
668 983 724 1034 ideo
743 984 866 1034 edanum
885 984 1010 1047 abrumpo.

264 1052 309 1101 His
328 1055 437 1116 exceptis
456 1053 515 1104 nihil
535 1056 587 1121 egit
604 1055 728 1118 Keplerus
752 1070 807 1105 eum
825 1054 959 1105 Maestiino
977 1062 1030 1104 tum
1052 1055 1167 1118 temporis
1186 1057 1263 1105 nimis
1283 1057 1407 1107 taeitrrrnc
1432 1054 1463 1104 de
1480 1056 1528 1108 bae

175 1122 258 1172 stella.
294 1122 392 1188 (comp.
412 1126 490 1188 praei.
511 1125 543 1175 ad
562 1127 704 1190 opusculum
723 1125 755 1176 da
773 1126 846 1176 stella
863 1127 889 1174 in
909 1123 1015 1192 Cygno.)
1034 1153 1067 1164 -·

266 1193 305 1244 De
331 1195 418 1244 studiis
446 1197 496 1246 suis
522 1197 689 1247 Herearto
716 1197 824 1247 referans
851 1197 973 1260 Keplerus
1000 1196 1064 1246 haee
1089 1195 1187 1259 scripsit
1213 1194 1249 1256 (d.
1278 1194 1318 1246 13.
1343 1197 1401 1248 Jan.
1430 1194 1527 1259 lttt):

177 1263 334 1336 Quaesisti
356 1275 389 1326 tu
415 1285 559 1348 perquam
582 1275 718 1330 amanter
742 1277 772 1330 et
795 1269 955 1330 honorilice
979 1269 1015 1329 de
1040 1268 1113 1330 meis
1144 1267 1260 1330 studiis.
1305 1269 1372 1350 Ego
1395 1289 1467 1330 vero
1492 1289 1529 1330 ex

176 1373 232 1434 quo
257 1354 296 1415 ad
319 1354 361 1416 M.
388 1356 422 1418 T.
447 1357 551 1419 ultimo
575 1357 682 1436 scripsi
707 1357 837 1430 (quantum
861 1365 1066 1429 emenuscriptis
1094 1365 1209 1430 colligere
1235 1380 1378 1430 possumus,
1408 1365 1526 1428 „ultima“

175 1455 192 1492 a
210 1441 318 1506 Koplaro
337 1443 370 1494 ad
386 1443 542 1498 liarwartum
561 1445 623 1496 dote
640 1447 746 1510 epistola
764 1452 803 1498 eat
821 1459 860 1504 ca.
880 1460 953 1512 quam
971 1445 1138 1510 proposuimus
1164 1460 1238 1512 supra
1255 1462 1279 1512 p.
1300 1443 1343 1506 tt.
1363 1447 1386 1498 d.
1407 1445 1449 1496 27.
1469 1449 1528 1510 dpr.

175 1523 234 1570 snut
254 1519 331 1572 1605.
355 1521 474 1587 scripta),
502 1517 575 1578 nihil
607 1517 757 1596 praestiti.
804 1517 882 1579 Nam
912 1537 966 1596 per
997 1525 1059 1578 trcs
1093 1537 1213 1580 menses
1246 1518 1329 1580 ablui
1356 1518 1386 1580 iu
1410 1518 1524 1600 Styrirt.

175 1599 297 1666 (Prapam
313 1603 394 1662 rediit,
413 1609 478 1656 teste
496 1605 545 1656 hoo
563 1605 618 1668 ipsa
635 1605 741 1668 epistola
759 1605 781 1655 d.
802 1603 845 1656 26.
865 1605 933 1670 sept
955 1602 1031 1662 1605.
1051 1619 1125 1668 quum
1143 1608 1169 1655 in
1187 1606 1286 1656 exordic
1304 1607 1412 1658 scribat:
1430 1607 1528 1658 Literna

174 1679 231 1722 tuas
251 1669 275 1720 6.
294 1675 360 1740 Aug.
380 1676 492 1739 scriptas,
511 1677 561 1742 legi
580 1674 622 1726 27.
643 1675 721 1742 Sept..
741 1691 796 1726 oum
813 1676 980 1742 praecedente
1002 1684 1077 1728 nocte
1100 1678 1197 1728 domum
1216 1693 1230 1728 a
1249 1677 1333 1741 styria
1353 1674 1529 1738 mremissem.)

175 1739 255 1812 Quid
280 1765 297 1804 a
321 1747 419 1808 reditu
442 1748 564 1826 egerim,
589 1747 706 1809 abunde
731 1749 807 1811 satis
832 1748 992 1828 perscripsi
1017 1746 1154 1828 superius
1174 1756 1337 1819 (Celenderis
1360 1765 1385 1808 et
1406 1757 1528 1823 Episemo-

174 1841 240 1892 rides
259 1845 411 1908 conscripsit,
431 1845 614 1896 observationes
633 1845 756 1910 Tyohcnis
774 1845 988 1912 perscrutabatur,
1013 1847 1116 1912 negotia
1143 1847 1279 1896 domestica
1297 1843 1421 1908 absolvit).
1459 1837 1529 1900 Jam

179 1922 303 2004 accingo
328 1943 373 1985 rue
398 1925 435 1984 ad
467 1925 699 2006 descriptionem
730 1928 838 1989 stellae
862 1927 986 2002 Novae,
1022 1935 1054 1989 et
1077 1927 1146 2006 quia
1179 1927 1251 1988 inihi
1280 1947 1328 1988 res
1352 1935 1400 1990 est
1428 1927 1529 1990 futura

176 2029 241 2072 cum
265 2012 452 2094 philosophis
476 2014 512 2076 de
537 2015 616 2090 istc,
642 2017 774 2090 fortuna,
800 2035 882 2092 casu,
908 2017 976 2077 dum
1000 2013 1136 2095 expendo
1163 2015 1330 2078 mirabilem
1354 2034 1528 2078 concursum

176 2101 392 2180 conjunctionis
416 2121 544 2182 magnae
568 2111 600 2166 et
623 2104 741 2178 stellae,
765 2105 832 2167 ideo
857 2105 942 2186 coepi
966 2106 1066 2186 legere
1089 2105 1338 2186 Augustinum
1362 2105 1403 2166 de
1434 2103 1526 2166 civi-

174 2197 253 2250 tate
284 2191 358 2254 Dei.
407 2195 504 2265 (comp.
524 2201 679 2267 finemcsp.
699 2203 789 2254 xxiv.
812 2200 979 2267 hujnslibri.)
1017 2193 1175 2256 Thecria
1204 2193 1340 2257 Martis
1370 2201 1528 2274 exspectat

175 2278 311 2358 aliquem,
339 2279 386 2359 qui
411 2291 525 2344 sumtus
550 2283 578 2345 in
604 2303 677 2363 opus
702 2286 847 2346 conferat.
886 2291 1022 2354 Quaerenti
1039 2291 1168 2344 Hersartc
1188 2289 1218 2341 de
1238 2291 1406 2356 disquisitione
1425 2291 1527 2342 chrono-

173 2375 263 2442 logica,
283 2391 357 2442 quam
376 2377 512 2442 Keplcrum
531 2383 667 2434 coniecisse
686 2383 822 2441 audiverat,
841 2383 967 2446 respoudit
985 2381 1108 2447 chlerus
1120 2391 1126 2433 τ
1138 2371 1526 2452 occasionescircumspicio

173 2457 339 2518 excedendi
363 2461 545 2538 opusculum,
573 2463 619 2526 cui
643 2464 720 2526 lianc
745 2465 977 2544 disputationem
1000 2463 1055 2524 ieci
1081 2463 1287 2542 appendicem.
1308 2467 1344 2532 (5.
1364 2465 1527 2531 Jun.1too.)

172 2545 320 2609 impressum
348 2545 434 2597 librum
460 2549 528 2599 haud
545 2551 582 2600 ita
606 2551 682 2602 multo
710 2557 766 2616 post
792 2553 887 2602 misisse
913 2551 1010 2601 videtur
1027 2549 1149 2614 Keplerns
1167 2549 1306 2608 flassano,
1335 2565 1390 2601 oum
1408 2551 1434 2600 in
1451 2551 1528 2600 literis

173 2617 246 2679 hujus
265 2615 289 2666 tl.
310 2613 352 2667 28.
371 2618 434 2668 Νοι.
455 2617 532 2672 1606.
557 2623 621 2673 haec
646 2625 715 2674 nobis
739 2630 885 2674 coornent:
915 2621 974 2673 Scin
993 2621 1127 2672 Schreiben
1145 2622 1194 2671 hab
1211 2621 1257 2672 Iolr
1275 2621 1438 2686 ampiangen‚
1468 2622 1528 2671 aber

172 2688 319 2754 gleiclstrolsl
345 2692 440 2742 meinos
467 2695 693 2759 aumgattandaner
719 2694 963 2747 Loibssehvaohheit
990 2693 1041 2743 und
1071 2693 1208 2744 bernacher
1234 2693 1371 2758 gepdegter
1397 2693 1529 2744 Badtkbur

169 2759 259 2810 balbas
277 2760 326 2809 biss
349 2761 407 2812 dato
426 2766 641 2816 mvsrsndtvordt
658 2767 750 2816 lassen.
787 2766 858 2816 Auch
875 2765 924 2816 hab
942 2764 987 2815 ich
1005 2765 1048 2814 des
1066 2765 1146 2814 Herrn
1162 2767 1250 2830 jungat
1268 2777 1429 2829 ausgangone
1448 2764 1526 2814 baeda

174 2829 285 2880 Biiechel
296 2831 343 2880 trol
356 2835 511 2900 empfangec,
532 2836 590 2886 thue
603 2836 669 2888 mich
687 2837 815 2888 desselben
830 2837 1042 2886 Communication
1060 2834 1198 2886 ireundlich
1213 2835 1354 2892 bedanken,
1373 2835 1422 2884 will
1434 2835 1525 2892 solete,

174 2914 248 2952 utun
266 2903 302 2952 sie
321 2904 465 2968 gebnnden,
493 2907 574 2958 aiaton
597 2909 682 2959 lassen
698 2909 750 2958 und
768 2908 876 2959 hernach
895 2908 950 2958 dem
967 2907 1048 2958 Herm
1073 2906 1165 2957 wieder
1189 2907 1270 2956 daron
1292 2905 1428 2958 schreiban.
1464 2905 1525 2955 Was

174 2973 216 3022 dte
233 2972 428 3038 Flirstenperson
452 2977 518 3028 albia
544 2979 648 3039 batridb,
677 2981 723 3030 bat
747 2980 815 3030 disse
834 2994 866 3030 an
891 2979 1049 3044 dorgleichen
1068 2977 1166 3028 Sachen
1185 2977 1307 3042 partein
1333 2977 1450 3029 affection
1468 2978 1527 3027 oder

174 3044 332 3110 sennense.
362 3047 416 3102 Das
433 3048 482 3100 hab
499 3049 545 3100 Iob
560 3051 613 3101 Ime
632 3067 664 3104 sn
675 3052 867 3104 Widerantvort
883 3053 921 3103 nit
938 3051 1015 3102 salian
1033 3048 1162 3102 ruhaltan
1179 3049 1230 3100 und
1247 3048 1312 3100 bleib
1329 3049 1383 3099 Ima
1401 3049 1525 3102 dsrnebm

174 3130 338 3184 angenamme
356 3117 447 3168 Dienst
464 3135 496 3170 aa
515 3125 633 3172 amanen
651 3123 736 3172 allneit
752 3123 834 3188 willig.
853 3147 889 3158 -

260 3187 309 3239 Die
329 3185 354 3238 6.
372 3189 457 3240 Martii
477 3188 552 3240 1607.
577 3188 641 3244 lsaec
665 3194 733 3244 dedit
751 3193 893 3244 Herwartus
911 3191 1036 3256 Keplero:
1063 3189 1152 3242 Iudam
1170 3190 1213 3240 dar
1230 3189 1295 3242 Hert
1315 3193 1382 3241 mein
1406 3192 1526 3254 judicium

173 3259 275 3325 begert,
294 3260 326 3310 de
343 3262 513 3324 praedictione
533 3279 563 3314 ex
580 3277 646 3314 nova
672 3263 745 3315 atella
764 3271 790 3316 et
808 3264 838 3315 dc
856 3279 914 3314 tero
933 3263 1023 3314 Christi
1051 3275 1116 3312 anno
1143 3261 1274 3318 natalitio,
1301 3263 1333 3312 iet
1358 3277 1384 3312 es
1412 3263 1464 3312 also
1482 3263 1524 3312 be·

172 3330 292 3391 sohad'au,
313 3331 370 3382 dass
389 3333 433 3383 lob
451 3335 514 3384 wohl
533 3334 645 3386 Ursaoha
662 3335 747 3394 hetta,
776 3336 854 3386 demit
872 3351 903 3384 sn
921 3335 1103 3390 hinterhalten,
1129 3333 1185 3383 troil
1203 3347 1230 3384 as
1247 3333 1372 3386 riedcicht
1389 3333 1433 3384 der
1450 3333 1529 3384 Mune

173 3401 217 3453 des
235 3402 382 3456 smsertens
401 3405 454 3460 und
472 3406 642 3458 Coniuts'arens
660 3409 698 3458 nit
724 3407 810 3460 worm.
847 3407 911 3458 Weil
931 3422 957 3458 es
976 3408 1036 3458 aber
1060 3406 1104 3458 dtr
1121 3405 1186 3458 Hert
1203 3406 1294 3471 urgirt,
1322 3405 1371 3456 will
1388 3405 1434 3458 loli
1452 3421 1479 3456 es
1497 3421 1530 3458 au

172 3479 259 3538 putem
276 3473 419 3526 Vartranen
436 3478 500 3528 rond
518 3479 568 3528 und
586 3478 653 3530 offen
671 3480 778 3530 melden.

262 3543 322 3594 Waa
349 3546 530 3609 praedictiones
557 3549 693 3600 inturcnsm
717 3567 747 3600 ax
775 3550 847 3600 astris
873 3548 989 3614 belangt.
1016 3548 1089 3598 weiss
1106 3545 1150 3597 Ich
1176 3545 1253 3609 wohl,
1280 3546 1345 3612 quod
1371 3563 1421 3596 non
1449 3547 1529 3597 desint

175 3611 297 3665 Catholici
315 3631 411 3682 qnoque
423 3617 549 3684 'i'heolcgi‚
569 3622 610 3684 qui
627 3619 814 3672 inclinationem
833 3621 872 3671 sel
889 3621 948 3685 quid
965 3619 1044 3670 simila
1065 3619 1137 3669 asnis
1156 3619 1182 3668 in
1199 3624 1298 3668 tantum
1315 3619 1433 3675 tdbnant,
1452 3625 1481 3667 nt
1498 3633 1528 3667 ax

173 3685 204 3734 ils
223 3687 307 3736 intusa
324 3688 408 3752 aliqua
434 3693 551 3753 praesciri
578 3699 688 3756 queante
716 3701 826 3744 ceterum
852 3707 925 3756 quam
949 3692 1022 3747 bene.
1044 3691 1091 3754 ipsi
1109 3689 1221 3740 viderint.
1258 3687 1303 3738 Ich
1319 3689 1370 3739 hab
1387 3689 1452 3739 noch
1469 3689 1528 3738 kain

173 3757 278 3808 solidum
296 3767 322 3808 et
340 3759 436 3810 firmum
462 3761 650 3814 fundamentum
677 3763 761 3816 linden
788 3764 906 3824 ktnnan,
936 3762 1026 3814 darani
1051 3763 1119 3812 diese
1144 3760 1298 3825 praediction
1316 3774 1348 3810 aa
1365 3759 1449 3810 luascu
1467 3773 1530 3822 sayn

172 3827 253 3878 sollte.
280 3829 351 3880 Etsi
369 3831 432 3884 bene
449 3833 576 3898 ingenium
593 3836 649 3886 novi
667 3840 737 3884 tuum
756 3842 868 3900 apertum
887 3841 913 3884 at
931 3833 1071 3894 candidum,
1091 3831 1203 3897 gedunkt
1221 3829 1295 3888 mich,
1316 3844 1342 3880 es
1359 3844 1404 3894 say
1422 3844 1467 3880 ans
1486 3829 1529 3880 das

172 3899 253 3950 Harsa
267 3901 328 3950 Hin·
349 3903 399 3952 nnd
410 3902 619 3970 Her-Disputircn
638 3906 746 3958 selbsten
764 3921 792 3956 so
805 3906 851 3956 rial
871 3905 1050 3964 abznnehman‚
1070 3903 1128 3954 dcss
1141 3917 1168 3953 er
1185 3903 1262 3953 selbst
1273 3902 1311 3950 nit
1327 3903 1417 3963 ιιοίιιι,
1436 3899 1532 3951 woraui

173 3985 200 4022 ar
218 3971 272 4022 siet
291 3973 405 4024 dissiaffls
423 3975 548 4026 serlassen
567 3977 646 4027 sollte.

263 4043 356 4096 inierat
372 4046 480 4098 fortasse
498 4048 602 4113 aliquis:
628 4063 686 4114 ergo
706 4049 769 4098 iorte
787 4049 886 4098 lortnna
910 4047 1057 4111 contingunt
1076 4059 1107 4094 es
1125 4044 1225 4100 omnia,
1243 4043 1351 4107 quaein
1370 4042 1440 4094 coslo
1457 4056 1530 4106 epac·

173 4121 260 4166 tantur
278 4124 304 4168 at
321 4117 460 4168 bominibus
478 4117 538 4170 nihil
555 4121 653 4183 penitus
671 4118 795 4184 prosunt?
820 4118 892 4184 Nego
912 4117 1122 4182 consequentiam,
1141 4115 1193 4164 und
1210 4112 1357 4164 uberachiok
1374 4114 1431 4164 dem
1447 4113 1529 4163 Herm

173 4187 335 4238 baircreahrt
352 4188 467 4240 hierilber
486 4192 525 4240 ein
543 4191 756 4254 speculationem.
776 4191 815 4240 die
834 4190 875 4240 ich
893 4191 957 4248 titt,
981 4190 1015 4238 im
1033 4187 1173 4237 Vertrauen
1191 4184 1242 4235 und
1261 4185 1381 4246 (leheim,
1409 4191 1529 4248 tanquam

171 4259 264 4309 nudam
291 4259 505 4324 speculationem.
534 4277 566 4312 nu
583 4263 687 4320 balten,
715 4261 838 4310 mirabar
866 4265 1076 4326 argumentaprc
1096 4263 1228 4306 utcontra
1254 4255 1330 4305 libore
1349 4263 1375 4306 at
1393 4263 1478 4319 aperta
1497 4271 1528 4306 an

172 4332 386 4382 communicieren.
425 4331 548 4382 Videntur
566 4334 664 4398 quidem
681 4333 746 4383 baec
765 4332 893 4396 depromta
911 4347 941 4381 ex
959 4330 1091 4380 traditione
1115 4327 1236 4378 ecclesiae
1255 4333 1355 4377 ucenae
1375 4325 1528 4384 Catholicae,

170 4401 216 4452 lob
233 4403 283 4453 trill
301 4403 362 4454 aber
379 4403 405 4452 in
423 4403 515 4454 keinan
537 4404 638 4457 zwetlel
665 4403 773 4461 stelieu,
792 4403 826 4452 Er
843 4402 925 4452 verde
943 4417 969 4451 os
987 4415 1030 4464 pro
1048 4413 1093 4450 sno
1113 4399 1235 4456 candore.
1264 4399 1311 4448 etsi
1329 4398 1410 4448 eidem
1427 4413 1477 4447 non
1495 4397 1530 4447 sis

173 4473 297 4530 addictus.
324 4473 441 4526 dunonh
470 4475 573 4526 auderat
590 4476 628 4524 nit
646 4475 683 4524 als
700 4473 876 4540 echlgemeint
903 4472 1053 4523 aninehmen
1071 4469 1122 4519 und
1140 4471 1186 4520 mir
1210 4469 1317 4520 dardber
1344 4471 1399 4519 sein
1424 4467 1517 4532 special

171 4545 303 4599 bedanken
313 4547 505 4598 mittbcilan.·—
518 4545 584 4595 Hinc
602 4546 691 4596 transit
702 4545 846 4595 lierwartus
860 4543 893 4596 ad
906 4545 1097 4608 disputationem
1109 4540 1211 4604 Kepleri
1224 4541 1254 4590 da
1274 4553 1339 4590 anno
1358 4539 1448 4590 christi
1467 4546 1529 4597 nat..

170 4617 290 4677 indicium
317 4633 389 4668 auum
408 4617 439 4667 do
458 4631 491 4667 aa
507 4617 584 4667 libere
611 4631 756 4681 proponens.
795 4615 867 4676 Quod
895 4631 969 4680 quum
996 4615 1049 4679 ipse
1067 4611 1190 4675 Keplerna
1217 4612 1371 4674 subjunxerit
1395 4610 1457 4660 libro
1484 4624 1529 4660 suo

172 4687 315 4754 inscripto:⁴
335 4689 483 4754 Eclogae
512 4687 707 4748 Chronioae,
736 4687 769 4737 ad
787 4687 856 4736 illum
873 4687 1013 4752 relegamus
1031 4685 1155 4734 lectorem.
1194 4681 1343 4746 speculato,
1363 4696 1437 4747 quam
1454 4695 1531 4746 snpra

174 4757 237 4807 dixit
254 4757 408 4818 Herwartna
427 4759 560 4822 subjuncta
573 4764 612 4810 est
629 4757 667 4808 lais
685 4758 770 4816 literis,
789 4771 869 4822 neque
887 4772 944 4808 saro
963 4758 995 4806 ab
1013 4757 1065 4822 ipsc
1079 4754 1217 4811 Heremo,
1236 4754 1300 4803 sicut
1318 4753 1427 4818 reliquae
1445 4767 1530 4804 omncs

173 4841 235 4894 quas
254 4831 366 4882 continet
385 4829 438 4880 Vol.
457 4829 501 4880 IX.
520 4829 582 4884 lisa.
600 4829 698 4896 Petrcp.
719 4829 848 4894 eputolae,
868 4829 1015 4892 conscripta.
1042 4825 1145 4877 Summa
1156 4823 1220 4876 hacc
1236 4831 1291 4875 ast:
1310 4822 1397 4876 coelos
1414 4839 1464 4876 nou
1483 4825 1529 4876 nisi
