3718 5528
313 229 381 298 294
622 193 624 208 Ι
811 239 983 288 asnononiae
1001 237 1062 288 Para
1082 237 1179 302 Optioa

315 409 470 474 minimum
494 409 634 475 Saturno.
682 413 799 476 Deinde
823 414 902 476 thesi
926 411 980 478 29.
1005 415 1085 478 idem
1108 413 1212 488 statui,
1238 413 1316 495 qnod
1340 429 1432 494 snpra
1455 413 1556 494 capite
1580 412 1677 493 primo

320 501 540 575 demonstravi,
566 520 632 562 eum
656 503 706 564 lux
728 504 918 582 planetarum
942 505 983 565 sit
1007 503 1157 578 colorata,
1183 521 1306 564 necesse
1330 522 1398 564 essa
1422 510 1456 563 ut
1478 513 1511 564 et
1532 500 1678 582 pellucidi

320 588 382 650 sint
410 598 443 650 et
476 590 585 651 coloris
617 591 798 653 essentiales
826 611 937 654 causae
968 593 1114 654 haereant
1141 593 1170 654 in
1200 591 1329 654 materia
1356 592 1525 671 globomm,
1560 599 1594 653 ut
1621 592 1677 666 ita,

320 695 409 757 quam
435 679 558 757 quisque
582 679 705 758 planeta
729 681 871 743 virtutem
894 683 1038 743 ostendat
1061 682 1090 742 in
1120 683 1242 752 effectu,
1275 680 1339 758 ejus
1363 681 1512 759 analogon
1545 679 1678 760 aliquam

321 765 547 844 dispositionem
571 767 599 828 in
625 787 748 848 corpore
772 770 896 832 habeat.
939 771 1019 832 Vide
1042 789 1127 850 prop.
1155 770 1205 834 15.
1230 768 1339 849 eapitis
1363 771 1388 832 Ι.
1422 769 1538 832 Postea
1560 770 1678 832 colores

319 853 507 934 planetarum
531 875 596 917 cum
621 857 770 936 aliquibus
795 859 968 938 comparavi
992 860 1167 941 eor-poribus
1199 859 1385 937 ostendique,
1411 858 1436 919 si
1461 859 1545 938 nigra
1568 877 1677 937 super-

319 943 401 1004 ficies
433 943 551 1006 sortiter
582 945 765 1021 illustretur,
797 948 926 1010 colorem
958 949 1042 1009 reddi
1071 949 1193 1020 Martis,
1225 948 1250 1008 si
1279 947 1372 1008 rubea
1400 947 1497 1022 clara,
1525 945 1626 1019 Jovis,
1652 947 1679 1008 si

319 1031 458 1110 plumbea
482 1033 528 1093 vel
554 1033 638 1102 alba,
666 1034 806 1109 Saturni,
832 1037 858 1097 si
882 1039 977 1111 flava,
1004 1037 1144 1111 Veneris,
1169 1038 1194 1098 si
1218 1037 1368 1109 caerulea,
1392 1036 1545 1099 Mercurii.
1593 1035 1679 1098 Idem

314 1121 377 1199 jam
402 1127 435 1180 et
458 1120 494 1181 de
519 1122 583 1183 luoe
607 1124 729 1202 propria
752 1125 870 1186 videtur
893 1127 1099 1199 sentiendum,
1132 1135 1165 1188 ut
1194 1126 1220 1186 si
1250 1126 1359 1186 ferrum
1391 1125 1517 1203 ignitum
1546 1133 1595 1185 est
1625 1131 1679 1186 aut

318 1207 423 1282 carbo,
449 1209 550 1282 rubet,
575 1211 601 1272 si
626 1231 663 1273 ex
686 1212 791 1274 rubino
814 1214 909 1274 multa
934 1216 983 1275 lox
1007 1214 1173 1293 pelluceat,
1196 1213 1285 1274 Jovio
1309 1213 1416 1274 similis
1440 1213 1537 1292 fulgor
1559 1211 1678 1275 conati-

318 1304 434 1370 tuetur;
464 1298 489 1358 si
514 1300 710 1362 clarissimum
744 1309 774 1362 et
796 1301 1063 1380 pellucidissiumm
1086 1303 1137 1378 ait,
1163 1305 1273 1365 flavum
1297 1319 1405 1381 corpus
1429 1321 1525 1381 exque
1548 1320 1583 1362 eo
1606 1301 1678 1381 plu·

316 1385 393 1448 rima
426 1385 490 1462 lux,
516 1387 645 1450 Veneris
673 1391 898 1469 resplendescat
926 1392 1032 1453 florida
1059 1392 1211 1466 luxuries3
1239 1391 1265 1452 si
1289 1409 1327 1452 ex
1350 1390 1501 1472 sapphyro
1526 1398 1579 1452 aut
1606 1409 1678 1470 cry·

318 1475 410 1536 stallo
435 1475 594 1538 admodum
618 1479 730 1551 subtili,
756 1481 917 1554 Mercurii3
942 1481 987 1542 siu
1013 1499 1050 1541 ex
1074 1481 1226 1555 crassiori,
1251 1478 1374 1542 Saturni
1394 1479 1566 1541 emicabant
1588 1477 1677 1540 radii.

410 1561 539 1624 Omnino
563 1583 634 1626 vero
659 1568 800 1629 credibile
825 1579 889 1641 est,
917 1569 1042 1631 incensa
1064 1589 1132 1631 esse
1160 1570 1261 1630 sidera
1290 1570 1363 1629 baec
1387 1567 1425 1628 ab
1450 1568 1543 1630 insita
1564 1567 1595 1629 vi
1618 1585 1678 1628 uon

320 1651 416 1713 minus
441 1661 530 1730 atque
546 1652 665 1716 Solem:
690 1665 721 1716 at
744 1658 903 1732 consentit,
930 1677 1005 1737 quae
1030 1660 1066 1720 de
1090 1657 1261 1738 impuritate
1285 1657 1416 1736 ipsorum
1435 1655 1580 1718 materiae
1603 1656 1678 1730 dixi,

322 1740 369 1801 vel
403 1750 546 1820 aspectus
574 1742 655 1822 ipse:
696 1744 722 1806 si
749 1747 840 1824 paulo
869 1747 1042 1827 diligentius
1075 1748 1235 1820 intuearis,
1268 1745 1403 1825 profecto
1436 1746 1547 1808 nullum
1577 1745 1678 1806 lumen

318 1829 408 1908 plane
432 1830 579 1894 sincerum
604 1840 660 1894 est.
707 1835 847 1914 Apparet
873 1854 911 1896 ex
944 1835 1067 1898 Saturni
1096 1835 1232 1898 cineritio
1260 1834 1359 1896 colore
1387 1833 1496 1912 exigua
1530 1833 1679 1912 quaedam

319 1935 460 1996 purpura,
484 1916 622 1983 exJovia
646 1921 818 2001 gratissimo
844 1923 959 2003 fulgore
983 1926 1095 1988 rubedo
1120 1924 1271 1996 nonnulla,
1296 1942 1349 1984 ceu
1374 1923 1471 1984 lomus
1493 1921 1679 2001 perignem

319 2006 348 2066 id
373 2006 538 2068 clarissime
563 2009 591 2070 in
616 2009 747 2072 Venere.
773 2011 824 2073 Sic
840 2011 933 2074 Oanis
957 2024 989 2075 et
1002 2013 1124 2076 Arcturi
1149 2013 1265 2086 stellae,
1291 2010 1420 2073 maxime
1445 2009 1547 2083 Canis,
1574 2029 1679 2070 omnes

318 2096 489 2155 successiva
523 2097 639 2158 colores
663 2099 747 2161 iridis
770 2101 905 2162 iuduunt.
951 2103 994 2163 Et
1024 2122 1061 2163 ne
1094 2121 1141 2164 me
1171 2103 1293 2163 falleret
1321 2101 1423 2174 visus,
1455 2117 1547 2179 saepe
1578 2097 1679 2160 socios

318 2182 448 2256 adhibui,
474 2185 523 2262 qui
548 2186 665 2264 quoties
689 2189 816 2250 virorem
840 2191 969 2252 emicare
994 2191 1211 2261 existimarent,
1236 2190 1322 2270 signo
1347 2189 1523 2250 brevissimo
1546 2187 1577 2249 id
1598 2187 1679 2248 indi-

316 2279 433 2332 carent.
469 2270 669 2336 Convenimus
693 2277 721 2336 in
747 2297 846 2351 rmum,
871 2280 947 2358 quod
973 2280 1060 2340 alteri
1085 2279 1243 2341 videbatur
1266 2279 1390 2352 tacenti,
1415 2278 1444 2338 id
1469 2278 1549 2339 alter
1572 2276 1680 2338 eodem

318 2367 467 2420 momento
491 2361 691 2439 significabat.
738 2365 823 2428 Haeo
855 2367 1032 2429 scintillatio
1057 2370 1207 2430 Venerem
1236 2386 1352 2447 quoque
1380 2367 1501 2428 attinet.
1548 2367 1679 2427 Frustra

318 2457 387 2510 sunt
411 2447 459 2528 qui
483 2449 558 2510 haec
582 2454 681 2514 omnia
704 2464 812 2533 putant
835 2457 874 2516 ab
890 2458 966 2518 oculi
983 2457 1115 2528 fallacia,
1140 2458 1178 2518 ab
1194 2459 1274 2517 aeris
1289 2456 1493 2517 inconstantia
1507 2453 1676 2534 provenire.

318 2537 396 2598 Nam
420 2556 472 2598 our
495 2557 553 2599 non
578 2542 707 2604 omniurn
731 2544 861 2606 sidemm
886 2565 979 2624 aeque
1005 2547 1180 2608 distantium
1205 2547 1311 2607 eadem
1341 2555 1389 2604 est
1417 2545 1494 2606 ratio
1524 2543 1676 2605 scintilla-

318 2624 431 2688 tionis?
478 2625 539 2690 Cur
563 2631 677 2692 colores
702 2633 824 2695 exhibet
847 2637 1009 2709 Arcturus,
1034 2637 1143 2697 rubeus
1168 2636 1232 2714 ipse
1255 2634 1459 2713 potissimum,
1484 2630 1582 2711 magia
1606 2649 1679 2692 vero

321 2711 429 2786 Oanis,
454 2715 538 2795 cujus
563 2727 610 2780 est
634 2722 827 2802 crystallinus
851 2722 933 2784 color
956 2725 1070 2803 potior,
1095 2744 1147 2786 cur
1171 2724 1218 2785 bic
1242 2723 1392 2784 acutiores
1416 2720 1594 2784 micatioues
1619 2719 1681 2782 ciet

321 2807 462 2879 Arcturo,
487 2824 539 2866 our
563 2809 734 2887 longiores?
759 2811 801 2872 Et
823 2831 875 2874 our
898 2831 950 2874 cor
974 2812 1091 2893 Scorpii
1116 2815 1191 2874 adeo
1216 2813 1340 2886 celeres,
1365 2811 1468 2873 oculus
1487 2808 1578 2870 Tauri
1602 2809 1679 2870 adeo

320 2893 447 2954 tardos?
477 2913 602 2973 prunam
633 2899 688 2960 sub
718 2901 816 2960 cinere
847 2901 999 2980 vigentem
1023 2913 1053 2962 te.
1078 2921 1199 2964 cernere
1223 2901 1350 2963 diceres.
1399 2899 1527 2979 Capella
1550 2917 1622 2960 vero
1647 2904 1678 2958 et

319 2979 402 3062 Lyra
425 3001 521 3044 nonne
546 3005 639 3064 aeque
663 2988 747 3048 claro
770 2997 840 3052 sunt
863 2991 973 3064 sidera,
998 3001 1029 3052 et
1051 2999 1150 3052 tamen
1175 2991 1204 3051 iu
1220 2991 1302 3072 Lyra
1325 2989 1423 3051 nullos
1447 2986 1567 3048 notabis
1591 2986 1678 3048 colo-

318 3088 376 3142 res,
402 3070 431 3132 in
457 3069 584 3151 Capella
609 3094 674 3137 com
700 3078 790 3139 micat
815 3081 933 3140 omniuo
957 3080 1091 3147 colores,
1124 3088 1225 3141 tameo
1250 3081 1312 3139 iere
1342 3094 1531 3157 purpureum.
1577 3073 1678 3136 Deni-

319 3175 375 3236 que
391 3162 605 3237 experimentis
620 3167 791 3228 ocularibus
806 3169 952 3229 astruitur
974 3169 1104 3246 planetis
1120 3168 1297 3250 scintillatio
1317 3167 1355 3227 ab
1371 3165 1472 3245 aliqua
1489 3163 1538 3225 vel
1558 3163 1680 3226 interna

319 3247 453 3325 corporis
477 3250 656 3312 alteratione
680 3265 827 3334 perpetua
851 3265 882 3318 et
905 3257 1082 3330 continenti,
1108 3275 1197 3337 quam
1220 3255 1305 3335 quasi
1329 3271 1529 3336 paroxysmos
1553 3252 1680 3324 dixeris,

318 3335 365 3395 vel
398 3335 436 3396 ab
469 3347 597 3399 externa
622 3344 755 3420 corporis
783 3345 1007 3418 convolutione,
1053 3365 1130 3425 quae
1167 3343 1301 3426 Tychoni
1337 3344 1366 3405 in
1399 3341 1679 3422 Progymnasmatis

318 3423 446 3500 placuit,
468 3428 669 3544 ⁸qartiumque
699 3441 730 3492 et
757 3433 978 3511 superficierum
1013 3435 1139 3496 aliarum
1167 3443 1238 3514 post
1267 3433 1344 3495 alias
1373 3431 1575 3511 explicatione
1604 3447 1678 3509 pro·

318 3513 453 3574 veniens.
498 3521 512 3586 l

409 3605 498 3664 Anno
532 3600 623 3668 ¹602.
659 3602 707 3669 19.
737 3603 789 3671 29.
813 3608 991 3672 Decembris
1020 3609 1139 3690 vesperi
1168 3611 1272 3670 Venus
1303 3609 1367 3688 jam
1393 3609 1520 3670 multum
1553 3605 1680 3668 declivis

321 3709 375 3772 per
398 3702 552 3771 patentem
577 3695 742 3758 fenestram
771 3696 800 3757 in
830 3699 988 3760 obscuram
1019 3719 1168 3761 cameram
1196 3698 1338 3760 radiabat
1366 3697 1546 3760 clarissime.
1594 3696 1680 3756 Aura

321 3790 388 3842 erat
412 3781 616 3859 impidissimo.
656 3783 852 3848 Scintillabat
874 3787 979 3850 Venus
1004 3787 1251 3850 concitatissime.
1291 3785 1366 3848 Cum
1390 3786 1428 3847 ad
1453 3787 1552 3857 album
1575 3783 1679 3863 parie-

320 3878 382 3930 tem
406 3871 601 3951 respicerem,
635 3873 665 3934 iu
690 3893 777 3954 quem
799 3876 902 3937 radius
927 3877 1056 3938 Veneris
1084 3896 1137 3957 pro
1162 3876 1358 3954 amplitudine
1383 3875 1535 3936 fenestrae
1560 3872 1679 3935 allabe-

319 3966 415 4032 retur,
454 3961 619 4024 uudulabat
647 3963 712 4038 ille,
751 3965 837 4044 quasi
872 3966 951 4027 fumo
981 3969 1131 4028 flammam
1163 3966 1359 4044 impediente,
1398 3963 1485 4044 idque
1523 3961 1678 4024 celerrime

318 4045 442 4109 incertis
474 4049 616 4111 motibus.
662 4051 728 4114 Nec
756 4055 834 4116 euim
865 4056 1063 4130 ascendebat,
1099 4065 1132 4116 nt
1159 4055 1281 4117 credere
1314 4072 1435 4134 possem
1465 4074 1483 4114 a
1515 4049 1678 4130 vaporibus

319 4138 552 4200 ascendentibus
575 4139 605 4200 id
630 4159 715 4215 esse,
741 4144 795 4204 sed
819 4143 952 4206 emicans
972 4145 1038 4224 jam
1061 4145 1100 4206 ad
1124 4145 1254 4207 medium
1273 4144 1337 4223 jaro
1362 4143 1401 4204 ad
1424 4140 1582 4222 superiora
1602 4157 1677 4202 coo-

318 4225 457 4290 versione
486 4226 662 4302 subitanea,
695 4249 772 4292 nuno
800 4233 940 4294 deorsum
977 4253 1053 4294 nuno
1087 4234 1116 4294 io
1145 4233 1224 4294 latus
1256 4234 1364 4294 iterum
1395 4229 1590 4294 concedebat.
1635 4225 1679 4290 Et

318 4315 487 4377 mehercule
512 4315 645 4378 nonnihil
673 4320 781 4381 occulti
814 4321 945 4384 horroris
969 4322 1068 4384 ciebat
1092 4322 1145 4382 illa
1168 4329 1230 4384 tarn
1254 4321 1386 4384 insolens
1410 4318 1566 4382 fluctuatio
1591 4325 1678 4378 atras

318 4403 457 4482 caliginis
481 4405 509 4466 iu
534 4405 613 4467 flavo
638 4407 731 4470 radio.
758 4407 909 4470 Celeritas
934 4411 1025 4472 etiam
1050 4419 1081 4472 et
1100 4411 1219 4473 articuli
1238 4409 1442 4473 fluctuationis
1457 4405 1679 4470 conveniebant

319 4510 384 4552 cum
418 4492 649 4569 scintillatione,
679 4496 773 4559 oculis
797 4517 835 4559 ex
857 4499 925 4576 ipsa
956 4500 1047 4562 stella
1079 4506 1232 4580 percepta.
1278 4499 1406 4561 Postero
1430 4497 1478 4559 die
1503 4494 1679 4558 mutabatur

318 4599 393 4642 aura
415 4583 613 4663 apparuitque
637 4586 786 4649 rnatutioa
813 4587 881 4660 iris;
914 4589 1010 4649 secuti
1033 4589 1125 4651 venti.
1171 4589 1279 4668 Itaque
1308 4587 1363 4648 boc
1392 4585 1533 4666 quioquid
1566 4591 1615 4646 est
1646 4581 1676 4644 in

320 4687 412 4730 aurae
436 4671 632 4734 mutationem
657 4675 778 4736 contuli.
826 4673 887 4736 Sed
921 4693 1032 4753 paucos
1064 4687 1135 4755 post
1165 4677 1245 4749 dies,
1277 4694 1383 4756 nempe
1406 4674 1436 4739 5.
1465 4672 1514 4738 15.
1539 4669 1678 4734 Jauuarii

321 4775 399 4819 auno
426 4757 510 4822 1603
542 4759 661 4838 vesperi
690 4764 773 4824 coelo
802 4763 910 4824 iterum
929 4781 1053 4840 sereno,
1083 4784 1150 4827 oum
1173 4765 1277 4827 Lunae
1301 4765 1458 4826 triduanae
1482 4766 1679 4843 superassent
