3672 5528
307 267 372 336 234
778 270 969 338 Paralipomeua
986 271 1012 320 in
1030 269 1196 322 vitellianum.
1231 241 1234 252 Ι

395 448 484 512 Visio
507 449 600 530 igitur
622 448 656 512 lit
678 465 733 528 per
757 448 905 529 picturam
938 449 981 509 rei
1010 445 1138 508 visibilis
1163 448 1202 510 ad
1225 447 1325 510 album
1357 449 1473 512 retinae
1496 457 1528 511 et
1551 465 1661 510 carum

305 539 470 620 parietem
494 545 526 600 et
548 556 624 618 quae
649 537 721 598 foris
744 538 852 599 dextra
875 545 954 605 sunt,
980 538 1019 598 ad
1042 535 1196 600 sinistrum
1219 538 1344 618 parietis
1359 539 1447 611 latus,
1472 539 1599 601 sinistra
1622 537 1661 598 ad

307 631 455 702 dextrum,
481 647 591 708 supera
614 627 652 688 ad
676 625 814 700 inferum,
838 625 937 688 infera
959 627 997 687 ad
1022 642 1161 703 superum
1185 626 1403 706 depinguntur:
1434 627 1541 690 viridia
1564 627 1660 688 etiam

307 719 407 782 colore
430 715 518 778 viridi
543 723 575 776 et
597 715 626 776 in
642 714 811 778 universum
835 734 883 776 res
899 733 1091 795 quaecuuque
1114 734 1168 776 suo
1193 716 1291 777 colore
1306 719 1387 778 intra
1405 717 1557 796 pingitur;
1583 715 1662 776 adeo

306 815 349 883 ut,
373 805 399 868 si
423 805 565 886 possibile
582 811 673 879 esset,
697 803 844 884 picturam
869 804 950 865 illam
970 804 999 864 in
1024 803 1121 865 retina
1136 803 1216 864 foras
1241 804 1269 865 in
1294 807 1389 868 lucem
1413 813 1569 886 protracta
1586 822 1660 886 per-

307 914 427 958 manere
452 893 575 956 remotis
599 893 812 966 anterioribus,
838 912 913 973 quae
938 893 1022 954 illam
1045 893 1259 968 efformabant,
1285 893 1453 974 hominique
1479 894 1568 957 alicui
1591 893 1659 954 suf-

306 985 408 1048 ficiens
432 991 515 1046 esset
537 981 621 1044 visus
646 982 737 1058 acies,
762 982 788 1044 is
812 982 967 1062 agniturus
991 989 1074 1042 esset
1097 981 1279 1060 ipsissimam
1304 983 1518 1062 hemisphaerii
1533 984 1660 1062 liguram

306 1075 333 1136 in
359 1082 420 1136 tam
445 1079 573 1152 augusto
597 1071 712 1134 retinas
736 1072 901 1150 complexu.
940 1069 1062 1132 Etenim
1085 1078 1118 1132 et
1139 1072 1294 1151 proportio
1309 1081 1448 1134 servatur
1472 1093 1518 1146 ea,
1542 1081 1577 1133 ut
1601 1089 1660 1152 quo

305 1164 415 1244 angulo
439 1162 477 1224 ad
501 1169 615 1224 certurn
639 1160 760 1240 aliquod
790 1166 932 1240 puuctum
965 1159 1045 1220 intra
1068 1160 1253 1238 complexum
1278 1163 1354 1224 oculi
1379 1163 1488 1223 ductae
1513 1169 1615 1223 rectae
1641 1179 1661 1222 a

304 1251 424 1332 punctis
449 1250 678 1332 aspectabilium
701 1249 828 1328 singulis
855 1267 1052 1310 concursuras
1082 1249 1221 1322 fueruut3
1255 1251 1358 1312 eodem
1388 1250 1603 1331 propemodum
1628 1255 1661 1309 et

304 1340 441 1420 singulae
464 1348 568 1421 partes
592 1338 672 1401 intra
695 1338 757 1400 sint
780 1337 938 1418 depictae;
963 1337 1038 1398 adeo
1062 1345 1095 1398 ut
1118 1357 1155 1398 ue
1179 1338 1380 1402 minutissima
1403 1340 1522 1419 quidem
1546 1345 1661 1418 puncta

305 1431 514 1510 negligantur;
539 1429 674 1508 adeoque
699 1433 813 1508 quauta
835 1434 884 1487 est
906 1426 1061 1488 subtilitas
1084 1425 1167 1488 visus
1190 1426 1219 1488 iu
1244 1428 1377 1506 quolibet
1399 1429 1536 1502 homine,
1570 1434 1661 1488 tanta

305 1519 346 1581 sit
369 1526 400 1580 et
423 1517 578 1581 subtilitas
601 1515 689 1596 hujus
713 1516 849 1597 picturae
873 1514 953 1576 intra
977 1515 1041 1593 ejus
1066 1515 1193 1576 oculum.

392 1608 462 1668 Jam
485 1616 519 1669 ut
542 1607 580 1668 ad
604 1605 722 1668 modum
745 1605 822 1667 huuc
846 1603 989 1684 pingendi
1021 1603 1143 1683 propius
1181 1603 1322 1666 accedam
1360 1612 1392 1665 et
1424 1623 1470 1665 me
1508 1602 1660 1683 paulatim

305 1695 556 1758 demonstrationi
579 1712 769 1774 praeparem,
794 1693 860 1755 dico
883 1692 1032 1772 picturam
1056 1692 1133 1753 hanc
1152 1701 1292 1755 constare
1315 1711 1353 1754 ex
1367 1693 1494 1755 totidem
1518 1710 1660 1754 concrum

304 1784 442 1866 paribus,
472 1793 546 1866 quot
569 1783 690 1846 suntin
714 1801 747 1844 re
771 1780 838 1844 visa
860 1788 991 1862 puncta,
1015 1780 1093 1842 binis
1117 1799 1236 1860 semper
1258 1781 1363 1843 eadem
1388 1781 1471 1854 basi,
1497 1780 1660 1842 latitudine

304 1873 472 1954 crystallini
497 1882 550 1936 aut
574 1872 638 1953 ejus
661 1869 812 1950 particula
843 1870 1013 1932 utentibus:
1051 1868 1095 1930 sic
1127 1877 1161 1930 ut
1193 1869 1271 1933 alter
1298 1867 1440 1933 donorum
1472 1870 1587 1931 vertice
1621 1871 1660 1930 ad

307 1971 451 2042 punctum
475 1962 582 2037 visum,
608 1961 675 2022 basi
699 1979 770 2022 vero
795 1960 834 2020 ad
858 1958 1065 2040 crystallinum
1089 1965 1243 2020 statuatur
1266 1959 1462 2032 (refractione
1487 1957 1608 2038 quidem
1631 1957 1661 2020 iu

305 2053 444 2132 ingressu
466 2069 592 2113 corneae
616 2047 748 2112 nonnihil
771 2047 940 2122 variatus),
970 2047 1048 2108 alter
1079 2047 1146 2110 basi
1177 2047 1215 2108 ad
1247 2049 1453 2128 crystallinum
1477 2066 1543 2109 cum
1567 2047 1661 2127 priori

304 2139 461 2214 communi,
487 2140 599 2202 vertice
623 2139 662 2200 ad
680 2143 822 2218 puuctum
838 2136 959 2216 aliquod
973 2135 1108 2215 picturae
1132 2136 1161 2196 in
1185 2135 1341 2215 superficie
1360 2139 1474 2199 retioae
1488 2135 1660 2215 pertingat;

304 2228 516 2292 refractionem
540 2235 571 2290 et
594 2227 658 2307 ipse
681 2245 790 2308 passus
815 2225 845 2286 in
869 2225 950 2286 exitu
974 2224 1151 2306 crystallini.
1198 2225 1238 2286 Et
1261 2243 1403 2287 conomm
1427 2226 1547 2306 quidem
1571 2233 1661 2286 exte-

304 2318 399 2380 riores
423 2335 526 2379 omues
549 2317 578 2379 in
604 2314 748 2378 foramine
771 2333 866 2376 ureae
882 2319 1070 2386 concurrunt,
1095 2333 1152 2393 quo
1177 2313 1205 2376 in
1230 2313 1329 2392 spatio
1353 2315 1387 2376 fic
1406 2333 1546 2376 conomm
1564 2313 1661 2376 inter-

303 2407 399 2471 sectio
424 2414 456 2468 et
479 2407 586 2468 dextra
609 2405 683 2467 hunt
706 2403 839 2466 sinistra.
887 2409 970 2480 (vide
992 2412 1104 2466 schema
1124 2431 1180 2484 seq.
1202 2413 1397 2484 propositionis
1420 2409 1479 2478 23.)

392 2497 436 2559 Ut
459 2495 534 2558 haec
558 2494 715 2574 capiantur
739 2493 855 2566 melius,
881 2498 1015 2570 repetam
1048 2509 1102 2570 per
1131 2499 1243 2571 partes.
1291 2491 1341 2554 Sit
1374 2499 1515 2575 puuctum
1540 2492 1662 2572 aliquod

307 2585 425 2647 visibile
450 2583 562 2646 directe
586 2584 671 2646 oculo
696 2581 873 2661 oppositum,
899 2580 943 2641 sic
967 2587 999 2640 ut
1024 2580 1102 2640 linea
1125 2599 1179 2660 per
1201 2580 1344 2643 orificium
1368 2582 1450 2642 nervi
1477 2589 1509 2642 et
1523 2590 1661 2644 centrum

304 2673 459 2736 foraminis
483 2691 577 2734 uveae
600 2671 716 2733 incidat
738 2669 767 2732 iu
792 2670 848 2730 hoc
872 2667 990 2730 visibile
1015 2677 1166 2747 punctum.
1205 2667 1281 2731 Curu
1306 2689 1377 2749 ergo
1393 2670 1548 2750 quodlibet
1563 2687 1660 2749 punc-

303 2772 366 2826 tum
391 2762 490 2825 radiet
512 2761 543 2824 in
566 2760 677 2834 orbem,
702 2759 835 2821 radiabit
857 2764 889 2819 et
911 2757 940 2818 in
964 2763 1067 2835 partes
1090 2758 1181 2832 orbis,
1216 2777 1308 2839 quare
1333 2767 1364 2820 et
1387 2759 1416 2820 in
1441 2767 1537 2821 totam
1561 2759 1662 2838 porti-

305 2852 443 2916 unculam
467 2849 644 2930 sphaerulae
659 2867 795 2911 corneae
827 2845 1051 2926 illustrabitque
1086 2846 1192 2908 iridem
1214 2855 1247 2908 et
1271 2847 1399 2910 medium
1434 2847 1499 2928 ejus
1530 2847 1659 2927 nigrum,

305 2961 358 3004 seu
384 2942 516 3002 foramen
540 2957 645 3026 pveae.
684 2936 818 3018 Cumque
842 2935 894 2997 iris
919 2935 959 2996 sit
982 2953 1078 3013 opaca
1101 2943 1133 2998 et
1157 2935 1251 3015 nigra,
1274 2936 1531 2999 circumsistentes
1556 2936 1661 2998 radios

304 3029 418 3091 avertit
441 3037 473 3091 et
495 3027 651 3108 prohihet,
682 3027 764 3088 solos
788 3023 902 3087 medios
925 3022 1103 3086 intromittit
1126 3032 1268 3104 quantum
1301 3025 1445 3088 foramine
1468 3032 1565 3104 patet.
1614 3027 1661 3087 Ac

305 3123 520 3191 cumoculos,
554 3115 660 3195 etqui
688 3115 744 3178 sub
767 3115 825 3177 hac
849 3121 898 3176 est
920 3113 1025 3175 humor
1048 3132 1160 3193 aqueus
1194 3113 1285 3193 (quae
1314 3122 1440 3195 utraque
1470 3131 1525 3194 pro
1554 3114 1661 3176 eodem

306 3205 404 3267 medio
428 3224 520 3266 causa
543 3205 704 3267 densitatis
737 3204 849 3276 haben)
878 3203 939 3263 siut
974 3201 1101 3262 medium
1140 3201 1262 3264 densius
1301 3209 1384 3276 abre,
1417 3222 1508 3282 quare
1541 3203 1619 3266 radii
1644 3223 1663 3264 a

304 3302 415 3374 puncto
453 3294 482 3354 in
519 3294 635 3355 devexa
671 3293 852 3373 sphaerulae
890 3289 1011 3354 demissi
1054 3290 1258 3370 refringantur
1293 3292 1332 3353 ad
1369 3291 1660 3372 perpendicularem.

307 3385 413 3462 ltaque
447 3382 496 3461 qni
526 3382 610 3462 prius
641 3383 669 3443 in
702 3387 771 3444 atre
798 3398 962 3460 progressu
990 3380 1223 3458 spargebantur.
1252 3399 1329 3442 nuuc
1357 3401 1497 3444 corneam
1530 3381 1662 3460 ingressi

304 3471 499 3551 colliguntur;
524 3471 599 3531 adeo
622 3479 656 3532 ut
671 3470 807 3550 quamvis
822 3469 949 3530 circulus
963 3469 1111 3529 maximus
1127 3469 1165 3528 ab
1184 3468 1222 3529 iis
1233 3469 1329 3542 ‚radiis
1352 3470 1381 3531 iu
1398 3489 1507 3532 cornea
1521 3469 1662 3550 descrip-

305 3569 373 3636 tus,
399 3559 448 3641 qui
473 3558 632 3621 foraminis·
651 3559 802 3638 margines
826 3559 971 3620 descensu
994 3557 1165 3636 attingunt,
1190 3558 1231 3618 sit
1255 3557 1344 3620 latior
1367 3558 1478 3620 circulo
1503 3559 1661 3621 foraminis

305 3668 410 3724 ureae,
436 3648 466 3712 hi
490 3657 592 3711 tamen
616 3647 692 3710 radii
716 3667 809 3728 usque
834 3647 872 3708 ad
898 3649 1029 3709 foramen
1053 3665 1148 3708 uveae
1171 3664 1226 3726 per
1248 3648 1396 3709 tantulam
1420 3647 1508 3728 aquei
1532 3648 1661 3724 profun-

308 3739 434 3801 ditatem
459 3745 619 3817 tantopere
642 3735 840 3816 colligantur,
871 3744 905 3798 ut
922 3734 987 3814 jam
1011 3735 1074 3815 ejus
1099 3735 1255 3796 foraminis
1279 3737 1429 3816 margines
1454 3737 1493 3798 ab
1517 3737 1662 3799 extremis

305 3827 459 3901 radantur,
484 3827 691 3907 descensuque
716 3827 796 3887 facto
820 3824 962 3885 minorem
982 3823 1011 3884 in
1028 3823 1196 3905 crystallini
1219 3825 1375 3903 superficie
1396 3825 1564 3905 portionem
1588 3826 1661 3887 illu·
1700 3879 1708 3887 .

304 3925 417 3989 strent‚
443 3934 531 3996 quam
555 3923 604 3978 est
628 3916 760 3976 foramen
784 3931 889 3975 ureae.
929 3911 998 3974 Jam
1022 3912 1051 3973 iu
1076 3911 1259 3992 superficiem
1284 3913 1465 3977 anteriorem
1488 3913 1659 3997 crystallini

294 3991 446 4085 ingressi,
481 4003 628 4085 siquidem
652 4025 670 4065 a
692 4009 803 4084 puncto
828 4009 929 4064 certae
954 4009 986 4062 et
1008 4000 1255 4080 proportionatae
1279 4001 1442 4064 distantiae
1476 4005 1569 4084 (quae
1595 4003 1661 4064 uui·

304 4093 381 4156 libet
404 4093 490 4155 oculo
515 4113 570 4154 sua
593 4101 641 4154 est
664 4112 720 4155 neo
742 4092 833 4171 plane
857 4090 994 4152 omnibus
1009 4090 1130 4162 eadem)
1155 4089 1292 4169 primitus
1308 4091 1419 4154 fuerint
1442 4093 1510 4162 orti,
1535 4099 1662 4172 propter

304 4183 431 4244 similem
456 4201 582 4243 corneae
607 4189 638 4244 st
652 4180 820 4264 crystallini
845 4178 1067 4241 convexitatem
1091 4197 1193 4240 omnes
1217 4179 1261 4241 illi
1284 4181 1497 4261 propemodum
1526 4199 1660 4262 perpen-

304 4270 479 4332 diculariter
501 4268 646 4332 incidunt.
685 4267 787 4342 Quare
810 4268 912 4347 puncti
929 4267 1042 4329 directe
1057 4266 1135 4329 visui
1156 4268 1288 4347 oppositi
1311 4276 1342 4330 et
1357 4269 1501 4332 concinne
1516 4269 1661 4334 distantis

308 4417 579 4428 ——-.--—-—--
591 4421 622 4428 ...ι-

305 4493 513 4560 quadamtenus
561 4491 682 4548 Dubium
711 4473 821 4564 itaque,
849 4509 913 4547 num
940 4493 1034 4547 hiatus
1064 4493 1164 4565 aliquis
1194 4492 1223 4546 in
1248 4508 1338 4546 vacua
1368 4491 1440 4547 oculi
1470 4509 1581 4547 camera
1608 4510 1659 4564 per

179 4621 186 4636 ,
305 4568 382 4624 illam
402 4570 504 4626 lineam
524 4589 631 4628 sursum
652 4573 680 4627 in
701 4579 786 4643 caput
813 4575 902 4642 adque
928 4574 1005 4626 nervi
1031 4575 1125 4628 visorii
1152 4571 1360 4637 extremitates,
1387 4572 1532 4643 spirituum
1558 4575 1658 4637 sedem,

304 4647 502 4720 porrigeretur,
524 4667 561 4705 an
581 4669 646 4707 vero
667 4653 738 4707 idem
759 4651 871 4722 spiritus
894 4652 978 4706 etiarn
999 4652 1027 4706 iu
1048 4655 1167 4709 olfactus
1190 4654 1373 4707 instrumenta
1393 4653 1599 4707 difflrnderetur.

395 4729 577 4784 Condrmatur
597 4732 650 4786 hoc
669 4733 798 4803 exemplo
820 4731 845 4784 id
867 4733 1025 4802 praecipue,
1047 4736 1116 4805 quod
1138 4733 1251 4805 spiritus
1270 4733 1339 4787 lucis
1355 4741 1385 4787 et
1398 4733 1519 4787 colorum
1540 4749 1658 4804 capaces

306 4819 368 4857 esse
388 4812 557 4864 statuuntur.
