3718 5528
283 275 348 346 282
776 279 949 330 mncncmiae
966 276 1028 330 Pars
1046 277 1145 344 Optloa.

282 474 388 518 versus
412 454 488 516 disci
511 454 684 535 apparentis
707 453 999 516 circumferentiam:
1024 456 1130 517 eadem
1150 455 1229 517 enim
1244 461 1275 516 et
1296 451 1421 518 visionis
1446 462 1478 518 et
1499 455 1641 520 illustra-

282 545 373 606 tionis
405 551 454 606 est
484 544 584 606 ratio:
619 560 711 622 snpra
743 561 813 605 vero
843 563 921 606 num.
947 541 976 606 5.
1011 544 1199 616 dicebamus,
1233 542 1259 604 si
1291 545 1419 622 angulus
1451 563 1508 626 qno
1532 546 1640 608 Lunae

282 652 390 713 corpus
413 641 570 713 spectatur
592 633 622 693 in
646 632 802 694 duodecim
824 641 929 712 partes
952 633 1094 713 aequales
1119 633 1278 708 dividatur,
1303 632 1448 695 minorem
1471 633 1642 714 superficiei

281 730 400 803 partem
428 721 523 783 videri
546 718 723 800 apartibus
752 721 854 800 anguli
886 723 1008 792 mediis,
1042 723 1187 802 majorem
1211 721 1249 783 ab
1278 722 1430 785 extremis.
1477 722 1640 788 Dividetur

281 819 407 890 ergoet
438 810 565 890 angulos
597 810 808 872 illustrationis
838 829 891 872 seu
923 810 974 872 lux
1007 812 1075 891 ipsa
1102 813 1133 874 in
1156 810 1273 872 Lunam
1308 811 1419 891 illapsa
1447 810 1477 872 in
1510 812 1640 874 totidem

281 907 403 978 pertes;
441 899 617 961 tantundem
653 898 746 978 igitur
778 899 852 961 lucis
884 900 1080 980 respondebit
1119 900 1286 980 superficiei
1325 901 1463 980 partibus
1496 902 1639 962 extremis
1747 887 1766 912 ”

281 987 407 1066 magnis,
432 995 574 1066 quantum
598 987 784 1050 intermediis
808 989 959 1066 angustis,
984 1008 1077 1067 quare
1105 989 1196 1050 latius
1225 989 1380 1051 diducetnr
1407 991 1459 1051 lux
1481 989 1510 1052 in
1535 999 1639 1052 extre·

281 1077 436 1140 mitutibus
460 1085 492 1136 et
515 1076 663 1156 obliquius
687 1077 812 1139 insidet.
853 1077 990 1158 Denique
1014 1097 1084 1156 cum
1100 1080 1249 1158 lunaique
1272 1077 1395 1140 claudat
1417 1079 1638 1153 extremitates,

281 1186 435 1242 curacyscc
458 1163 587 1226 medium
611 1173 746 1244 occupet,
772 1167 900 1228 medinm
924 1167 1025 1247 itaque
1049 1167 1160 1229 clarius
1183 1166 1252 1228 erit.

367 1253 434 1332 Ego
459 1272 529 1314 vcro
554 1254 628 1316 nibil
651 1253 698 1314 his
722 1273 845 1318 moveor
867 1255 1043 1328 rationibus,
1068 1263 1120 1317 aut
1143 1263 1225 1317 certe
1248 1272 1417 1332 perparum.
1455 1254 1535 1317 Nam
1560 1255 1639 1336 quod

279 1364 450 1422 cwaoysmo
472 1342 592 1417 attinet,
618 1343 671 1404 illa
694 1343 738 1404 sic
757 1349 854 1404 totam
877 1344 992 1406 Lunam
1017 1351 1152 1423 occupat,
1178 1351 1211 1405 ut
1230 1343 1359 1406 circulus
1382 1346 1555 1424 λιπανγειας,
1580 1343 1638 1408 etsi

278 1431 418 1511 praecisa
442 1431 625 1492 concedatur
648 1432 796 1511 oppositio
813 1433 876 1494 sine
891 1433 1033 1503 tenebris,
1057 1439 1221 1507 evanescat
1244 1441 1421 1511 comparata
1436 1433 1474 1494 ad
1494 1434 1638 1513 reliquum

279 1521 473 1582 diametrum:
498 1519 527 1580 iu
553 1519 790 1600 oppositionibus
814 1539 886 1582 vero
910 1540 967 1582 non
992 1521 1096 1583 solidis
1120 1521 1279 1599 potissima
1301 1529 1389 1600 parte
1414 1521 1499 1596 latet,
1525 1530 1556 1583 et
1580 1541 1639 1602 qua

278 1632 432 1689 omcoyerq
465 1608 625 1682 cohaeret,
656 1629 762 1688 parurn
791 1612 828 1672 ab
861 1610 914 1671 illa
946 1609 1056 1672 differt.
1109 1609 1178 1672 Etsi
1209 1628 1281 1672 vero
1314 1611 1365 1671 lux
1394 1608 1476 1672 Solis
1507 1611 1576 1690 plus
1608 1611 1637 1672 in
1748 1683 1752 1688 ⁵

278 1697 521 1760 extremitatibus
540 1698 644 1760 Lunae
668 1699 831 1778 spargitur,
855 1706 888 1760 at
912 1698 1046 1762 vicissim
1064 1700 1132 1778 plus
1155 1699 1284 1760 densata
1307 1683 1374 1759 sele
1393 1698 1504 1778 ingerit
1526 1699 1638 1762 nostris

279 1787 372 1849 oculis
399 1787 429 1847 iu
463 1785 702 1866 oppositionibus
735 1788 870 1866 quidem3
904 1795 936 1848 et
963 1788 1081 1868 quidem
1113 1788 1220 1848 eodem
1252 1787 1376 1866 angulo,
1411 1806 1468 1867 qno
1491 1787 1521 1850 in
1554 1788 1638 1849 illam

278 1875 424 1955 majorem
449 1875 635 1955 superficiem
655 1875 850 1938 distribuitur.
889 1874 1091 1938 Confirmatur
1110 1873 1167 1936 hoc
1187 1875 1373 1956 experientia
1391 1877 1488 1938 minus
1508 1876 1638 1940 fallibili.

279 1965 394 2028 Lumen
417 1964 497 2026 enirn
521 1963 626 2025 Lunae
649 1965 755 2043 plenae
780 1966 810 2027 in
834 1965 991 2028 obscuram
1022 1983 1172 2026 cameram
1206 1963 1410 2026 intromissum
1434 1983 1470 2026 eo
1501 1965 1636 2040 artificio,

279 2053 357 2133 quod
381 2073 472 2134 sopra
495 2053 594 2133 capite
619 2054 749 2116 secundo
779 2053 941 2134 descripsi,
975 2054 1131 2116 clariorem
1153 2053 1185 2114 in
1209 2051 1278 2115 albo
1310 2053 1483 2132 pavimento
1517 2053 1639 2116 limbum

278 2149 497 2220 repraesentat,
522 2160 611 2220 quam
625 2143 764 2216 medium,
788 2153 912 2224 propter
925 2143 1061 2205 maculas
1079 2142 1207 2204 medium
1231 2141 1412 2204 obtinentes.
1452 2139 1540 2212 Quod
1565 2161 1638 2204 vero

279 2228 408 2292 intuenti
430 2231 519 2291 Luna
539 2229 570 2291 in
594 2229 691 2293 medio
720 2231 828 2294 clarior
856 2233 999 2306 cernitur,
1031 2230 1150 2293 videtur
1178 2249 1246 2292 esse
1277 2230 1361 2294 visus
1384 2229 1518 2305 affectio,
1551 2250 1639 2311 qnem

280 2317 310 2378 iu
334 2326 467 2380 centrum
493 2318 639 2380 directum
662 2319 762 2381 clarae
785 2329 890 2400 partes
919 2321 1116 2382 circumstant
1138 2319 1282 2399 undiquc,
1311 2319 1411 2401 quisi
1436 2319 1584 2399 dirigatur
1607 2321 1638 2382 in

278 2405 453 2484 marginem,
473 2407 539 2485 jem
562 2427 599 2468 ex
623 2409 720 2470 altera
742 2418 830 2488 parte
855 2409 1004 2472 deseritur
1023 2408 1206 2483 eeleritate,
1230 2408 1386 2489 ingerente
1406 2427 1474 2471 sese
1498 2409 1637 2471 caeruleo

280 2494 356 2556 coeli
380 2496 489 2558 colore.

365 2583 410 2645 At
433 2583 520 2644 Luna
548 2585 613 2663 jam
636 2585 830 2648 decrescente
854 2595 908 2648 ant
939 2585 1070 2648 ncndurn
1097 2585 1201 2664 plena,
1235 2584 1325 2664 plane
1352 2586 1457 2647 velent
1488 2584 1637 2648 adductae

278 2691 407 2747 causae,
444 2680 612 2735 attestante
642 2692 757 2754 quoque
790 2675 986 2753 experientia.
1032 2674 1147 2736 Lumen
1173 2673 1269 2746 enim,
1300 2674 1378 2751 quod
1410 2673 1580 2736 interiorem
1606 2683 1639 2737 et

277 2781 382 2824 cavam
406 2781 459 2823 seu
483 2759 603 2840 gibbam
628 2763 693 2841 ejus
722 2762 833 2824 lineam
865 2763 1019 2838 efformet,
1052 2762 1141 2825 valde
1173 2762 1270 2823 debile
1295 2769 1327 2822 et
1354 2762 1478 2824 dilutum
1502 2769 1566 2837 est,
1601 2782 1637 2825 eo

278 2851 356 2931 qood
379 2871 517 2931 sparsum
540 2869 594 2930 per
617 2853 743 2933 mpltnm
774 2852 960 2931 superficiem
988 2851 1135 2932 majorem
1151 2852 1182 2913 in
1206 2851 1321 2912 visione
1346 2851 1486 2932 angulum
1510 2861 1639 2933 occupet

277 2940 308 3002 in
331 2940 388 3003 boc
411 2940 472 3002 situ
497 2959 587 3020 quam
610 2940 639 3000 in
664 2941 876 3002 illustratione.

642 3077 673 3143 8.
720 3081 774 3143 De
798 3081 913 3144 lineis
937 3078 1109 3160 phesium
1132 3080 1271 3142 Lunae.

366 3202 520 3264 Docuerat
544 3201 743 3282 Albategnins
767 3204 918 3266 delineare
938 3223 976 3266 ex
994 3201 1124 3282 cognitis
1143 3203 1273 3266 motibus
1296 3203 1491 3283 longitudinis
1511 3211 1543 3267 et
1561 3204 1636 3265 lati-

277 3291 390 3354 tudinis
413 3291 544 3372 speciem
568 3293 721 3353 nascentis
745 3295 860 3355 Lunae.
907 3293 985 3354 Eum
1012 3293 1132 3354 modum
1155 3311 1259 3372 parum
1283 3311 1351 3354 esse
1380 3300 1511 3366 certum,
1545 3311 1639 3372 supra

278 3380 392 3442 vidisti.
439 3377 556 3449 Quodsi
587 3387 616 3440 te
648 3400 720 3443 cura
748 3383 884 3443 incessat
910 3382 1047 3444 certioris
1079 3381 1213 3460 picturae
1249 3383 1433 3462 (quanquam
1464 3382 1539 3442 lianc
1563 3403 1582 3442 a
1606 3392 1637 3444 te

278 3470 344 3550 ipso
368 3470 472 3548 petes)
496 3475 527 3528 et
542 3487 617 3547 qnae
633 3489 690 3532 uon
715 3470 848 3532 falcatae
868 3471 964 3533 solum
978 3471 1082 3534 Lunae
1099 3470 1152 3531 sed
1172 3469 1264 3532 etiarn
1287 3468 1433 3550 gibbosas
1457 3471 1636 3533 conveniat:

278 3577 351 3640 opus
376 3556 431 3619 tibi
455 3556 513 3618 erit
535 3559 706 3636 cognitione
731 3560 890 3636 linearum,
922 3559 1028 3640 quibus
1057 3559 1179 3622 schema
1201 3559 1306 3621 Lunae
1339 3559 1525 3639 aspectabile
1549 3560 1637 3622 clau-

278 3649 374 3710 datur.
422 3645 468 3706 De
493 3645 590 3708 altera
622 3649 739 3727 quidem
764 3656 796 3709 et
816 3668 891 3728 quae
916 3649 1018 3712 Solem
1049 3647 1187 3728 respicit,
1215 3654 1351 3722 constat,
1382 3650 1461 3728 qnod
1485 3646 1636 3710 aitarens

277 3737 379 3800 circuli
408 3735 553 3796 visionis:
579 3744 612 3797 at
640 3755 715 3816 quae
745 3756 849 3800 versus
879 3739 1050 3820 oppositum
1073 3736 1155 3799 Solis
1186 3745 1343 3816 spectant,
1374 3756 1432 3799 non
1456 3745 1525 3798 aunt
1549 3755 1637 3799 arcus

277 3827 389 3889 circuli.
437 3825 563 3886 Vitellio
588 3825 639 3888 lib.
664 3826 723 3889 IV.
752 3845 836 3906 prop.
854 3825 906 3892 25.
936 3830 965 3890 in
991 3846 1099 3906 genere
1122 3824 1317 3904 irregularem
1340 3826 1418 3888 dixit
1440 3845 1508 3888 esse
1531 3825 1636 3888 Lunae

277 3915 417 3996 gibbum3
440 3932 528 3993 prop.
553 3933 624 3977 vero
649 3914 701 3978 77.
728 3917 873 3978 falcatam
896 3916 1029 3996 speciem
1053 3915 1183 3976 affirmat
1207 3915 1322 3978 duobus
1350 3914 1436 3995 qnasi
1465 3915 1636 3996 aequalium

276 4005 452 4066 circulorum
476 4004 604 4066 arcubus
629 4005 786 4068 contineri.
834 4005 920 4070 Scito
943 4006 1049 4084 igitur,
1081 4011 1236 4084 utramque
1265 4023 1333 4066 esse
1361 4023 1464 4066 arcum
1492 4003 1636 4065 sectionis

277 4094 408 4168 corsicae,
434 4111 509 4172 quae
534 4093 650 4174 ellipsis
672 4095 791 4168 dicitur,
816 4097 895 4177 qnod
910 4095 1096 4158 Aristoteles
1119 4077 1256 4163 sectione
1273 4090 1323 4156 15.
1343 4093 1439 4173 probl.
1456 4088 1485 4156 6.
1511 4091 1636 4166 monuit,

277 4201 332 4260 ego
356 4182 400 4243 sic
423 4180 528 4260 probo.

365 4269 477 4331 Debuit
492 4271 671 4349 Apollonius
692 4274 879 4353 superficiem
899 4274 1032 4335 conicam
1047 4272 1124 4332 hanc
1139 4289 1216 4342 esse,
1243 4269 1477 4349 quandocunque
1494 4269 1635 4332 circulum
1741 4320 1744 4327 .

276 4360 356 4420 linea
388 4358 489 4437 aliqua
521 4378 559 4418 ex
591 4359 690 4439 aliquo
725 4370 837 4439 puncto
871 4363 943 4433 (non
975 4362 1003 4424 in
1036 4361 1159 4441 planum
1193 4359 1256 4438 ejus
1288 4357 1391 4420 circuli
1429 4359 1636 4421 continuatum

276 4448 444 4521 incidente)
469 4467 547 4508 nexa
578 4447 784 4518 immobiliter,
819 4451 956 4512 circumit
988 4452 1085 4513 altera
1115 4468 1152 4510 ex
1180 4454 1282 4528 parte,
1308 4447 1493 4527 superficiem
1516 4467 1633 4522 creans,

276 4539 370 4599 donec
394 4536 501 4598 redeat
524 4537 564 4598 ad
587 4536 617 4598 id
647 4538 748 4599 circuli
779 4547 921 4618 puuctum
946 4541 1021 4601 unde
1046 4546 1190 4620 coeperat
1213 4536 1335 4599 moveri.
1381 4534 1452 4598 Jam
1475 4554 1546 4599 vero
1569 4545 1633 4598 ter-

276 4627 371 4686 minus
396 4625 624 4688 illuminationis
644 4627 747 4688 Lunae
772 4627 901 4689 circulus
925 4635 981 4702 est,
1006 4636 1148 4707 utsupra
1172 4625 1305 4688 dictum:
1331 4625 1413 4686 visus
1436 4644 1507 4686 vero
1532 4633 1637 4688 noster

277 4715 369 4776 babet
392 4715 539 4774 rationem
564 4714 701 4795 requisiti
724 4717 837 4795 puncti.
884 4715 954 4776 Non
977 4717 1055 4776 enirn
1078 4717 1107 4778 in
1130 4716 1254 4795 planum
1277 4713 1379 4777 circuli
1408 4713 1635 4778 illuminationis

276 4801 484 4865 continuatum
508 4802 612 4868 incidit
629 4822 683 4883 per
701 4811 800 4867 totum
822 4823 967 4882 mensem,
991 4813 1202 4885 praeterquam
1220 4804 1302 4867 circa
1319 4811 1477 4884 utramque
1501 4803 1635 4884 quadra-
