3566 5536
696 290 777 356 Caput
794 289 883 342 xxm.
1399 294 1464 364 695

119 467 212 550 igitur
234 469 265 532 in
288 467 420 530 5555555.
466 469 582 532 Deinde
606 487 664 550 quo
688 468 754 530 loco
771 468 933 531 existimas
958 467 1050 530 luisse
1078 469 1233 534 materiam
1260 472 1358 542 illam.
1392 493 1468 555 quae

120 558 221 622 Solem
246 556 403 639 quatriduo
425 557 544 639 integro
567 558 596 619 15
619 557 734 638 pallore
758 557 895 633 detinuit,
919 557 1025 620 stellae
1047 576 1119 620 vero
1142 561 1306 624 occultavit
1328 563 1469 628 minime?

119 649 198 739 Nam
221 648 248 709 51
271 647 328 710 1515
349 647 482 727 proxime
506 647 562 710 sub
585 647 686 722 Luna,
715 654 948 710 consectaneum
971 647 1038 720 liet,
1067 666 1133 709 cum
1156 649 1227 711 orbe
1251 649 1354 712 Lunae
1379 653 1470 716 etiam

120 729 274 801 circumire
297 737 447 812 debuisse,
471 745 591 842 raptam
613 735 792 817 pernicitate
814 745 922 812 motus,
947 744 981 797 nt
1004 736 1185 800 Aristoteles
1212 739 1312 801 vult'
1304 741 1382 820 rgnis
1405 742 1470 804 ele-

120 833 251 890 mentum
275 825 351 906 rapi.
397 828 443 888 At
465 825 535 908 quia
553 824 608 888 Sol
631 825 789 905 quatriduo
812 826 929 903 integro
953 825 1051 902 latuit,
1075 843 1130 906 per
1153 827 1231 907 quod
1254 835 1371 909 tempus
1386 831 1472 893 Luna

121 937 141 978 a
155 914 225 978 Sole
245 911 390 978 5001515
412 933 543 1018 emensa,
566 934 624 977 non
647 915 740 995 igitur
762 915 837 977 haec
860 913 988 977 materia
1009 933 1101 995 prope
1124 916 1251 992 Lunam,
1275 919 1329 980 sed
1352 919 1470 981 omnino

122 1023 212 1086 supra
234 1005 311 1066 banc
335 1004 473 1068 constitit
495 1003 614 1084 inipso
637 1005 703 1067 sinu
732 1003 864 1067 aetheris
894 1003 933 1066 ab
956 1004 1091 1067 omuibus
1114 1005 1258 1068 concessi.
1303 1007 1371 1070 Nisi
1395 1009 1472 1070 forte

121 1096 220 1157 dicere
242 1095 373 1174 placeat,
397 1089 459 1158 500
481 1094 602 1174 longam
624 1093 719 1174 primo
741 1094 855 1156 texisse
879 1091 981 1166 Solem
1004 1093 1195 1156 extremitate
1219 1095 1342 1170 dextra,
1367 1095 1473 1158 ultimo

122 1183 261 1246 sinistra:
286 1192 457 1264 quopacto
481 1183 588 1246 stellas
611 1183 703 1245 etiam
725 1189 828 1263 tegere
852 1182 971 1256 debuit,
1001 1201 1193 1264 quaecunque
1216 1184 1297 1246 intra
1320 1181 1381 1249 500
1402 1205 1473 1266 pro·

121 1273 321 1354 pinqnitatem
352 1269 455 1334 Solem
488 1272 732 1334 circumstabant.
788 1271 884 1353 Atqui
916 1271 1058 1353 legimus,
1093 1273 1175 1334 visas
1208 1293 1275 1336 esee
1305 1275 1412 1336 stellas
1443 1275 1474 1336 in

122 1361 260 1426 meridie:
285 1369 429 1441 queret
399 1361 506 1424 stellae
528 1380 621 1443 prope
644 1355 746 1424 Soiem
770 1380 829 1424 non
854 1362 935 1424 inere
958 1368 1070 1424 tectae.
1116 1363 1248 1424 Materia
1271 1361 1372 1443 igitur,
1398 1382 1474 1444 quae

122 1450 227 1514 Solem
249 1451 390 1526 obduxit,
419 1459 483 1513 tarn
505 1452 572 1513 lata
593 1468 651 1513 non
675 1449 746 1526 fuit,
778 1459 809 1512 et
840 1469 905 1512 curn
930 1449 1011 1513 Solis
1034 1451 1100 1512 loco
1123 1451 1298 1514 adhaeserit
1319 1471 1374 1533 per
1397 1471 1474 1534 qua-

123 1539 270 1612 triduum,
279 1533 370 1602 unde
394 1541 499 1602 Lunae
522 1539 603 1602 orbis
625 1539 744 1602 interim
768 1559 822 1620 per
844 1534 907 1603 500
929 1539 1087 1615 discessit,
1118 1540 1220 1622 itaque
1242 1559 1335 1645 prope
1358 1543 1476 1604 Lunam

124 1630 199 1691 5555
221 1627 350 1692 materia
372 1636 455 1692 stare
479 1649 537 1692 non
559 1629 666 1710 potuit.
713 1630 747 1691 Iu
767 1629 916 1732 profundo
939 1630 1031 1708 igitur
1058 1629 1181 1693 aethere
1203 1631 1338 1710 proxime
1361 1630 1474 1706 Solem,

124 1719 203 1781 inter
225 1719 303 1780 hunc
324 1726 356 1780 et
378 1719 528 1781 Tellurem
551 1719 735 1800 quaerenda3
765 1719 824 1780 imo
852 1737 889 1780 ex
917 1737 952 1780 eo
979 1719 1065 1780 nobis
1095 1719 1199 1782 oblata
1221 1737 1275 1804 pro
1298 1729 1473 1800 argumento
1595 1741 1597 1744 ¹

124 1807 275 1870 mutabilis
298 1808 443 1871 materiae
467 1809 643 1884 aethereae,
677 1827 753 1890 quae
777 1808 875 1871 stellis
908 1807 1020 1888 liquida
1043 1803 1302 1885 circumfunditur,
1335 1819 1384 1872 555
1407 1828 1474 1872 am-

126 1897 294 1977 plectenda.

212 1987 251 2048 11.
291 1985 461 2051 Secundum
484 1991 691 2066 argumentum
714 1983 915 2065 generationis
939 1984 1098 2048 aethereae
1122 1993 1210 2048 sunto
1233 1994 1379 2065 cometae,
1402 2005 1476 2069 qnos

126 2083 247 2137 constat
269 2076 437 2138 certissima
457 2075 657 2155 parallaxium
681 2075 817 2138 doctrina
845 2091 900 2154 per
931 2073 1027 2154 ipsum
1060 2075 1192 2138 aetheris
1220 2094 1356 2157 campum
1387 2079 1476 2158 traji-

126 2183 208 2241 cere,
246 2165 403 2246 snbitoque
440 2166 577 2245 ingentes
619 2164 764 2244 paulatim
796 2165 1007 2244 languescere,
1040 2164 1134 2227 donec
1167 2165 1294 2246 denique
1328 2167 1479 2246 dissipata

125 2251 252 2332 materia
274 2273 389 2318 rursum
412 2255 651 2334 exstinguuntur.
688 2253 766 2316 Vide
782 2254 942 2335 Progymn.
960 2253 1110 2336 Tyohonis
1133 2263 1205 2320 tom.
1221 2255 1261 2320 11.
1285 2261 1318 2317 55
1339 2255 1476 2338 150551-

127 2343 170 2406 cis
194 2343 267 2406 meis
292 2345 487 2426 appendicem
510 2343 620 2424 capitis
640 2343 682 2407 X.

212 2433 270 2496 111.
306 2435 404 2496 Multo
426 2451 497 2494 vero
526 2431 677 2495 5111555155
707 2435 912 2510 argumentum
944 2427 1087 2493 exhibent
1118 2451 1219 2494 eorum
1250 2451 1369 2509 comae,
1402 2434 1479 2497 unde

126 2532 277 2599 cornetae,
312 2533 364 2585 aut
386 2522 515 2595 barbae,
549 2521 626 2584 unde
658 2519 805 2600 pogoniae
834 2518 980 2580 dicuntur.
1036 2517 1168 2582 Constat
1198 2521 1276 2584 enim
1308 2523 1478 2585 certissima

126 2613 228 2692 optica
250 2613 376 2685 ratione,
400 2613 455 2672 has
479 2629 532 2672 eeu
556 2627 658 2671 comas
682 2627 734 2670 seu
756 2606 868 2669 barbas
890 2627 942 2669 seu
958 2607 1071 2668 caudas
1085 2609 1156 2671 51511
1182 2611 1363 2686 aliudesse,
1390 2631 1477 2692 quam

127 2701 227 2763 radios
249 2700 330 2763 Solis
353 2700 382 2760 iu
407 2717 529 2776 corpore
553 2703 737 2759 cometarum
769 2696 882 2758 tinctos
908 2695 1007 2776 aliquo
1036 2697 1131 2758 veluti
1158 2700 1270 2774 colore,
1300 2707 1333 2762 et
1363 2701 1479 2764 refrac-

127 2790 239 2852 tionem
262 2789 303 2852 ibi
326 2806 434 2868 passos
457 2787 486 2848 in
510 2794 627 2867 partem
650 2806 669 2848 a
692 2785 763 2848 Sole
787 2803 927 2848 aversam
948 2785 1111 2865 projectos.
1156 2787 1255 2850 Docet
1277 2806 1349 2852 vero
1373 2789 1479 2852 eadem

129 2878 302 2959 disciplina,
326 2897 384 2940 non
408 2874 629 2956 repraesentari
651 2875 767 2938 radium
790 2872 870 2936 Solis
893 2873 952 2936 nisi
975 2873 1014 2935 ab
1037 2875 1139 2957 aliqua
1162 2876 1255 2940 densa
1278 2879 1417 2954 materia,
1448 2879 1479 2940 in

128 2987 218 3048 quam
247 2966 292 3029 illi
323 2965 405 3046 prim
437 2964 581 3028 incidant.
627 2962 709 3027 Solis
741 2963 850 3044 quippe
882 2964 980 3026 lumen
1012 2965 1149 3045 nuspiam
1179 2965 1211 3028 15
1240 2973 1310 3028 abre
1339 2969 1478 3043 cernitur,

129 3057 247 3138 quando
271 3057 297 3118 15
320 3055 488 3136 pellucidus
510 3062 543 3116 et
564 3053 680 3116 tenuis:
705 3052 836 3116 cernitur
858 3071 929 3115 vero
953 3053 983 3114 iu
1006 3055 1098 3129 nube,
1132 3055 1202 3136 quia
1234 3055 1308 3116 haec
1331 3075 1427 3137 opaca
1449 3064 1480 3118 ot

128 3148 238 3208 55555·
263 3145 393 3208 cernitur
416 3153 448 3206 et
469 3144 499 3206 in
523 3149 604 3217 abre,
628 3143 682 3204 sed
705 3142 884 3218 incrassato,
909 3141 1010 3204 nubilo
1028 3141 1183 3224 minusque
1201 3145 1371 3224 pellucido.
1404 3143 1480 3208 Cum

128 3236 220 3316 igitur
252 3243 434 3297 cometarum
467 3234 581 3296 candae
614 3232 676 3294 sint
707 3231 781 3293 nibil
813 3230 895 3293 aliud
926 3230 984 3294 nisi
1017 3231 1115 3294 lumen
1149 3231 1244 3308 Solis,
1278 3236 1479 3297 necessarium

129 3325 246 3399 evadit,
269 3332 413 3428 utquam
437 3323 499 3386 late
523 3341 591 3384 sese
614 3321 711 3384 cauda
733 3327 869 3382 cometae
897 3321 1075 3401 exporrigit,
1107 3328 1170 3384 tam
1195 3323 1255 3386 late
1279 3341 1416 3403 sparsum
1439 3326 1481 3387 sit

129 3414 239 3496 aliquid
263 3409 420 3476 crassioris
443 3411 605 3485 materiae,
637 3428 726 3492 qnam
759 3417 807 3472 est
835 3410 940 3472 aether
962 3428 1071 3500 purus·
1101 3410 1237 3474 idoneum
1272 3430 1376 3494 nempe
1399 3413 1479 3476 reci-

128 3502 236 3584 piendo
259 3503 302 3565 1111
325 3501 407 3565 Solis
430 3501 547 3576 lumini,
574 3519 628 3581 per
650 3497 846 3562 resectionem
868 3457 1083 3581 quodammodo
1107 3501 1291 3565 condensato
1316 3511 1347 3564 et
1369 3502 1398 3564 in
1422 3523 1479 3566 an·

129 3600 249 3672 gustum
272 3599 386 3655 coacto.

217 3681 311 3744 Nulla
341 3680 458 3761 quidem
492 3678 575 3759 regio
608 3678 709 3741 mnndi
741 3686 803 3752 est,
836 3677 866 3738 in
899 3695 958 3756 qua
989 3677 1156 3758 hujusmodi
1187 3697 1283 3741 norae
1314 3679 1395 3741 luces
1421 3699 1481 3742 non

130 3770 260 3833 existere
284 3769 457 3843 uideantur;
484 3769 574 3854 paulo
604 3787 696 3848 snpra
726 3774 862 3830 nostrum
885 3771 984 3828 adrem
1007 3766 1220 3846 trajectiones,
1252 3775 1363 3848 quanto
1382 3769 1480 3831 humi-

129 3860 221 3924 liores
244 3866 331 3922 tanto
354 3857 525 3931 celeriores,
548 3857 723 3930 crebriores,
747 3855 877 3919 minores
901 3864 933 3917 et
954 3863 1182 3918 momentaneae
1206 3857 1382 3932 (chasmate
1402 3857 1479 3919 enim

129 3951 159 4014 15
182 3949 260 4011 5555
283 3966 404 4010 censmn
427 3945 575 4009 trahenda
596 3963 655 4006 non
678 3944 827 4019 videntur,
850 3952 958 4024 utpote
976 3944 1104 4007 Telluris
1123 3945 1243 4008 soboles
1262 3956 1295 4007 et
1315 3946 1345 4008 in
1369 3946 1480 4010 inlmeu

129 4055 323 4112 concessura,
356 4035 383 4098 si
406 4053 497 4115 supra
519 4053 552 4097 55
575 4034 684 4096 molem
715 4051 873 4112 aquarum,
907 4033 954 4096 cui
982 4040 1185 4109 occurrerent,
1218 4035 1380 4098 haberent:
1412 4055 1481 4098 nam

130 4130 195 4192 sere
218 4125 367 4190 siccitatis
390 4133 462 4188 sunt
483 4123 637 4197 comites),
669 4123 758 4202 paulo
781 4139 885 4184 versus
908 4122 1024 4184 Lunam
1048 4122 1153 4197 altius,
1179 4123 1259 4202 globi
1281 4123 1383 4204 igniti,
1408 4125 1480 4187 dra-

130 4236 221 4282 cones
244 4216 394 4285 volantes,
414 4215 480 4295 jam
504 4211 702 4275 durabiliores
725 4217 758 4272 55
780 4209 942 4272 tardiores:
967 4211 1035 4272 inde
1058 4219 1202 4286 cometae,
1227 4213 1304 4276 alius
1326 4213 1385 4276 alio
1400 4215 1481 4277 cele-

130 4309 190 4371 rior
213 4313 245 4370 et
267 4303 449 4378 diuturnior,
482 4309 571 4383 prout
601 4300 650 4362 vel
678 4300 758 4362 inira
787 4299 835 4360 vel
859 4299 946 4379 longe
970 4319 1062 4381 supra
1083 4301 1198 4362 Lunam
1222 4308 1307 4378 sunt;
1340 4310 1429 4384 atque
1451 4304 1482 4365 51

130 4399 193 4478 jam
217 4393 367 4460 universis
390 4401 551 4456 cernuntur
573 4389 722 4470 gentibus,
745 4388 832 4470 pauci
856 4388 991 4468 singulis
1037 4389 1103 4452 Nec
1125 4390 1261 4469 impediri
1278 4409 1399 4472 possum
1414 4392 1482 4474 quin
1539 4460 1542 4467 ,
1597 4440 1607 4458 .

136 4487 256 4550 credam
282 4481 514 4561 Regiornontani
547 4487 693 4543 cometam
722 4497 800 4540 anno
833 4473 923 4541 1415.
953 4479 1050 4559 ipsam
1076 4479 1181 4542 Lunae
1213 4481 1370 4561 sphaeram
1400 4490 1482 4564 recto

131 4585 214 4638 motu
244 4573 405 4655 trajecisse
438 4570 631 4650 proximeque
659 4569 782 4630 Terram
815 4567 933 4628 venisse
970 4568 1069 4630 medio
1108 4569 1305 4650 apparitionis
1339 4577 1480 4654 ternpore,

131 4685 196 4730 cum
210 4683 269 4728 nuo
291 4662 339 4725 die
366 4657 493 4740 isigna
515 4656 711 4738 longitudinis
734 4655 817 4719 5515
841 4656 951 4719 circulo
973 4675 1082 4738 magno
1100 4653 1162 4722 100
1184 4678 1238 4722 555
1241 4660 1362 4738 fecerit,
1386 4663 1482 4724 canda

130 4753 316 4818 incredibilis
339 4748 534 4830 longitudinis
557 4743 634 4812 500.
668 4765 734 4809 cum
766 4752 836 4807 ante
869 4753 997 4828 etpost
1027 4755 1058 4809 et
1081 4747 1178 4811 cauda
1200 4757 1232 4812 et
1252 4758 1351 4812 motus
1374 4749 1483 4814 fuerint

131 4844 290 4910 admodum
313 4833 470 4915 exiles.⁸²)
514 4839 551 4904 15
574 4837 723 4902 altissimo
753 4833 878 4918 deniqne
906 4837 1028 4900 aethere
1065 4838 1172 4901 stellae
1199 4839 1277 4902 inter
1300 4841 1406 4902 hxas'
1398 4860 1481 4924 rpsae
