3694 5528
779 314 884 366 1-xn·
1443 311 1508 381 529

244 489 302 554 Ηίσ
333 491 426 570 igitur
457 511 495 554 ex
529 492 721 574 proportione
751 491 805 554 ΒΕ
844 489 1011 554 altitudinis
1043 492 1081 554 ad
1114 491 1172 554 ΕΗ
1207 492 1342 555 umbram
1379 492 1508 556 habetur

158 578 319 641 declinatio
343 579 424 642 Solis
448 602 467 642 a
488 580 602 643 vertice
625 581 761 662 planitiei
780 581 848 642 BA.
886 581 964 642 Nam
989 586 1021 642 ut
1034 580 1088 642 ΒΕ
1112 582 1150 643 ad
1170 580 1228 642 ΕΗ
1250 581 1294 642 εἰσ
1318 581 1400 642 sinus
1424 588 1508 644 totus

157 667 197 730 ad
219 675 394 746 tangentem
418 669 581 732 distantiae
605 665 686 732 Solis
710 691 729 731 a
751 669 864 732 vertice
887 669 970 749 plani
991 669 1069 731 BA:
1095 668 1125 730 id
1148 675 1198 731 est
1220 669 1321 749 anguli
1344 669 1438 734 ΕΒΗ.

112 817 120 830 ,
245 753 305 826 Qui
327 775 399 819 vero
423 757 499 820 radii
523 757 605 820 Solis
628 759 741 820 cadunt
766 759 847 820 inter
869 758 929 819 ΜΒ
954 766 986 820 et
1008 756 1081 832 LD,
1111 756 1131 818 ii
1155 758 1184 819 iu
1208 757 1377 820 densiorem
1406 760 1506 839 pallu-

157 843 254 906 cidam
282 845 467 925 superficiem
495 847 553 909 BA
580 847 746 909 incidentes
778 845 978 926 refringantur
1005 865 1111 907 versus
1143 845 1418 925 perpendicularem
1440 847 1506 924 ΒΕ,

158 939 189 995 σσ
212 933 256 996 εἰσ
279 933 340 996 ΜΒ
363 935 545 1015 refringatur
566 935 597 996 iu
621 931 679 998 BG
703 942 734 998 et
756 934 813 997 LD
836 934 864 995 in
889 936 943 998 DI.
981 934 1022 996 Εσ
1044 933 1101 996 BD
1125 939 1210 996 trans
1234 935 1410 1016 crystallum
1432 955 1506 1016 pro-

153 1021 240 1102 jiciet
263 1021 397 1084 umbram
421 1023 450 1085 iu
475 1023 521 1086 GI
542 1023 719 1087 breviorem.
766 1023 884 1086 Poterit
912 1030 1011 1086 autern
1041 1022 1135 1084 oculis
1158 1023 1258 1085 notari
1287 1023 1454 1103 quantitas,
1480 1024 1506 1087 si

156 1109 239 1189 prius
262 1111 371 1173 tundus
394 1111 493 1194 capuli
516 1112 631 1174 divisus
655 1113 746 1174 tuerit
768 1118 938 1174 atramento
960 1111 989 1173 in
1004 1117 1109 1192 partes
1132 1117 1243 1174 cartas.
1286 1109 1365 1174 Nam
1389 1131 1505 1192 corpus,
1583 1127 1598 1144 '⁸

159 1199 237 1278 quod
260 1199 382 1262 tondum
406 1201 494 1280 tegit,
518 1209 566 1262 est
588 1201 780 1281 pellucidum.

244 1287 374 1350 Rursum
406 1289 516 1368 igitur,
549 1297 583 1351 ut
606 1289 660 1351 ΒΕ
693 1289 822 1352 altitudo
851 1289 890 1350 ad
913 1285 972 1349 EG
999 1287 1135 1351 umbram
1168 1286 1210 1348 sic
1243 1287 1326 1348 sinus
1359 1294 1442 1350 totus
1465 1289 1506 1350 ad

156 1383 330 1457 tangentem
355 1377 455 1456 anguli
477 1375 574 1440 EBG.
621 1377 784 1440 Subtracto
808 1385 908 1440 autem
931 1375 1018 1438 EBG
1040 1375 1087 1438 hic
1114 1377 1237 1438 invento
1260 1375 1298 1437 ab
1316 1375 1402 1438 ΕΒΗ
1423 1377 1506 1456 prius

156 1464 288 1538 invento,
311 1473 409 1528 restat
433 1465 521 1528 GBH
548 1466 703 1546 quantitas
732 1466 833 1546 anguli
863 1463 1032 1528 refractorii
1055 1466 1085 1527 in
1109 1465 1167 1526 hnc
1193 1463 1388 1528 inclinatione
1410 1465 1505 1527 ΕΒΗ.

245 1555 285 1616 V.
331 1555 534 1618 Problema.
577 1555 789 1618 Retractiones
812 1555 1037 1617 inclinationum
1060 1553 1206 1634 majorum
1225 1560 1257 1614 et
1280 1553 1368 1616 simul
1391 1554 1538 1634 priores,

157 1643 218 1704 alia
240 1642 290 1704 via
313 1643 495 1705 commodius
519 1643 658 1724 probare.

169 1741 174 1758 “
244 1731 315 1794 Iiat
338 1750 375 1792 ex
398 1733 509 1794 lamina
531 1729 682 1812 pellucida
711 1731 788 1792 satia
821 1749 940 1804 crassa,
969 1736 1074 1810 utpote
1106 1728 1220 1792 dimidii
1249 1728 1335 1808 digiti
1360 1729 1507 1792 crassitu-

157 1818 245 1889 dine,
278 1838 386 1900 corpus
418 1821 649 1902 cylindrcceum.
692 1821 734 1886 Id
763 1821 804 1882 sit
836 1817 916 1894 AG;
949 1817 1119 1880 crassitudo
1148 1818 1213 1879 FA.
1312 1870 1340 1920 ri
1386 1867 1401 1920 ³
1593 1810 1599 1816 ’

155 1909 329 1970 Pertoretur
352 1909 463 1970 lamina
486 1909 648 1971 secuudum
672 1909 792 1971 ductum
817 1907 955 1970 diametri
977 1906 1092 1980 circuli,
1117 1913 1151 1967 ut
1174 1907 1216 1968 sit
1254 1930 1259 1938 ·
1341 1884 1365 1936 ι’
1404 1907 1411 1919 “

155 1997 211 2058 FA
235 1998 369 2059 toramen
393 1998 513 2078 longum
536 2016 590 2078 per
614 1997 639 2060 G
663 2003 797 2060 centrum
819 1997 848 2058 iu
874 1995 904 2058 G
932 1995 1048 2068 exiens,
1073 2003 1126 2056 aut
1148 1995 1214 2056 loco

156 2085 310 2148 foraminis
333 2087 438 2166 regula
460 2105 550 2166 super
573 2087 761 2189 cylindraceo
779 2087 890 2164 ligatur
913 2084 1073 2147 secundnm
1093 2083 1214 2146 ductum
1283 2117 1300 2155 ι

155 2172 259 2248 AOG,
294 2173 420 2253 dioptris
449 2192 543 2255 aeque
576 2175 682 2238 altis'
674 2193 705 2236 rn
728 2174 758 2236 A
782 2172 877 2236 etG.
922 2171 1084 2235 Dividetur
1106 2171 1215 2234 limbus
1326 2178 1329 2183 '
1487 2208 1490 2227 .

156 2261 341 2324 circularis
331 2282 362 2324 m
385 2269 490 2343 partes
514 2259 588 2338 360,
612 2263 698 2326 ἰείσίο
722 2264 804 2325 tacto
827 2262 917 2336 abB,
941 2269 975 2324 ut
992 2259 1050 2322 ΑΕ
1072 2261 1115 2322 εἰσ
1137 2269 1218 2341 qua:
1272 2186 1369 2370 Κ
1402 2143 1497 2382 l

155 2351 257 2412 draus.
295 2351 450 2430 Dirigatur
472 2360 572 2414 autem
597 2353 729 2414 toramen
750 2351 801 2413 vel
825 2351 944 2431 dioptra
961 2347 1055 2412 AG
1046 2369 1077 2410 ru
1101 2347 1212 2426 Solem,

155 2449 187 2500 et
210 2439 252 2502 sit
275 2440 326 2502 lux
348 2439 429 2501 Solis
456 2459 510 2520 per
533 2441 594 2502 A
585 2459 724 2526 ingressa
751 2440 831 2501 ultra
855 2438 885 2501 G
908 2437 1081 2540 opposito
1070 2458 1101 2499 ru
1129 2439 1196 2500 loco
1220 2441 1268 2502 vel
1292 2443 1407 2523 pariete
1433 2463 1508 2505 con-

156 2526 270 2608 spicua.
324 2527 399 2590 Cum
433 2529 524 2609 igitur
560 2521 764 2591 semicirculus
796 2535 878 2591 totus
910 2547 970 2589 uua
1006 2525 1071 2587 vico
1106 2527 1307 2605 illuminetur,
1342 2532 1509 2611 quadrante

154 2617 292 2697 utrinque
313 2617 351 2677 ab
370 2617 399 2678 A
418 2624 584 2697 porrectus,
608 2625 705 2697 patet,
725 2618 803 2697 quod
824 2617 914 2678 ducta
937 2615 1138 2694 contingens
1130 2635 1225 2696 ipsam
1251 2579 1375 2700 cylindri
1401 2639 1508 2704 supar-

154 2705 250 2766 liciam
274 2705 370 2777 inE,
404 2724 479 2786 quae
512 2707 554 2769 εἰσ
575 2705 651 2782 DB,
684 2706 832 2786 parallela
861 2705 903 2766 εἰσ
933 2705 970 2766 ad
995 2702 1056 2765 AG
1090 2711 1121 2764 et
1151 2705 1195 2767 εἰσ
1223 2725 1261 2769 ex
1288 2705 1360 2768 Sole
1393 2707 1507 2777 veniat,

156 2801 308 2854 extremus
331 2793 433 2855 radius
457 2794 591 2857 existens
616 2813 727 2867 eorum,
752 2794 855 2874 quiin
878 2791 1004 2876 cylindri
1028 2792 1245 2857 semicirculum
1269 2794 1413 2858 incidunt.

245 2883 353 2962 Itaque
377 2882 545 2944 circumduc
575 2884 686 2966 stylum
717 2901 844 2963 opacum
872 2902 962 2976 super
991 2880 1181 2962 cylindrccea
1211 2883 1366 2963 superficie
1391 2885 1428 2946 ab
1452 2882 1509 2946 AF

156 2987 249 3051 usque
272 2970 371 3046 inIl,
405 2980 435 3033 et
465 2972 593 3034 observa
616 2972 666 3033 ubi
698 2971 789 3034 cadat
817 2971 883 3050 ejus
897 2963 1049 3034 umbra'
1041 2989 1070 3030 ru
1095 2971 1234 3072 opposito
1265 2972 1400 3052 margine
1428 2972 1509 3034 circa

154 3066 260 3138 partes
284 3057 351 3120 (ΞΒ.
391 3058 467 3122 Esto
491 3068 525 3122 ut
548 3079 614 3122 cum
638 3081 668 3122 m
687 3060 713 3122 Ε
736 3059 858 3140 ponitur
880 3060 986 3123 umbra
1009 3058 1132 3120 cadat'
1122 3079 1153 3120 un
1176 3060 1212 3121 Β.
1252 3059 1413 3122 Dimidium
1438 3079 1509 3140 ergo

155 3147 414 3210 circumferentiae
431 3149 484 3210 ΕΒ
508 3150 633 3211 metitur
657 3150 799 3229 angulum
822 3147 1012 3212 retractionis
1035 3147 1113 3209 radii
1129 3147 1196 3224 DE,
1222 3149 1271 3228 qui
1294 3149 1388 3211 habet
1410 3149 1509 3210 decli-

153 3237 307 3298 nationem
340 3238 503 3300 maximam
527 3258 546 3299 a
573 3238 704 3314 vertice,
738 3237 847 3319 quippe
876 3237 978 3318 tangit
1011 3237 1148 3317 crystalli
1178 3237 1372 3318 cylindricam
1402 3256 1509 3318 super-

153 3325 250 3387 ficiem
273 3325 303 3386 iu
326 3325 364 3388 Ε.

242 3413 299 3475 VI.
346 3412 510 3478 Axioma.
559 3411 705 3496 Crystalli
728 3419 759 3475 et
786 3411 858 3475 vitri
885 3411 1083 3475 retractiones
1106 3419 1178 3474 sunt
1207 3413 1341 3494 proxime
1371 3413 1507 3474 eaedem.

242 3502 316 3564 VH.
362 3502 529 3564 Axioma.
576 3500 721 3585 Crystalli
754 3501 950 3564 retractiones
982 3520 1076 3582 usqua
1101 3501 1140 3564 ad
1167 3502 1350 3564 trlcesimum
1378 3501 1508 3562 inclina-

155 3589 246 3650 tionis
276 3597 347 3651 sunt
370 3593 409 3652 ad
439 3609 558 3652 sensum
581 3590 822 3670 proportionales
844 3587 1098 3653 inclinationibus.

243 3678 334 3740 VIII.
389 3679 552 3740 Axioma.
605 3679 744 3760 Angulus
779 3679 970 3741 retractionis
1006 3678 1035 3740 in
1074 3678 1219 3761 crystallo
1256 3686 1304 3740 est
1338 3695 1432 3758 usque
1466 3675 1505 3738 ad

155 3765 270 3828 dictum
293 3766 451 3828 terminum
475 3784 561 3847 quam
585 3769 719 3847 proxima
742 3767 835 3830 tertia
858 3786 929 3847 pars
952 3767 1155 3829 inclinationis
1179 3767 1208 3828 in
1233 3773 1313 3828 atre.

242 3855 300 3916 IX.
345 3855 508 3918 Axioma.
555 3855 711 3919 Retractio
735 3856 871 3938 crystalli
894 3857 1026 3918 maxima
1048 3863 1097 3917 est
1120 3855 1238 3916 circiter
1261 3851 1331 3916 48⁰.

242 3942 282 4004 Χ.
320 3943 478 4006 Axioma
502 3943 684 4025 Opticum.
722 3945 881 4007 Inclinatio
898 3951 1040 4007 causatur
1058 3943 1278 4016 retractionem,
1305 3948 1337 4001 et
1355 3939 1507 4002 radiorum

153 4031 183 4093 in
208 4032 315 4094 eodem
343 4031 441 4106 medio
470 4032 699 4095 constitutorum
732 4033 944 4096 inclinationes
975 4032 1117 4114 aequales
1150 4036 1312 4092 causantur
1335 4035 1367 4091 et
1389 4028 1507 4091 ratrac-

153 4120 252 4182 tiones
272 4139 326 4182 seu
345 4121 557 4184 retractionum
582 4123 708 4202 angulos
724 4122 875 4201 aequales,
899 4120 1053 4185 inclinatio
1068 4120 1165 4199 maj0r
1187 4119 1278 4180 etiam
1297 4115 1508 4179 retractionem

153 4210 314 4290 majorcm;
339 4210 422 4271 nulla
445 4210 574 4272 nullam:
600 4211 656 4272 hoc
680 4219 737 4281 est,
760 4210 1014 4290 perpendicularis
1038 4228 1095 4270 nou
1119 4206 1301 4287 retringitur.

238 4297 296 4360 Xl.
334 4297 489 4360 Axioma
511 4297 690 4378 Opticum.
727 4298 819 4360 Radii
843 4321 862 4361 a
886 4299 1013 4360 diversis
1036 4296 1156 4378 punctis
1180 4294 1349 4358 lucentibus
1372 4294 1402 4356 in
1426 4293 1505 4356 idem

151 4385 319 4467 superficiei
343 4387 491 4449 densioris
510 4395 654 4467 puuctum
672 4387 838 4450 incidentes
857 4407 889 4448 se
909 4394 1011 4449 mutuo
1031 4392 1147 4462 secant,
1174 4391 1205 4446 et
1221 4383 1414 4446 incidentium
1430 4381 1506 4444 situs

151 4481 341 4552 permutatur
363 4475 392 4536 in
415 4476 575 4550 retractis;
598 4493 658 4537 non
681 4477 778 4538 rninus
799 4494 834 4537 ac
854 4476 880 4537 si
905 4475 999 4538 sectio
1023 4474 1211 4553 contingeret
1230 4473 1294 4534 siue
1313 4471 1503 4534 retractione.

241 4564 380 4620 Probatur
399 4566 427 4620 iu
450 4567 514 4636 Opt.
535 4582 586 4635 per
606 4565 642 4619 X.
666 4563 745 4635 (Gap.
766 4567 801 4620 V.
823 4565 857 4622 N.
879 4565 906 4621 3.
927 4584 1006 4636 prop.
1028 4563 1106 4634 XII.)

240 4651 312 4714 XII.
359 4651 582 4733 Propositio.
627 4653 840 4716 Retractionas
870 4655 1017 4736 exquisite
1048 4650 1219 4734 pensitatae
1247 4667 1306 4712 nou
1334 4655 1406 4712 sunt
1432 4667 1505 4729 pro-

154 4737 339 4817 portionales
361 4741 604 4804 inclinationibus
628 4742 658 4804 in
683 4748 764 4804 a'ere.

225 4841 313 4890 mlvi
325 4844 395 4894 opera
412 4846 438 4886 Π.
1259 4839 1294 4893 34
