3648 5530
635 303 995 375 ames-nme..
1425 303 1491 372 uro

135 475 242 556 possit.
289 473 358 548 Quo
381 477 575 544 tenemento
598 479 866 557 snbmtosomrria
882 502 965 564 ‘quse
989 489 1198 564 superstructo
1222 491 1309 558 eunt,
1331 481 1494 562 „trneposi

136 581 260 630 necesse
283 574 340 631 est.
496 631 499 638 ,
733 605 763 632 ;.
1120 597 1124 605 ·
1207 595 1210 600 ·
1332 591 1338 601 ·
1393 605 1395 612 ι

223 655 289 716 Nec
313 655 409 718 minus
434 657 679 719 commendabilia
703 665 752 722 est
768 667 828 722 tna
850 660 1079 738 perseverantie
1102 660 1131 721 in
1154 659 1337 738 indagandis
1359 657 1486 722 secuta

134 751 231 809 brou
253 742 343 806 Jovis
372 743 516 822 periodis.
561 744 609 808 De
635 764 849 825 pone-summo
871 747 1133 822 existimaveram,
1162 767 1210 809 me
1233 749 1322 826 poulo
1346 747 1443 808 minus
1467 744 1489 810 8

134 833 198 894 dies
217 831 366 894 nescisse
389 833 419 894 in
444 833 509 911 ejns
531 834 674 912 periodo:
688 843 733 896 at
753 837 884 906 ramnes
902 837 1137 900 observationes
1161 837 1251 898 hebui
1275 837 1319 896 nb
1338 835 1492 896 oculorum

134 929 166 982 st
194 921 386 984 instrumenti
419 922 580 984 detectum.
625 923 751 989 *Interim
784 931 837 993 tn,
852 925 946 986 :mm
977 926 1018 986 ed
1045 925 1154 988 Solem
1185 925 1341 1004 regulares
1373 923 1491 984 invenis

133 1008 251 1073 illorum
265 1018 376 1083 molnes,
400 1029 456 1072 nnn
471 1010 512 1072 ad
528 1011 660 1084 Terram,
686 1031 744 1091 qno
759 1013 952 1091 pectentes
975 1013 1109 1093 ipsorum
1128 1015 1192 1091 jam
1218 1012 1291 1074 lenti
1314 1012 1491 1074 incederent

129 1099 196 1176 jam
212 1100 341 1160 'veloces
365 1106 466 1162 steote
491 1099 606 1162 Terra?
653 1097 732 1170 Quid
764 1101 845 1162 aliud
880 1120 968 1182 quem
1000 1121 1108 1164 novum
1131 1109 1341 1181 argumentum
1364 1100 1490 1162 exhibes

132 1186 290 1266 physicum
312 1205 367 1266 pro
390 1195 472 1250 motu
494 1188 606 1252 Terrae
634 1197 667 1250 et
698 1189 798 1270 quiete
822 1188 928 1252 Solis?
974 1191 1058 1251 Tune
1090 1192 1168 1252 enirn
1202 1189 1346 1251 velocitas
1374 1189 1490 1250 orbium

134 1276 241 1338 eadem
265 1283 410 1356 perpetrm
434 1295 501 1340 esse
525 1284 636 1354 potest.

221 1364 395 1429 Maeuiae
417 1363 517 1426 Solio
541 1365 611 1426 iude
635 1366 678 1426 ab·
697 1384 776 1426 enno
794 1365 955 1428 observavi
968 1365 1182 1445 pulcherrime,
1206 1365 1262 1426 nisi
1278 1366 1367 1428 fallor
1382 1366 1489 1428 eodem

136 1471 197 1532 qno
218 1463 251 1516 tu
274 1454 373 1516 modo.
418 1454 485 1516 Neo
508 1453 586 1516 setis
607 1454 708 1516 mirari
736 1472 874 1532 poeemn,
899 1473 966 1516 esse
991 1454 1139 1525 homines,
1162 1455 1212 1532 qui
1235 1455 1338 1516 oculos
1362 1472 1415 1533 per
1438 1454 1486 1514 io·-

133 1550 333 1606 etrnmentum
357 1542 388 1604 in
412 1542 515 1604 Solem
538 1541 636 1621 ipsum
660 1543 791 1621 dirigant
813 1544 988 1606 continuata
1011 1543 1236 1606 consuetudine.
1270 1573 1311 1586 -
1340 1542 1488 1604 Existimo

132 1649 201 1692 esse
224 1632 370 1710 asangm
395 1631 548 1710 quippiam
570 1631 692 1694 nubium
714 1631 925 1705 Terrestrium
950 1633 1028 1711 quod
1043 1632 1130 1694 Solis.
1145 1631 1251 1710 globus
1271 1637 1377 1710 suopte
1401 1639 1489 1692 aestu

131 1727 240 1782 coctos
271 1730 430 1793 excernat,
469 1719 627 1782 materiam
659 1719 735 1782 forte
769 1730 972 1794 cometarum,
1006 1720 1056 1800 qui
1089 1721 1166 1781 fonte
1191 1740 1211 1780 s
1232 1717 1305 1782 Sole
1329 1721 1486 1799 prodeunt

132 1807 209 1870 Gnm
234 1817 335 1871 autem
359 1804 411 1872 30.
431 1807 505 1886 moti
522 1807 603 1872 Solis
626 1808 752 1887 eclipsin
777 1809 807 1870 in
831 1809 910 1870 huno
932 1810 1051 1870 modum
1074 1809 1293 1881 observassem,
1317 1809 1393 1888 mira
1415 1809 1487 1875 mihi

130 1917 182 1958 res
206 1897 325 1969 eccidit,
351 1915 428 1976 quse
452 1905 554 1961 umen
577 1914 636 1960 non
659 1905 743 1960 caret
766 1916 822 1960 sua
846 1897 1115 1961 demonstratione.
1150 1897 1222 1958 Vidi
1236 1897 1311 1958 duos
1331 1898 1486 1959 colliculos

132 1986 163 2048 in
189 1985 322 2051 interiori
355 1984 469 2063 speciei
492 1984 612 2050 Solonis
643 1985 773 2060 circulo,
812 2003 898 2064 quem
931 1987 1083 2048 formabat
1105 1986 1193 2048 Luna
1225 2004 1360 2064 corpore.
1408 1985 1488 2048 Sunt

131 2075 227 2154 igitur
248 2075 340 2138 etiam
362 2073 393 2136 in
417 2073 660 2138 circumferentia
680 2075 785 2136 Lunae
809 2082 942 2148 montes,
967 2075 1073 2156 quibus
1097 2093 1187 2154 segre
1212 2091 1314 2136 cerere
1338 2095 1371 2136 se
1396 2073 1483 2136 Gali-

131 2165 216 2228 lseus
248 2163 328 2226 ,houd
352 2163 488 2228 obscure
521 2162 753 2241 significaverat
800 2162 955 2226 Disrneter
981 2165 1103 2235 Luuee,
1137 2163 1273 2242 quemvis
1293 2163 1487 2224 acutissimis

131 2251 330 2318 existentibus
353 2251 491 2315 cornibus
529 2251 640 2329 speciei
663 2251 779 2315 Soletis
804 2253 899 2334 (quod
922 2261 971 2312 est
998 2261 1104 2314 contra
1127 2271 1181 2326 ea,
1212 2271 1287 2331 quae
1311 2253 1339 2312 in
1365 2251 1487 2330 Optiois

131 2341 370 2414 demonstravi),
408 2339 551 2420 apparuit
578 2338 663 2418 justo
695 2341 800 2402 minor.
848 2339 920 2402 -Sed
957 2341 1079 2404 fallacis
1110 2348 1160 2402 est
1191 2360 1244 2402 seu
1283 2339 1488 2418 discrepantis¹

129 2429 241 2509 speciei
261 2447 315 2509 per
325 2429 558 2496 instrumentum
576 2431 723 2492 tbrmntee
747 2451 767 2490 a
789 2428 889 2509 specie
909 2431 1039 2508 genuine
1055 2429 1137 2490 Solis
1159 2429 1189 2490 in
1214 2430 1307 2492 coelo.
1350 2429 1488 2492 Demon-

129 2528 246 2582 stratur
283 2519 339 2581 hoc
371 2537 409 2580 ex
442 2517 676 2582 conformatione
709 2517 909 2582 instrumenti.
965 2520 1043 2580 Nom
1080 2535 1165 2596 prop.
1203 2515 1276 2580 105.
1314 2519 1488 2597 Dioptrices

128 2627 215 2674 moes
238 2607 464 2674 demonstratus
483 2607 695 2672 extetmodus
713 2607 801 2687 hujus
823 2607 1045 2671 observationis
1066 2606 1180 2686 ipsins;
1204 2606 1318 2669 ultimis
1332 2625 1403 2667 vern
1418 2606 1491 2686 ejus.

127 2695 344 2778 propositionis
361 2696 480 2758 verbis:
507 2695 693 2769 „exteriores
712 2715 830 2775 semper
848 2696 934 2774 plns‘·
952 2705 1010 2760 etc.
1035 2713 1128 2758 causa
1147 2693 1315 2758 continetur
1334 2695 1484 2768 fallaciae,

128 2787 226 2866 quod,
255 2784 427 2864 priusquam
451 2783 640 2862 experientia
661 2785 730 2864 ipsa
753 2784 1015 2864 deprehenderem,
1040 2783 1128 2846 velde
1152 2802 1217 2846 sum
1243 2783 1393 2858 miretue;
1426 2783 1485 2846 etsi

127 2874 157 2938 in
179 2874 339 2955 quadratis
363 2879 570 2952 argumentum
593 2881 661 2936 eret
683 2873 894 2937 certissimum.

216 2963 280 3026 Sed
305 2962 412 3024 desino
434 2971 465 3024 et
496 2979 569 3038 rogo
600 2961 833 3026 dominationem
857 2962 970 3032 Tuam,
1005 2960 1066 3022 ista
1099 2960 1168 3022 boni
1193 2961 1337 3042 ¹consulat
1369 2961 1484 3042 sibique

127 3053 316 3132 persuadeat
337 3065 391 3129 pro
415 3059 515 3124 certo,
542 3051 616 3120 heec
640 3053 678 3112 ab
702 3051 815 3131 optimo
840 3051 939 3112 auimo
962 3049 1100 3130 proiecta
1128 3068 1233 3130 meque
1256 3049 1484 3129 peratissimum

127 3141 291 3207 adomnia
315 3148 418 3205 mutua
441 3140 548 3202 officie.

167 3287 169 3294 ,
216 3231 297 3292 Vele
320 3237 511 3308 mutuamque
535 3228 699 3290 amicitiem
723 3229 797 3292 cole.
843 3229 962 3307 Prsgae
985 3247 1016 3290 1.
1033 3229 1110 3290 Nor.
1135 3227 1164 3290 in
1188 3226 1343 3307 procinctu
1367 3228 1481 3294 reditus

126 3320 265 3388 Liuoium
289 3337 368 3384 anno
395 3313 487 3383 1612.
752 3405 782 3466 Η
818 3405 844 3466 Τ

1017 3491 1105 3556 offic.
1130 3493 1185 3556 Jo.
1208 3493 1376 3578 Keplenvu.

217 3639 316 3698 Pauca,
340 3645 406 3704 quoe
431 3637 462 3689 de
482 3635 683 3700 Ephemeridibus
708 3651 763 3686 cnm
783 3633 885 3702 Mogino
911 3635 1014 3685 edendis
1032 3635 1071 3685 his
1097 3635 1193 3686 addidit
1209 3637 1345 3703 Keplerus,
1370 3639 1485 3706 leguntur

127 3712 153 3760 iu
173 3709 311 3762 Gemmeus.
332 3711 363 3761 de
381 3711 487 3761 motibus
505 3705 602 3758 Mortis.

217 3779 341 3839 Marius
367 3782 495 3848 mpcndh
512 3780 536 3830 d.
555 3777 597 3828 26.
617 3780 682 3844 Aug.
711 3775 797 3836 tots,
825 3778 965 3843 gratimime
994 3779 1119 3842 accipisne
1146 3780 1249 3845 Kepleri
1276 3783 1482 3846 explanationem.

126 3854 239 3910 Excusat
256 3869 295 3914 se,
314 3855 380 3919 qnod
396 3867 448 3906 nors
465 3867 510 3919 per
527 3853 615 3902 omnia
630 3851 663 3902 ad
680 3850 783 3914 Kepleri
800 3849 885 3900 literas
908 3850 1071 3914 respondeat,
1091 3865 1190 3909 „rernm
1207 3853 1267 3904 illae
1285 3865 1301 3903 a
1319 3869 1372 3914 me,
1395 3858 1483 3920 iuquit,

125 3933 184 3976 suut
203 3927 267 3978 adeo
285 3926 349 3977 bens
379 3925 528 3980 custoditae,
556 3928 585 3972 ut
604 3937 646 3971 ess
663 3924 715 3983 jam
742 3922 847 3985 reperire
873 3934 1003 3986 nequeam.
1040 3919 1097 3970 Non
1119 3931 1176 3972 sunt
1195 3925 1301 3974 emisses
1320 3927 1365 3976 sed
1382 3929 1485 3978 seorsim

124 3997 244 4064 singulari
264 3997 344 4046 studio
363 4000 502 4061 sepositae,
530 4007 561 4042 ue
580 3995 645 4043 inter
662 3992 769 4056 reliquus
791 3993 877 4041 literas
904 3991 1008 4040 forsitan
1036 3993 1214 4044 amitterentur.
1253 3994 1379 4056 Quantum
1398 4005 1482 4048 eutem

124 4067 253 4126 recordor,
279 4067 346 4133 prior
362 4076 388 4118 et
405 4069 514 4119 munima
537 4079 594 4128 pars
617 4063 715 4114 illarum
743 4063 854 4112 eontinet
882 4063 1066 4113 excusationem
1086 4071 1111 4112 et
1129 4066 1318 4129 explicationem
1345 4070 1483 4119 uberiorem

125 4153 217 4202 mrum,
235 4153 301 4206 quus
319 4141 353 4190 ed
370 4143 508 4206 marginem
525 4137 551 4186 in
569 4143 616 4186 tua
633 4135 759 4198 Dioptrlae
778 4141 850 4184 erant
867 4135 989 4198 apposita.
1026 4135 1164 4198 Aequians
1182 4151 1244 4188 saue
1263 4140 1288 4187 in
1307 4139 1363 4202 illis,
1382 4153 1447 4206 quse
1467 4153 1483 4190 a

123 4219 150 4262 ts
162 4220 222 4264 aaut
235 4211 340 4262 atleta.u
367 4211 440 4273 Quae
458 4211 553 4274 reliqna
568 4213 634 4267 snut.
654 4205 744 4256 nulllus
757 4213 816 4256 saut
832 4207 959 4262 momenti,
978 4205 1094 4270 leguntur
1113 4208 1179 4272 apud
1191 4208 1345 4260 Haerentem
1356 4227 1379 4275 p.
1394 4208 1448 4262 553
1459 4227 1483 4263 ι.

123 4283 178 4334 Hoc
197 4289 297 4334 tantm
309 4290 433 4340 notumne,
446 4281 554 4332 Marium
566 4280 685 4329 memoria
701 4277 752 4326 ielli
771 4278 928 4334 scribentem,
947 4277 1032 4326 literne
1045 4276 1108 4337 illes,
1128 4294 1189 4343 ques
1201 4281 1325 4346 Keplerus
1337 4281 1482 4348 Dioptricae

123 4355 238 4417 praefixit
257 4352 291 4414 (v.
311 4369 330 4403 s.
351 4370 408 4420 pag.
430 4351 504 4413 167),
524 4353 596 4401 dates
615 4363 670 4399 esse
690 4347 722 4398 ad
735 4347 876 4406 Odontium,
897 4361 952 4397 cum
966 4345 1101 4398 Vickenins
1120 4365 1233 4414 expresse
1251 4353 1352 4412 scribet,
1372 4353 1482 4416 „Marius

123 4425 201 4476 mihi
225 4425 377 4490 rsepondit“
398 4425 554 4477 Concludere
579 4434 649 4486 spem
666 4419 712 4469 ribi
739 4417 859 4484 effulgere
886 4419 961 4474 dicit,
984 4417 1120 4482 Keplorum
1145 4421 1350 4488 Norimbergam,
1377 4440 1425 4491 quo
1451 4427 1482 4475 ob

123 4505 221 4560 mm
238 4496 394 4548 Ratlsbonae
412 4503 569 4564 prurautem
597 4493 698 4542 camina
724 4490 897 4542 menende
924 4491 991 4550 sint,
1018 4497 1148 4542 ventorum
1173 4500 1199 4544 et
1221 4509 1249 4545 se
1276 4493 1326 4545 illio
1345 4495 1481 4562 Keplernm

124 4569 164 4618 vel
188 4569 256 4620 bunt
281 4569 362 4632 ipsum
381 4567 503 4620 Onoldine
528 4564 691 4617 visitaturum
728 4562 801 4612 Haeo
819 4577 875 4625 spos
892 4561 990 4626 quidem
1007 4561 1089 4613 inanis
1107 4564 1161 4622 init,
1178 4563 1333 4618 Rutisbonue
1351 4583 1407 4620 vero
1424 4583 1481 4620 enm

124 4637 233 4702 Ksplcso
259 4641 374 4690 convenit
392 4637 506 4704 (octobri
531 4635 590 4692 anni
611 4631 705 4694 tots).
733 4640 761 4682 ut
783 4635 836 4697 ipse
854 4631 948 4682 Marius
976 4632 1051 4680 rotem
1075 4635 1101 4683 in
1126 4633 1220 4685 Mundo
1237 4636 1336 4687 Joviali.
1373 4639 1481 4690 Posthac

124 4722 182 4757 vcro
207 4709 275 4761 nulla
301 4711 441 4761 interuenit
465 4703 618 4762 consuetudo
641 4705 705 4754 inter
728 4710 872 4768 utrumque,
901 4717 933 4752 ne
951 4716 996 4766 per
1017 4701 1102 4754 literas
1125 4707 1240 4770 quidem;
1269 4723 1358 4759 nomen
1382 4709 1481 4776 quidem
1557 4718 1567 4736 ‘

124 4776 200 4828 unffi
218 4781 323 4832 ,comp
340 4783 366 4831 pn
379 4781 482 4846 [epm-1
500 4777 595 4846 ,criptis
613 4789 703 4824 rernm.
735 4776 765 4825 In
786 4769 1019 4838 „Ephemeridibw
1040 4777 1099 4825 anni
1114 4773 1188 4827 1617.
1202 4775 1269 4839 (ride
1287 4778 1372 4844 inira),
1392 4781 1481 4832 deinde

123 4849 151 4900 ἢ,
170 4849 314 4916 ms
335 4851 440 4918 mim
456 4855 484 4904 i„
502 4846 607 4920 spmcla
624 4847 649 4898 d.
668 4843 710 4895 ³1.
730 4847 797 4912 Aug.
818 4841 886 4895 rste
905 4843 938 4896 ad
955 4842 980 4894 J.
998 4841 1130 4898 Remum
1147 4846 1210 4900 datu
1226 4848 1274 4902 hoo
1291 4851 1340 4904 tert
1357 4851 1480 4918 septem
