3718 5528
694 342 699 350 .
779 299 861 366 ceses
877 297 921 352 rx
939 299 965 350 a.
1484 301 1547 370 331

190 473 331 530 tudinis
351 476 559 546 parallaxie
589 476 723 547 duplici
751 478 944 550 marginali
972 480 1140 550 ingressu
1170 481 1385 551 excerpitur
1404 480 1439 536 in
1463 483 1551 537 buno

190 556 331 612 nodum.
360 556 549 628 Primoper
569 556 800 613 altitudinem
812 559 1038 630 nonagesimi
1057 559 1252 629 ingredere
1268 563 1469 631 emargine,
1490 579 1552 632 per

191 634 369 692 maximam
391 636 582 692 horizontis
604 637 808 707 parallaxin
828 655 847 692 a
868 639 994 705 fronte,
1025 655 1109 694 area
1138 640 1287 694 exhibet
1317 641 1550 712 longitudinis

191 715 398 786 parallaxin
425 718 621 772 maximam:
650 716 770 771 deinde
790 718 958 788 perhanc
984 736 1117 774 rursum
1138 720 1305 784 sinente,
1332 738 1391 790 per
1412 723 1550 777 distan·

189 795 272 850 tiam
298 813 378 850 rere
408 797 584 853 risibilem
612 795 740 851 sideris
763 813 781 851 a
798 801 911 868 gradu
940 800 1171 873 nonagesimo
1202 800 1393 872 ingredere
1420 819 1437 855 a
1465 819 1550 856 mar·

188 875 285 946 gine,
314 893 401 931 area
428 877 584 934 exhibet
609 876 769 931 debitam
797 877 1042 950 longitudinis
1073 880 1283 949 parallaxin
1305 881 1356 934 tui
1384 883 1548 937 momenti.

192 955 238 1010 lta
252 955 327 1010 vides
342 956 425 1028 hujus
439 975 519 1012 meae
534 957 649 1014 tabulae
663 973 742 1011 usum
762 957 933 1028 potissimum
948 977 1018 1024 esse,
1040 977 1100 1013 eum
1113 960 1189 1014 risus
1202 961 1299 1016 Lunae
1315 961 1391 1014 locus
1407 980 1442 1016 ex
1458 963 1550 1016 obser·

189 1034 302 1090 vatione
324 1038 517 1110 cognoscitur:
539 1036 714 1113 l'ychonioae
727 1053 794 1092 rere
808 1043 882 1103 tenc,
904 1057 965 1094 cum
984 1057 1067 1094 verus
1084 1041 1181 1094 Lunae
1202 1041 1279 1094 locus
1300 1041 1422 1094 babetur
1436 1060 1473 1095 ex
1494 1043 1550 1095 cal·

188 1115 260 1172 eale.
290 1115 495 1174 Potesttamen
510 1137 547 1174 ex
562 1121 652 1174 altero
668 1118 741 1174 alter
754 1119 853 1173 haberi
868 1137 949 1190 quam
966 1120 1101 1190 proxime,
1117 1121 1214 1174 addita
1225 1122 1272 1174 rel
1286 1121 1386 1174 ablata
1398 1122 1550 1191 parallaxi,

188 1196 305 1266 primum
319 1199 439 1254 crassius
453 1206 589 1270 excerpta
601 1201 638 1254 ad
651 1197 887 1270 propinquitatem
901 1200 1002 1256 dimidii
1012 1200 1142 1271 scrupuli,
1158 1200 1274 1273 indeque
1290 1218 1340 1270 per
1355 1202 1444 1256 locum
1457 1207 1548 1255 trane·

189 1275 338 1333 formatum
366 1280 482 1350 excerpi
507 1279 663 1350 justissima
690 1279 849 1349 parallaxis
886 1299 924 1336 ex
945 1280 1081 1336 utralibet
1110 1283 1217 1336 tabula.
1261 1283 1350 1343 Quam
1381 1298 1479 1352 parum
1500 1283 1551 1336 boc

188 1365 342 1428 praecepto
370 1365 515 1430 peccetur,
547 1357 657 1416 etiamsi
678 1359 760 1414 Luna
788 1359 965 1416 latitudinem
995 1361 1136 1428 obtineat,
1168 1369 1197 1416 et
1218 1364 1350 1432 quomodo
1381 1363 1550 1426 medendum,

189 1440 377 1510 quomodoque
397 1439 470 1495 idem
483 1443 519 1496 ad
539 1443 719 1513 aequatcrem
732 1445 762 1493 et
776 1438 891 1495 circulos
913 1441 1134 1506 declinationum,
1157 1449 1187 1497 et
1200 1442 1240 1496 sic
1254 1444 1287 1496 ad
1309 1449 1412 1496 motum
1434 1442 1548 1512 primum

191 1521 454 1586 accommodandum,
476 1521 593 1593 indeque
615 1534 686 1590 quae
706 1525 858 1574 nascantur
879 1523 1055 1592 problemata
1077 1525 1250 1593 quaerendae
1273 1521 1426 1576 altitudinis
1443 1523 1546 1574 coeloe·

190 1595 258 1650 tium
280 1615 297 1652 a
316 1599 411 1664 Terra,
443 1601 522 1656 nimis
550 1601 596 1656 hic
622 1598 761 1668 prolixum
787 1606 863 1655 esset
891 1604 1018 1665 tradere,
1047 1601 1153 1672 cogitet
1178 1603 1238 1673 ipse
1268 1603 1364 1657 lector.
1406 1601 1548 1672 Expedire

189 1683 283 1731 autem
302 1685 371 1749 puto
392 1680 492 1735 futuris
512 1682 624 1748 usibus,
646 1684 679 1733 ut
699 1680 840 1746 columna,
863 1698 934 1752 quae
955 1684 1043 1738 babet
1062 1682 1091 1736 in
1111 1681 1202 1736 leonte
1231 1683 1432 1736 horizontalem
1454 1682 1549 1752 paral·

187 1755 268 1812 laxin
290 1759 328 1814 60
348 1758 525 1827 minutorum,
547 1761 629 1817 minio
651 1765 772 1816 notetur.

234 1885 266 1952 5.
304 1891 359 1953 De
381 1894 574 1972 parallaxi
597 1895 640 1960 ob
668 1899 895 1964 distantiam
920 1895 1021 1960 Solis
1045 1900 1080 1957 et
1103 1892 1256 1968 Terrae,
1289 1912 1351 1955 seu
1380 1911 1506 1954 annua.
1602 1967 1609 1976 ι

278 2015 326 2077 At
348 2033 384 2077 ne
409 2016 453 2078 sic
483 2015 604 2097 quidem
636 2022 729 2085 desiit
761 2021 1002 2104 sapientissimus
1034 2017 1135 2082 mundi
1159 2017 1355 2078 Architectue
1386 2018 1550 2080 humanum

188 2121 284 2187 genus
308 2103 436 2167 erudire.
483 2103 743 2177 Quemadmodum
777 2113 873 2186 enim,
907 2129 973 2172 cum
1001 2129 1059 2171 non
1084 2106 1237 2168 sufficeret
1267 2106 1378 2168 homini
1403 2107 1552 2169 distantia

190 2193 344 2256 oculorum
367 2193 406 2254 ad
430 2199 671 2275 cognoscendam
696 2218 797 2262 veram
822 2199 999 2262 distantiam
1017 2198 1121 2260 Lunae
1146 2216 1164 2257 a
1187 2195 1281 2257 Teme
1304 2196 1396 2276 (quae
1420 2196 1551 2260 intimum

192 2283 276 2344 sidus
300 2284 382 2357 est),
413 2301 586 2349 succurrere
610 2288 715 2350 debuit
737 2289 866 2352 exilitati
889 2289 972 2350 visus
996 2286 1077 2349 orbis
1100 2286 1261 2346 Terrarum
1285 2285 1471 2364 amplitudo,
1495 2285 1549 2362 ita,

195 2389 262 2433 cnm
286 2371 378 2433 ctiam
401 2371 449 2434 hic
472 2373 633 2438 abscessus
658 2378 826 2457 superficiei
846 2377 976 2439 Telluris
1000 2397 1019 2437 a
1041 2394 1095 2437 sno
1120 2381 1223 2436 centro
1247 2383 1443 2436 evanesceret
1466 2393 1550 2436 com-

189 2465 315 2540 paratus
342 2459 383 2522 ad
404 2459 610 2526 incredibilem
639 2467 823 2547 superiorum
858 2467 1046 2546 planetarum
1079 2463 1286 2537 altitudinem,
1320 2483 1357 2524 ne
1381 2463 1411 2524 hi
1436 2481 1552 2545 quoque

190 2549 305 2612 frustra
323 2558 355 2611 et
376 2548 564 2614 inobserveti
581 2571 637 2633 per
659 2555 804 2618 ambitum
828 2556 977 2617 coelorum
1002 2553 1224 2633 spatiarentur,
1250 2551 1319 2632 quio
1338 2553 1440 2631 potios
1459 2554 1552 2615 etiam
1670 2553 1673 2558 ’

189 2637 229 2701 ad
256 2638 312 2700 boe
332 2657 416 2700 mens
437 2639 566 2702 humana
587 2645 788 2723 pervaderet:
814 2644 896 2705 aliud
916 2642 1067 2721 multoque
1091 2640 1219 2719 amplius
1238 2641 1433 2719 parallaxeon
1458 2659 1553 2720 genus

188 2725 279 2788 Deus
312 2735 360 2789 eet
392 2727 631 2806 architectatue3
665 2733 691 2794 si
723 2731 801 2794 forte
835 2733 952 2796 futurus
985 2737 1069 2792 esset
1099 2729 1180 2790 inter
1210 2728 1366 2805 homines,
1398 2731 1447 2810 qui
1475 2732 1552 2791 hanc
1590 2745 1597 2754 ·

189 2816 350 2890 rationem,
375 2816 525 2881 inoffensa
536 2819 653 2899 pietate
673 2821 843 2902 omissaque
859 2838 980 2901 operum
1000 2837 1119 2880 suornm
1134 2817 1293 2902 calumnia,
1313 2818 1398 2898 sequi
1417 2825 1549 2898 cuperet.

186 2902 266 2966 Eam
290 2902 474 2984 Gopernious
508 2915 540 2968 et
571 2907 760 2972 Reinbeldue
793 2911 822 2972 in
854 2907 1024 2971 Prutenicis
1056 2906 1274 2988 parallaxin
1305 2907 1407 2970 orbis
1441 2908 1552 2970 annui

194 2992 367 3073 appellant3
398 2995 534 3075 quamvis
564 3015 630 3060 eam
660 2999 809 3060 rationem
833 2998 936 3081 'lycho
965 2996 1102 3059 Brahens
1128 3015 1147 3056 a
1169 2995 1338 3057 mobilitate
1361 2995 1489 3059 Telluris
1514 2995 1553 3058 ad

188 3081 270 3144 Solis
299 3081 499 3146 mobilitatem
527 3083 574 3147 ita
605 3085 794 3162 traduxerit,
825 3095 860 3149 nt
892 3085 966 3149 nihil
995 3084 1108 3147 hebeat
1141 3085 1276 3164 opticus,
1310 3103 1367 3164 quo
1395 3086 1444 3147 vel
1474 3085 1553 3146 banc

187 3171 237 3232 vel
269 3170 353 3233 illam
388 3172 535 3235 rationem
571 3174 673 3254 eligat
733 3176 901 3256 Utramque
936 3175 1115 3247 declarabo,
1154 3194 1173 3234 e
1206 3170 1416 3252 Gopemicana
1453 3193 1550 3237 orans.

188 3257 239 3324 Sit
276 3277 347 3339 ergo
376 3258 406 3320 A
431 3266 497 3336 (lig.
520 3267 583 3331 1⁰2)
607 3281 715 3344 corpus
746 3262 848 3335 Solis,
886 3271 1021 3326 centrum
1058 3280 1213 3324 commuue
1246 3259 1300 3324 BG
1334 3263 1414 3324 orbis
1450 3263 1550 3336 annui,

188 3347 239 3429 qui
261 3347 386 3409 Terram
418 3348 515 3425 vehit,
546 3357 579 3411 et
601 3351 657 3414 DF
686 3353 835 3432 sphaerae
856 3353 1007 3425 ,fixarum
1040 3359 1072 3412 et
1099 3351 1142 3412 sit
1169 3350 1322 3429 proportio
1346 3351 1405 3413 BA
1428 3351 1467 3414 ed
1491 3349 1550 3412 AD

187 3435 382 3498 insensibilis.
438 3435 531 3500 Sidus
562 3455 635 3501 vero
669 3442 711 3503 sit
740 3443 770 3504 in
795 3441 839 3518 G,
874 3450 906 3504 et
939 3441 1094 3521 proportio
1124 3441 1182 3500 BA
1216 3439 1254 3500 ad
1286 3438 1348 3501 AG
1387 3439 1549 3502 sensibilis.

188 3525 287 3588 Terra
308 3543 380 3605 ergo
404 3525 434 3588 in
459 3523 485 3589 Ο
509 3528 690 3605 constituta,
721 3531 819 3592 medio
844 3531 909 3592 loco
933 3531 1013 3591 inter
1035 3530 1066 3591 A
1089 3527 1192 3591 Solem
1216 3534 1248 3589 et
1272 3525 1301 3588 G
1329 3528 1428 3603 eidus,
1463 3528 1550 3590 coin-

189 3612 270 3676 cidet
293 3613 375 3676 linea
396 3613 460 3677 AG
484 3623 515 3678 et
539 3613 605 3692 OG,
632 3626 663 3680 et
686 3621 864 3682 continuata
891 3627 1034 3700 utraque,
1063 3614 1220 3697 perveniet
1242 3616 1272 3678 in
1297 3635 1386 3679 tinum
1408 3624 1552 3696 punctum

188 3701 321 3766 Einter
343 3703 432 3766 lixae.
479 3702 551 3767 Sive
575 3724 647 3787 ergo
671 3707 702 3770 in
724 3707 756 3771 A
779 3706 866 3783 Sole,
891 3708 1008 3770 sivein
1035 3704 1059 3768 Ο
1084 3705 1180 3768 Terra
1207 3704 1409 3767 constituatur
1436 3705 1549 3780 oculus,

188 3791 273 3855 eidus
297 3791 403 3855 eodem
429 3791 485 3856 sub
507 3793 574 3856 lixis
599 3795 665 3858 loce
688 3795 850 3860 videbitur.
887 3797 945 3858 Hic
964 3813 1046 3876 ergo,
1071 3794 1189 3856 scilicet
1206 3793 1236 3854 in
1261 3793 1448 3872 oppositione
1469 3791 1550 3855 Solis

186 3887 220 3943 et
241 3881 352 3944 sideris
375 3882 462 3944 nulla
485 3889 533 3946 est
556 3882 664 3946 sideris
696 3885 863 3966 parallaxie
886 3903 925 3947 ex
954 3885 1025 3946 orbe
1056 3901 1166 3945 annuo.
1213 3881 1405 3943 Manentibus
1430 3881 1549 3956 ceteris,

187 3969 282 4033 Terre
306 3969 349 4033 sit
370 3971 400 4032 in
423 3971 465 4048 B,
490 3979 579 4034 exue
607 3973 718 4036 lineam
743 3972 814 4037 GA.
861 3971 976 4036 Sideris
1005 3990 1077 4052 ergo
1106 3971 1189 4034 locus
1213 3989 1251 4031 ex
1274 3971 1368 4032 Terra
1391 3971 1552 4050 apparebit

187 4057 218 4120 in
242 4059 267 4121 F
290 4059 346 4121 sub
369 4058 447 4134 fixis,
472 4077 510 4122 ex
532 4059 603 4123 Sole
626 4080 699 4126 vere
723 4062 754 4124 A
776 4063 805 4125 in
824 4061 868 4138 1⁴33
892 4061 962 4143 quia
984 4061 1043 4124 ΒΑ
1067 4060 1107 4122 ad
1129 4057 1193 4122 AG
1215 4058 1375 4134 sensibilis,
1402 4077 1494 4139 quere
1519 4067 1551 4120 et

188 4145 345 4210 inclinatio
368 4147 515 4211 lineamm
537 4148 606 4225 BG,
626 4149 689 4214 AG
713 4149 873 4213 sensibilis.
921 4149 998 4214 Cum
1022 4149 1139 4229 ergoB
1164 4165 1258 4228 aeque
1282 4146 1323 4208 sit
1345 4155 1480 4210 centrum
1495 4147 1551 4208 DF

188 4235 387 4312 adsensum,
413 4255 450 4300 ac
474 4237 503 4298 A
526 4237 726 4312 inveritate,
759 4239 818 4302 erit
840 4259 958 4302 rursum
981 4240 1034 4302 EF
1057 4256 1144 4300 arcus
1177 4255 1317 4298 mensura
1340 4235 1441 4316 anguli
1464 4233 1551 4297 ΕΘΓ

187 4325 237 4386 vel
258 4323 366 4398 BGA,
397 4335 431 4388 et
453 4333 517 4388 tam
540 4325 588 4390 hic
612 4346 700 4410 quam
723 4328 776 4392 ille
808 4328 974 4408 parallaxis
1006 4327 1096 4390 annui
1120 4325 1218 4400 orbis,
1251 4325 1348 4387 Terra
1372 4323 1401 4386 in
1425 4325 1451 4386 B
1475 4343 1550 4386 con·

190 4413 310 4480 stituta.
358 4411 488 4495 cognito
511 4415 614 4498 itaque
637 4415 664 4478 Ε
688 4416 755 4480 loco
779 4417 900 4491 sideris,
934 4435 1023 4499 qnam
1046 4435 1084 4478 ex
1107 4413 1180 4476 Sole
1212 4414 1309 4493 ejecta
1331 4411 1413 4475 linea
1444 4414 1549 4475 deter-

188 4501 284 4565 minat
307 4503 363 4566 sub
386 4503 470 4581 fixis,
495 4522 549 4585 per
572 4507 777 4570 astronomica
798 4513 963 4588 praecepte
992 4505 1070 4579 alia,
1101 4503 1129 4566 F
1159 4521 1230 4565 vero
1262 4502 1329 4564 leco
1359 4521 1395 4564 eo
1429 4501 1547 4578 sideris,

189 4608 277 4673 quem
310 4593 392 4656 visus
421 4612 460 4655 ex
490 4595 585 4656 Terra
613 4595 738 4658 veniens
770 4595 828 4658 sub
857 4593 925 4657 fixis
957 4593 1156 4667 determinat,
1190 4598 1221 4654 et
1244 4591 1288 4654 sic
1311 4591 1366 4654 EF
1387 4592 1436 4654 vel
1459 4589 1550 4653 ΒΘΑ

188 4681 350 4761 parallnxi,
374 4699 434 4744 non
448 4683 561 4763 poterit
575 4683 706 4763 ignorari
727 4683 881 4765 proportio
894 4681 958 4746 AG
974 4682 1139 4745 distantiae
1158 4679 1265 4742 sideris
1281 4702 1300 4742 a
1314 4679 1386 4743 Sole
1409 4687 1549 4761 respecto

190 4769 330 4832 diametri
353 4770 465 4849 mnndi,
489 4771 529 4833 ad
552 4771 608 4833 AB
640 4772 818 4835 distantiam
841 4770 922 4836 Solis
946 4792 966 4834 a
987 4773 1100 4845 Terra;
1131 4770 1322 4850 quantumvis
1345 4787 1383 4831 ea
1410 4767 1549 4832 immanis

190 4856 233 4919 sit
256 4855 430 4922 admodum.
474 4859 524 4923 lte
546 4869 684 4941 apparet,
709 4877 769 4928 non
794 4860 949 4938 decuisse,
982 4859 1128 4924 ethome
1150 4857 1252 4922 mundi
1283 4856 1373 4940 htq'oe
1395 4857 1496 4922 incole
1519 4863 1550 4918 et
