3648 5530
317 283 383 356 464
666 311 669 316 ·
737 293 839 345 Literna
855 291 958 360 Keplsri
977 291 1128 360 aliorumque
1144 280 1247 346 mutu&

317 465 364 528 vit
386 467 586 547 cognoscendi
609 467 792 532 sententiam
813 468 911 532 literis
942 469 1002 532 illis
1035 469 1303 549 comprehensam.
1339 488 1396 550 age
1430 478 1463 533 at
1494 467 1673 592 sequentem

319 553 450 616 Galilaei
474 557 558 636 legas
582 556 751 638 epistolam.

406 643 494 706 Prius
529 653 628 706 tamen
661 646 751 708 velim
783 645 881 708 obiter
910 647 1173 722 animadvertas,
1167 647 1254 728 quid
1285 645 1443 710 Galilaeus
1473 647 1558 710 dicat
1594 665 1671 708 con-

320 731 507 796 stitutionem
531 733 632 796 muodi
655 735 890 816 Pythagoricum
913 742 944 796 et
968 733 1216 815 Ocpernicanam.
1261 735 1399 816 Digitum
1431 736 1512 798 enim
1540 735 1674 799 intendit

316 822 345 884 in
370 839 466 882 meum
489 821 669 903 Mysterium
688 822 973 904 Cosmograpbicnm
997 832 1068 886 ante
1093 843 1187 886 annos
1210 821 1250 887 14
1273 824 1396 895 editum,
1420 825 1450 886 in
1474 842 1532 905 quo
1555 823 1674 888 orbium

315 909 552 990 planetariorum
576 911 777 974 dimensiones
801 931 838 972 ex
862 912 1047 974 astronomia
1071 911 1230 991 Copernici
1254 913 1402 988 desumsi,
1436 914 1487 992 qui
1512 911 1617 974 Solem
1641 912 1672 976 iu

315 998 414 1060 medio
438 999 589 1074 stabilem,
615 1001 739 1062 Terram
763 1010 794 1063 et
817 999 897 1062 circa
913 999 1016 1076 Solem
1040 1008 1072 1062 et
1095 1002 1175 1063 circa
1197 1019 1284 1062 suurn
1307 1019 1395 1064 axem
1419 1000 1494 1064 iacit
1511 1000 1670 1062 mobilem:

314 1087 431 1151 illorum
454 1106 525 1148 vcro
549 1088 666 1149 orbium
689 1089 851 1152 intervalla
874 1089 992 1151 ostendi
1015 1090 1197 1169 respondere
1216 1089 1345 1170 quinque
1364 1089 1466 1169 liguris
1481 1088 1673 1168 regularibus

315 1174 545 1256 Pythagoricis,
574 1177 640 1256 jam
672 1179 743 1239 olim
774 1179 811 1238 ab
843 1177 898 1239 hoc
931 1185 1052 1240 auctore
1085 1178 1162 1240 inter
1195 1177 1345 1240 elementa
1375 1178 1477 1240 mundi
1500 1178 1673 1240 distributis

314 1264 440 1344 pulchro
464 1265 561 1343 magis
585 1283 673 1344 quam
697 1266 776 1328 felici
802 1275 854 1327 aut
878 1267 1011 1370 legitimo
1035 1276 1165 1328 conatu.
1190 1275 1222 1328 ct
1245 1285 1368 1345 quarum
1391 1267 1553 1346 figurarum
1577 1285 1672 1328 musa

314 1351 456 1414 Euclides
479 1359 578 1414 totam
602 1374 686 1417 suam
710 1355 906 1434 gometriam
929 1353 1061 1436 scripsit.

403 1441 541 1520 itaquo
533 1462 562 1502 ιιι
587 1442 638 1504 illo
662 1444 810 1524 Mysterio
835 1444 966 1528 reperire
990 1450 1038 1504 est
1061 1441 1311 1504 combinationem
1343 1421 1493 1521 quandam
1525 1448 1671 1504 astrono-

314 1529 390 1591 miae
420 1538 452 1590 et
483 1533 666 1608 geometriae
689 1532 871 1606 Euclideae,
905 1541 936 1594 et
968 1551 1022 1611 per
1048 1532 1126 1593 hanc
1148 1530 1303 1610 utriusque
1326 1529 1615 1592 consummationem
1639 1537 1673 1592 et

312 1617 527 1696 perfectionem
552 1619 815 1682 absolutissimam.
864 1619 950 1690 Quae
985 1639 1077 1682 causa
1101 1621 1170 1694 fuit,
1204 1638 1256 1680 cur
1289 1637 1397 1697 magno
1428 1635 1494 1679 cum
1519 1617 1671 1680 desiderio

314 1714 524 1786 expectarem,
568 1709 726 1787 qualenam
764 1707 922 1772 Galilaeae
959 1717 1165 1789 argumentum
1195 1717 1291 1772 ‚esset
1334 1708 1482 1768 allaturus
1519 1724 1574 1786 pro
1612 1707 1672 1769 hac

315 1795 419 1857 mundi
442 1795 655 1858 constitutione
679 1797 892 1878 Pythagorica.
939 1796 1081 1877 Sequitur
1105 1797 1196 1877 igitur
1229 1797 1265 1856 do
1294 1795 1350 1858 hoc
1374 1803 1553 1875 argumento
1578 1793 1668 1858 Gali·-

315 1882 374 1944 laei
399 1883 537 1963 epistola.

407 1972 557 2052 „Tempus
581 1980 631 2034 est
651 1980 686 2034 ut
708 1974 840 2052 aperiam
866 1973 1010 2034 rationem
1036 1971 1153 2054 legendi
1187 1972 1309 2046 literas,
1342 1989 1417 2050 quas
1450 1979 1521 2032 ante
1554 1970 1671 2052 aliquot

289 2059 504 2139 ¹septimanas
527 2061 595 2122 misi
618 2062 832 2141 transpositas.
880 2062 1010 2141 Tempus
1033 2060 1153 2142 iuquam
1177 2080 1253 2123 nuuc
1278 2066 1343 2133 est,
1376 2067 1535 2144 postquam
1568 2060 1605 2121 de
1636 2078 1669 2120 re

314 2147 383 2227 ipsa
407 2167 473 2210 sum
498 2149 684 2212 certissimus
708 2151 821 2224 iactus,
856 2149 900 2211 sic
934 2161 967 2213 ut
989 2171 1027 2211 ne
1051 2148 1202 2212 tantillum
1226 2149 1354 2228 amplius
1388 2147 1533 2210 dubitem.
1581 2146 1670 2210 Scias

313 2235 415 2314 igitur,
440 2238 517 2316 quod
533 2237 652 2300 circiter
674 2247 738 2301 tres
761 2257 879 2300 menses
904 2259 922 2300 a
945 2239 1050 2318 quibus
1066 2238 1195 2300 Veneris
1219 2237 1311 2300 stella
1333 2236 1427 2298 videri
1450 2237 1558 2316 potuit,
1583 2237 1668 2298 ince-

311 2325 407 2402 perim
430 2343 484 2405 per
508 2327 628 2389 oculare
653 2328 691 2387 ad
715 2327 798 2390 illam
821 2346 889 2388 cum
914 2328 1072 2406 diligentia
1095 2326 1264 2404 respicers;
1298 2334 1331 2388 ut
1355 2325 1434 2405 quod
1457 2334 1556 2387 mente
1580 2333 1666 2387 tene-

315 2413 383 2474 bam
406 2412 568 2490 indubium,
593 2415 659 2494 ipso
687 2417 779 2477 etiarn
812 2435 902 2476 sensu
933 2415 1224 2496 comprehenderem.
1271 2407 1423 2492 Principio
1447 2413 1539 2495 igitur
1562 2414 1667 2476 Venus

313 2501 452 2581 apparuit
476 2503 571 2582 figora
594 2504 731 2566 circulari
755 2505 891 2586 perlecta
916 2523 1008 2586 eaque
1040 2512 1150 2566 exacta
1178 2513 1209 2565 et
1233 2501 1366 2565 evidenti
1389 2503 1517 2563 termino
1540 2501 1666 2574 inclusa,

311 2607 413 2652 verum
438 2591 509 2653 exili
532 2593 712 2656 admodum:
745 2594 822 2654 hanc
856 2594 981 2673 liguram
1005 2593 1111 2654 Venus
1143 2591 1266 2656 retinnit
1297 2590 1449 2670 tantisper
1472 2591 1542 2652 dum
1564 2593 1669 2671 coepit

310 2677 547 2760 appropinquare
562 2681 710 2744 maximae
734 2701 806 2745 suae
831 2681 1009 2760 digressioni
1029 2681 1143 2755 aSole,
1163 2680 1340 2759 interimque
1355 2679 1495 2741 continue
1510 2680 1667 2740 creseebac

309 2769 387 2830 mole
411 2769 544 2848 corporis
559 2771 726 2849 apparenti.
762 2770 810 2833 Ex
834 2790 869 2832 ec
885 2770 985 2850 coepit
1008 2770 1227 2833 arotunditate
1242 2769 1367 2832 deficere
1383 2787 1402 2827 a
1420 2767 1512 2847 plaga
1531 2767 1665 2841 orientis,

217 2877 218 2880 ¹
310 2874 386 2938 quae
410 2877 429 2916 a
443 2856 514 2919 Sole
539 2869 606 2922 erat
629 2879 747 2932 aversa,
772 2869 805 2921 et
827 2859 908 2920 intra
930 2877 1042 2939 paucos
1067 2858 1131 2919 dies
1155 2858 1279 2937 collegit
1297 2874 1413 2918 omnem
1433 2855 1568 2935 speciem
1587 2856 1667 2918 intra

309 2943 527 3008 semicirculum
557 2948 824 3027 perfectissimum
862 2967 898 3010 ea
933 2949 1030 3027 figura
1068 2946 1197 3008 durabat
1233 2946 1297 3007 sine
1334 2944 1500 3006 mutatione
1533 2944 1583 3006 vel
1606 2945 1664 3006 mi-

309 3032 407 3107 nima,
451 3035 549 3114 quoad
591 3055 684 3115 usque
718 3037 818 3117 eoepit
841 3055 909 3098 sese
939 3036 978 3096 ad
1002 3033 1105 3098 Solem
1136 3034 1270 3114 recipere
1303 3034 1426 3096 deserta
1448 3039 1594 3111 tangente
1618 3033 1665 3095 sui

310 3121 457 3202 apicycli:
491 3123 546 3184 hoo
574 3124 640 3202 jam
673 3135 807 3205 tempore
840 3125 937 3204 magis
969 3125 1124 3204 magisque
1158 3123 1261 3186 delicit
1290 3143 1310 3184 a
1331 3121 1426 3200 ligura
1448 3121 1665 3185 semicirculari

309 3217 475 3287 pergatque
499 3209 688 3274 diminuendo
712 3214 795 3275 illam
819 3232 913 3292 usque
937 3212 975 3273 ad
999 3231 1084 3274 suam
1108 3210 1350 3284 occultationem,
1375 3209 1495 3290 quaudo
1518 3209 1548 3271 in
1563 3210 1663 3272 subti-

310 3296 454 3360 lissimum
478 3315 570 3360 cornu
593 3301 720 3363 deliciet.
765 3303 813 3364 Ex
837 3321 872 3362 ec
897 3301 1027 3363 transitu
1057 3301 1139 3364 facto
1167 3300 1206 3362 ad
1238 3297 1457 3379 apparitionem
1485 3299 1666 3361 matutinam

309 3384 469 3466 apparebit
483 3387 569 3448 nobis
584 3391 792 3454 tantummodo
817 3391 932 3454 falcata
954 3397 987 3452 et
1010 3389 1207 3452 subtilissimo
1231 3407 1299 3452 cum
1314 3405 1405 3450 cornu
1420 3405 1439 3447 a
1453 3385 1526 3449 Sole
1540 3405 1665 3464 aversa3

261 3533 264 3538 .
310 3485 420 3553 postea
441 3473 538 3553 magis
563 3479 717 3556 magisque
741 3479 913 3558 implebitur
945 3497 1037 3540 ocrnu
1070 3496 1163 3558 usque
1195 3477 1234 3538 ad
1264 3476 1424 3538 maximam
1448 3474 1666 3554 digressionem

309 3562 432 3637 aSole,
458 3561 487 3623 in
513 3581 573 3642 qua
596 3565 798 3629 semicirculus
823 3567 995 3648 apparebit,
1021 3585 1116 3646 eaque
1140 3566 1234 3645 ligura
1257 3567 1321 3626 sine
1345 3563 1472 3626 notabili
1495 3564 1667 3626 variatione

205 3649 219 3724 ’,
308 3651 429 3713 durabit
452 3650 516 3712 dies
540 3653 669 3715 multos:
695 3656 802 3717 deinde
827 3676 865 3718 ex
888 3655 1101 3719 semicirculsri
1126 3654 1272 3734 paulatim
1295 3661 1393 3715 totum
1411 3651 1547 3732 implebit
1560 3652 1665 3716 orbem

307 3757 433 3819 eamque
465 3741 600 3820 perfecte
633 3743 808 3805 circularem
840 3746 966 3824 figuram
999 3744 1028 3804 in
1061 3761 1180 3806 inesses
1211 3743 1287 3805 bene
1320 3741 1431 3804 multos
1459 3740 1665 3804 conservabit.

308 3825 449 3890 (laterum
479 3828 508 3889 in
548 3848 691 3909 praesens
723 3833 868 3895 diameter
906 3832 1043 3913 corporis
1062 3832 1200 3896 ‚Veneris
1233 3830 1353 3893 circiter
1385 3829 1514 3910 quinque
1547 3830 1665 3892 vicibus

307 3917 404 3995 major
426 3924 475 3978 est
498 3935 544 3990 aa,
569 3937 657 3999 quam
684 3922 864 3983 monstravit
887 3921 917 3982 in
948 3921 1045 4003 prima
1077 3919 1265 3998 apparitione
1298 3918 1479 3997 vespertina
1524 3917 1574 3979 Ex
1606 3919 1665 3982 bac

306 4005 436 4067 mirabili
463 4005 673 4068 observatione
697 4011 831 4088 suppetit
853 4009 939 4071 nobis
971 4008 1141 4070 certissima
1174 4017 1205 4070 et
1237 4027 1327 4072 sensu
1359 4007 1425 4086 ips'o
1456 4006 1664 4087 perceptibilis

307 4093 526 4156 demonstratio
551 4095 677 4158 duarum
700 4098 899 4160 maximarum
922 4098 1149 4178 quaestionum,
1184 4116 1259 4177 quae
1292 4097 1332 4158 ad
1364 4095 1441 4158 bunc
1465 4113 1559 4176 usque
1583 4095 1664 4158 diem

307 4201 327 4242 a
348 4181 486 4244 maximis
508 4182 636 4262 ingeniis
660 4186 856 4264 agitabantur
879 4187 908 4248 in
931 4195 1048 4264 partem
1081 4194 1248 4265 utramque.
1294 4186 1364 4248 Una
1387 4189 1454 4253 ast,
1488 4184 1568 4263 quod
1591 4185 1663 4263 pla·

306 4279 395 4332 netas
418 4287 521 4332 omues
544 4279 654 4334 natura
676 4293 732 4336 sua
755 4275 917 4336 tenebrosa
940 4283 1011 4336 sunt
1033 4277 1234 4352 corpora'(ut
1246 4273 1287 4338 de.
1297 4271 1446 4336 Mercurio
1465 4271 1532 4352 jam
1556 4273 1663 4334 eadem

308 4358 528 4436 concipiamus,
564 4379 639 4437 quae
664 4362 700 4422 de
726 4363 880 4436 Venere),
912 4364 1029 4432 altera,
1060 4364 1138 4443 quod
1162 4381 1279 4424 summa
1302 4381 1357 4424 nos
1380 4369 1468 4439 urget
1491 4362 1669 4424 necessitas

307 4454 340 4507 ut
368 4445 515 4518 dicamus,
542 4446 692 4512 Venerem
716 4452 909 4530 (insuperque
943 4462 976 4514 at
998 4451 1194 4526 Mercurium)
1227 4450 1309 4512 circa
1340 4448 1444 4512 Solem
1477 4449 1663 4514 circumferri
1705 4474 1708 4478 ·

306 4543 340 4594 ut
363 4543 395 4594 et
417 4533 522 4614 reliqui
547 4554 649 4598 ornnes
673 4539 834 4616 planetae:
863 4559 912 4602 res
936 4540 1053 4602 credita
1076 4539 1194 4619 quidem
1219 4538 1451 4620 Pythagoricis,
1491 4537 1663 4619 (lopernico

306 4631 337 4680 et
360 4621 510 4701 Keplero,
544 4642 695 4704 nunquam
719 4645 790 4688 vero
814 4646 904 4692 seusu
929 4629 1135 4708 comprobata,
1159 4638 1194 4690 ut
1217 4646 1295 4689 nunc
1318 4629 1348 4688 in
1374 4627 1494 4690 Venere
1519 4637 1551 4688 et
1573 4629 1661 4690 Mer·
1705 4645 1708 4655 ·

306 4707 564 4772 sustollebant
593 4712 686 4791 igitur
708 4715 858 4794 Keplerns
887 4724 919 4777 et
948 4716 1054 4796 reliqui
1080 4714 1298 4796 Oopernicaui,
1337 4735 1394 4796 quo
1426 4715 1595 4796 glorientur
1626 4733 1661 4778 aa

305 4793 381 4856 bene
402 4794 631 4876 philosophatos
655 4819 743 4878 asse,
768 4821 823 4865 nec
846 4823 956 4865 vanam
979 4823 1047 4866 esse
1071 4823 1173 4867 aarum
1204 4803 1431 4868 credulitatem:
1466 4805 1662 4886 quantumuis
