3694 5528
728 279 1002 332 Lxxxvm-xcrv.

332 506 520 571 Hactenus
543 508 585 568 de
613 508 775 570 lentibus
806 507 996 572 convexis:
1027 508 1194 592 sequitur
1217 510 1258 571 de
1282 505 1398 570 cavis.

279 645 349 710 XO.
396 648 617 727 Propositio.
664 648 755 711 Rodii
778 651 815 710 ab
841 670 897 711 nuo
922 651 1039 712 lucente
1068 658 1178 732 puncto
1205 647 1416 732 paralleli.vel
1440 647 1543 711 diver-

191 741 299 816 gentes
323 736 349 796 si
373 735 483 798 luerint
505 737 633 818 ingressi
657 737 685 798 iu
711 757 816 800 cavam
840 739 987 801 densioris
1012 739 1198 820 superficiem
1218 737 1380 819 (siquidem
1402 745 1543 814 punctum

145 821 150 832 '
192 823 295 886 lucens
319 834 406 886 extra
428 830 563 886 centrum
587 827 752 904 superficiei
776 827 890 902 fuerit),
916 827 1075 907 divergunt
1097 828 1165 906 plus
1188 846 1241 907 per
1264 844 1371 905 corpus
1395 824 1490 888 densi.

281 911 329 974 Bu
360 915 389 974 A
422 912 533 974 lucenti
564 922 675 993 puncto
710 916 896 976 descendant
927 916 1002 977 radii
1036 917 1228 995 divergentes
1255 915 1328 987 AB,
1350 910 1407 974 Ac
1438 913 1469 974 in
1492 910 1545 974 BC

194 1019 300 1064 cavam
324 1000 472 1062 densioris
495 1001 689 1080 superficiem,
715 1003 800 1081 cnjus
815 1012 950 1064 centrum
966 1004 1010 1081 sit
1021 1005 1049 1064 D
1069 1005 1151 1066 intra
1313 1073 1319 1086 ι

194 1089 380 1168 complexum
412 1089 484 1158 AB,
519 1087 585 1151 An.
636 1090 712 1152 Dico
744 1092 816 1166 AB,
848 1089 905 1153 ΑΟ
939 1091 1151 1154 refractionem
1293 1068 1346 1138 ¹⁹¹⁸·
1368 1068 1409 1119 ¹⁹·

194 1197 301 1257 passos
316 1177 346 1238 in
360 1178 396 1247 B,
413 1175 448 1251 Ο,
473 1178 644 1240 diuersuros
660 1179 788 1259 amplius
803 1179 881 1241 infra
894 1177 959 1241 ΒΟ.
992 1181 1148 1242 Ducentur
1333 1210 1358 1258 A

194 1265 274 1327 enim
298 1284 336 1326 ex
357 1266 386 1328 D
410 1273 513 1328 centro
536 1267 799 1346 perpendiculares
821 1267 852 1328 in
877 1268 1064 1347 superficiem
1078 1269 1145 1342 DB,

194 1351 250 1415 DC
275 1361 307 1415 et
329 1354 538 1416 continuentur
560 1355 754 1436 aliquousquo
777 1357 807 1418 in
825 1355 862 1430 Ε,
878 1357 913 1430 F,
937 1357 1147 1418 continuentur
1243 1369 1246 1378 ’

195 1449 227 1503 et
251 1440 388 1517 AB,‘AO
413 1442 442 1504 in
466 1441 504 1516 G,
521 1444 561 1504 H.
599 1441 675 1506 Grrm
699 1462 770 1523 ergo
794 1445 850 1506 AB
874 1445 1034 1507 inclinetur
1057 1462 1147 1524 super

196 1529 342 1592 densioris
369 1531 567 1610 superficiem,
596 1532 777 1611 refringetur
799 1533 830 1593 in
853 1533 880 1594 B
904 1539 935 1594 et
958 1533 1105 1595 refractus
1129 1553 1148 1594 a

196 1616 255 1680 BG
279 1617 443 1681 declinabit
464 1639 570 1682 versus
594 1620 647 1680 ΒΕ
670 1621 946 1700 perpendicularem
968 1641 1024 1700 per
1041 1622 1081 1688 ΙΙ,
1106 1622 1148 1682 sit

197 1707 261 1768 BL.
309 1706 455 1770 Similiter
478 1716 509 1770 et
538 1706 596 1771 Ac
628 1709 808 1789 refringetur
830 1710 859 1770 in
883 1708 909 1771 C
937 1717 969 1770 et
1000 1711 1148 1773 refractus

198 1793 296 1856 aCH
320 1815 423 1858 versus
449 1794 501 1858 CF
522 1798 798 1877 perpendicularem
828 1797 1009 1872 declinabit,
1042 1807 1076 1860 ut
1108 1799 1149 1859 sit
1222 1846 1225 1851 .

199 1881 269 1950 CM.
301 1881 362 1946 Sed
386 1883 479 1959 DBE,
504 1883 588 1947 Dos
609 1887 677 1965 plus
701 1886 868 1965 divorgunt,
893 1887 964 1966 quia
982 1907 1001 1947 a
1018 1887 1148 1966 propiori

198 1981 310 2052 puncto
333 1989 421 2050 qnam
444 1970 515 2048 AG,
540 1974 600 2035 ΑΗ
624 1994 643 2034 a
664 1973 816 2036 remotiori
847 1993 900 2053 per
932 1976 1038 2037 eadem
1060 1976 1097 2049 Β,
1123 1973 1148 2037 O
1364 2037 1369 2044 .

200 2069 312 2141 puncta
335 2061 480 2133 traducti,
504 2069 536 2123 et
557 2063 623 2135 BL,
647 2060 707 2124 CM
730 2063 769 2122 ad
792 2082 844 2124 eos
867 2063 935 2142 plus
958 2063 1149 2142 divergentos
1264 2097 1268 2104 ·

201 2148 363 2223 accedunt,
388 2168 407 2209 a
429 2147 498 2224 BG,
523 2148 580 2212 GH
609 2151 707 2213 miuus
739 2151 963 2230 divergeutibus
995 2152 1149 2224 recedunt,

200 2238 268 2318 plus
300 2236 391 2316 igitur
422 2237 581 2317 divergunt
613 2258 701 2320 quarn
736 2238 810 2313 AB,
840 2237 916 2314 An,
950 2240 1039 2320 idque
1070 2240 1151 2302 intra

201 2343 309 2404 corpus
333 2325 466 2387 densum.
573 2347 578 2352 ·

171 2407 176 2418 '
288 2412 375 2477 XCI.
412 2413 635 2493 Propositio.
681 2413 715 2476 Si
737 2421 880 2494 punctum
903 2413 1006 2476 lucens
1028 2417 1151 2497 propius

200 2501 290 2563 fuerit
314 2501 388 2563 lenti
418 2510 520 2562 contro
551 2501 712 2578 navitatis,
747 2503 938 2580 divergentss
970 2503 1151 2568 refracdone

201 2591 285 2653 lacta
308 2591 405 2653 minus
429 2590 587 2669 divergent
609 2591 690 2653 intra
712 2609 820 2671 corpus
844 2591 978 2653 densum.

289 2676 339 2739 Sit
370 2678 447 2742 enim
475 2678 537 2758 jam
570 2676 600 2739 A
631 2686 765 2741 centrum
797 2679 918 2752 circuli,
951 2679 979 2740 D
1011 2687 1153 2760 punctum
1174 2727 1200 2768 ῃ

202 2766 334 2830 radians.
380 2765 478 2828 Erunt
508 2767 599 2845 igitur
629 2765 730 2842 ABG,
758 2766 847 2830 Anu
877 2769 1151 2848 perpendiculares,
1248 2809 1269 2862 ρ
1345 2805 1365 2846 1.
1444 2825 1469 2867 Β
1518 2817 1532 2859 ⁰

203 2864 235 2916 et
257 2855 322 2929 ΠΒ,
338 2852 393 2916 ΒΟ
417 2854 502 2928 radii,
528 2854 576 2935 qui
600 2873 668 2916 curn
691 2855 835 2916 deberent
857 2875 982 2934 pergere
1005 2857 1084 2918 viam
1099 2858 1154 2919 ΒΕ

204 2951 236 3004 et
260 2941 323 3015 CF,
346 2942 548 3022 refringuutur
578 2943 606 3003 iu
630 2944 668 3016 B,
693 2941 718 3004 O
752 2945 871 3024 punctis
887 2952 927 3014 ,et
957 2945 1105 3006 accedunt
1131 2948 1171 3009 ad
1202 2940 1463 3026 perpendiculares
1484 2933 1553 3010 BG,

204 3029 269 3107 GH,
294 3032 426 3110 fiuntque
449 3031 514 3100 BL,
539 3029 610 3104 OM,
635 3031 684 3110 qui
709 3031 805 3094 minus
830 3031 989 3111 divorgunt
1012 3052 1100 3116 quarn
1123 3035 1188 3110 ΒΕ,
1213 3033 1276 3096 OF.

292 3115 395 3182 XCII.
442 3119 666 3198 Propositio.
713 3119 913 3198 Divergeutos
937 3123 1017 3183 intra
1039 3141 1147 3203 corpus
1173 3121 1294 3184 densius
1322 3135 1427 3180 versus
1450 3133 1556 3178 cavum

204 3208 270 3288 ejus
295 3207 461 3280 terminum,
487 3227 523 3268 eo
547 3206 677 3268 transito
701 3207 861 3287 diverguut
884 3209 1023 3288 amplius.

291 3296 462 3374 Divergaut
483 3294 548 3370 BL,
574 3293 634 3356 CM
657 3314 761 3363 vorsus
786 3313 892 3358 cavum
920 3297 1005 3359 densi
1035 3298 1194 3360 terminum
1216 3296 1287 3371 LM,
1312 3294 1396 3372 cujus
1419 3299 1556 3354 centrum

203 3385 238 3454 P,
263 3403 300 3444 ex
323 3403 381 3462 quo
403 3383 665 3462 perpendiculares
688 3385 718 3445 iu
741 3393 854 3464 puncta
877 3383 913 3459 L,
938 3385 971 3446 M
994 3385 1117 3447 veniant
1139 3386 1203 3458 PL,
1225 3384 1295 3446 PM.
1341 3382 1383 3444 Bt
1405 3381 1470 3456 BL,
1495 3376 1555 3442 CM

205 3473 410 3552 producantur
431 3471 461 3532 iu
487 3469 524 3545 Q,
549 3469 588 3546 R,
613 3473 692 3533 ultra
714 3472 893 3534 incidentiae
917 3474 954 3547 L,
973 3475 1016 3534 M.
1054 3471 1136 3544 Quia
1157 3473 1250 3552 igitur
1273 3471 1349 3533 radii
1372 3469 1427 3531 BL
1445 3477 1479 3532 et
1497 3466 1558 3533 cM

207 3567 365 3622 versantes
388 3559 469 3620 iutra
492 3561 617 3622 densum
640 3560 759 3642 obliquo
782 3560 918 3622 incidunt
936 3562 964 3621 in
989 3563 1174 3642 superficiem
1193 3561 1255 3622 LM
1277 3557 1399 3622 rarioris
1424 3555 1556 3636 corporis

182 3721 190 3731 .
207 3648 242 3723 P,
266 3667 320 3708 seu
335 3646 414 3728 quod
431 3647 509 3708 idern
524 3655 574 3710 est
587 3647 615 3709 in
639 3651 798 3711 terminum
822 3649 907 3712 densi
922 3649 951 3710 in
967 3669 1024 3730 quo
1040 3659 1118 3724 sunt,
1143 3649 1344 3729 refringantur
1366 3647 1557 3708 discedentes

208 3733 545 3814 aperpondicularibus
567 3736 631 3811 PL,
654 3737 714 3798 PM
738 3745 770 3798 et
792 3737 914 3800 refracti
938 3745 1025 3800 erunt
1047 3758 1106 3800 non
1129 3735 1197 3814 LQ,
1217 3736 1290 3808 MR,
1315 3735 1369 3796 sed
1393 3732 1558 3796 exteriores

207 3841 261 3903 per
283 3823 325 3885 11.
362 3819 442 3885 'Sint
463 3822 531 3899 LN,
553 3823 627 3886 ΜΟ.
673 3825 715 3886 ut
745 3844 812 3890 cum
843 3823 938 3902 BLQ,
964 3824 1055 3888 OMR
1087 3825 1254 3905 divergant,
1277 3823 1343 3896 LN,
1368 3818 1430 3883 ΜΟ
1454 3820 1555 3883 diver-

206 3920 281 3992 gant
304 3909 441 3990 amplius.
1139 3952 1141 3962 ,
1572 3915 1573 3920 ’

295 3997 414 4062 XCIII.
461 3998 684 4078 Propositio.
740 3999 774 4062 Si
806 4000 884 4062 radii
916 3993 1107 4082 percorpus
1141 4000 1264 4061 densum
1354 3995 1408 4061 Fls·
1428 3992 1471 4044 ²⁰·

208 4087 390 4151 incesserint
411 4087 558 4166 paralleli,
583 4089 712 4150 transito
736 4105 810 4150 cavo
834 4089 897 4168 ejus
920 4087 1048 4149 termino
1071 4087 1237 4167 divergent.
1328 4109 1340 4151 s
1487 4113 1504 4161 q

296 4175 366 4238 Sint
387 4174 527 4254 paralleli
549 4176 602 4252 βᾶ,
625 4199 668 4254 ys,
700 4195 801 4239 eorum
832 4195 891 4238 non
923 4176 1024 4254 plures
1049 4193 1106 4236 uuo
1139 4179 1267 4254 possunt
1345 4219 1360 4262 ρ

93 4299 100 4310 ·
204 4283 276 4327 ¹osse
291 4264 321 4325 in
336 4264 365 4341 β,
378 4285 393 4342 y
404 4263 676 4343 perpendiculares,
692 4264 798 4344 reliqui
817 4263 935 4345 oblique
950 4263 1051 4343 illapsi
1065 4263 1266 4341 refringentur
1316 4115 1543 4458 ff

207 4352 311 4415 asnis
338 4350 636 4431 perpendicularibus
659 4370 713 4431 per
736 4353 789 4424 11,
814 4369 885 4431 ergo
909 4351 1081 4431 divergent,
1114 4358 1149 4413 ut
1170 4349 1263 4429 prius,

208 4443 290 4502 foras
314 4438 428 4518 egressi
451 4434 495 4517 βζ,
520 4461 560 4518 yn,
587 4448 619 4499 et
641 4439 685 4500 sic
707 4457 762 4518 per
784 4439 912 4502 altorum
935 4457 1037 4500 earum
1059 4443 1086 4512 t,
1111 4461 1125 4500 s
1149 4436 1264 4517 egressi

209 4528 368 4606 divergent
390 4525 419 4586 iu
444 4531 495 4602 dd,
521 4548 562 4588 ss.

297 4611 415 4676 XGIV.
453 4611 681 4694 Propositio.
726 4612 1032 4692 Radiidivergentos
1054 4630 1161 4674 vorsus
1184 4612 1296 4674 lentem
1321 4631 1494 4694 quocunque
1520 4613 1558 4674 ad

212 4699 321 4762 lentem
344 4701 406 4764 situ
428 4701 532 4780 puncti
554 4699 711 4774 radiantis,
730 4700 763 4760 si
785 4700 851 4762 leus
869 4701 917 4763 vel
941 4701 1087 4780 utrimque
1105 4719 1182 4760 cava
1204 4705 1353 4780 utcunque
1376 4701 1426 4764 vel
1449 4695 1560 4762 altiru-

212 4803 299 4849 secus
321 4787 414 4850 etism
435 4787 528 4867 plana
550 4787 651 4857 fuerit,
674 4786 805 4850 transita
826 4787 908 4851 lente
931 4806 1049 4868 semper
1072 4787 1231 4867 divergnnt
1254 4787 1390 4868 amplius.
