3464 5524
638 271 668 327 te
685 272 758 325 robur
777 272 878 340 operes.

118 443 164 510 su·
180 449 235 506 rom
247 446 400 510 avertice
424 465 513 528 qusnr
527 447 565 510 ab
579 449 636 512 luo·

117 537 199 596 doute
219 531 352 601 radianti
377 538 580 600 transeundus
594 545 641 598 est

114 631 286 684 nnnrnssns
311 630 385 700 ner,
417 644 507 706 quem
529 627 640 705 purior.

110 709 215 774 sonunt
235 709 329 790 igitur
353 732 433 793 quse
449 722 554 778 contus
576 715 639 777 dic-

108 809 143 862 tos
160 807 289 862 auctores
312 801 473 882 disputavi
489 803 641 866 nihilomi-

104 909 155 950 nus.
175 887 297 964 Deinde,
313 899 352 952 ut
365 892 422 954 tibi
433 893 640 971 respondeam,

105 976 251 1038 incredibile
266 987 327 1054 ost,
346 980 392 1042 sic
408 999 476 1042 esse
491 999 556 1042 cuns
570 987 640 1044 *anre
664 1007 671 1016 ·

102 1073 296 1146 conparatum,
323 1077 362 1130 nt
383 1070 414 1131 in
428 1070 576 1148 profundo
600 1071 642 1132 sit
774 1076 776 1087 '

101 1155 200 1218 densior
226 1164 258 1217 et
290 1164 400 1219 tamen
434 1177 504 1220 vere
535 1177 640 1236 corpus

100 1261 172 1304 onon
200 1243 346 1322 opticum.
396 1244 512 1310 Sinon
541 1266 638 1321 unum,

99 1351 155 1411 ergo
185 1333 404 1411 superficiebus
443 1335 571 1398 divisum
609 1344 640 1396 et

98 1421 152 1482 ideo
172 1422 373 1486 reflectiones
392 1425 517 1488 multoe.
563 1424 639 1486 Dico

97 1529 163 1588 ergo,
183 1510 284 1572 faeces
310 1513 395 1576 aeris
417 1514 479 1576 ime
501 1515 640 1576 tenentes

96 1617 142 1660 oon
168 1617 232 1660 esse
251 1600 296 1660 -do
331 1621 457 1682 corpore
481 1603 638 1682 pellucido,

96 1687 138 1748 sed
154 1687 234 1766 opaci
255 1690 414 1753 rationem
437 1691 562 1767 habere,
586 1711 640 1770 per

10 1849 11 1860 χ
96 1773 218 1855 qoosSol
242 1797 306 1866 non
333 1789 369 1842 ut
390 1799 446 1860 per
468 1782 575 1843 vitrum
592 1782 638 1842 lu-

95 1875 134 1928 est
152 1865 202 1928 sed
224 1875 259 1928 ut
274 1887 334 1947 per
357 1870 463 1933 telem.
510 1869 598 1932 Alios
613 1869 639 1932 si

95 1963 196 2031 essem,
221 1974 302 2037 qnae
329 1957 378 2020 hio
392 1975 480 2038 nego,
500 1958 558 2020 etei
580 1977 637 2038 pn-

95 2043 143 2105 rior
161 2052 212 2108 ser
233 2045 348 2126 ubique
364 2047 501 2126 eequolis
515 2049 639 2127 prolun-

96 2133 195 2209 ditotis,
234 2135 398 2200 latendum
437 2155 509 2198 sone
546 2145 638 2209 esset,

96 2221 179 2283 radios
200 2223 231 2288 in
255 2225 401 2288 densiore
432 2243 537 2288 corvos
561 2245 637 2288 esse.

96 2309 146 2373 Gur
163 2321 262 2378 sotem
287 2315 509 2387 concredere,
538 2322 637 2378 serem
714 2359 719 2366 .

94 2398 157 2460 infre
185 2404 362 2467 densiorem
395 2411 542 2484 quotenus
574 2411 636 2480 ser,

93 2507 169 2552 cuno
190 2501 247 2568 est,
275 2493 351 2574 quin
370 2491 512 2554 inferiora
527 2494 635 2568 calent,
673 2528 676 2546 ι

92 2579 229 2656 superiore
262 2582 391 2660 frigent·
445 2577 508 2646 Sed
539 2582 637 2646 scrius

92 2665 186 2732 inem:
210 2670 285 2732 siin
302 2670 360 2734 rati
377 2689 437 2734 uno
451 2670 550 2750 optioo
565 2690 634 2733 cor-

90 2771 149 2832 pore
169 2759 365 2822 retractionis
389 2759 534 2833 mutatio,
563 2779 634 2839 ergo

92 2844 215 2910 relectio
239 2867 303 2911 non
323 2847 352 2910 iu
369 2848 546 2928 superficie?
568 2847 633 2912 Re-

90 2935 221 3010 spondeo:
243 2937 379 3018 qualiter
393 2938 456 3000 talc
472 2956 560 3000 unum
576 2947 632 3012 est,

11 3035 12 3044 ’
90 3023 293 3099 eodemmodo
308 3025 423 3090 multos
445 3026 525 3088 tales
541 3026 632 3090 etium

90 3107 166 3174 hehet
196 3115 385 3196 superficies.
442 3111 534 3177 Certe
571 3115 633 3176 tols

92 3215 183 3278 corpru
204 3195 267 3268 uon
282 3203 461 3284 simpliciter
475 3211 523 3265 est
546 3223 634 3266 unum

92 3288 214 3366 opticuun.
262 3292 416 3373 Exempla
452 3292 539 3372 hujus
577 3312 632 3355 ex-

91 3377 221 3454 ceptionis
246 3381 355 3455 liabeo,
381 3401 448 3444 oum
472 3381 501 3443 in
525 3381 633 3444 solidi-

92 3471 144 3526 tate
166 3471 297 3532 occurrit
311 3470 408 3546 color,
435 3471 570 3551 quemvis
584 3469 633 3531 hic

92 3571 127 3613 ue
148 3557 226 3621 color
251 3559 342 3622 valde
367 3559 536 3622 exercuerit
559 3579 631 3622 nec·

92 3639 148 3704 dun
177 3647 300 3710 ourniuo
335 3648 483 3730 quiescet
530 3646 631 3712 Etiam

91 3733 189 3796 senine
226 3736 315 3816 hujus
354 3734 559 3818 responsionis
590 3735 631 3796 ibi

87 3815 148 3892 joui,
176 3823 228 3887 nbi
257 3824 426 3904 superficiei
459 3843 552 3887 causo
580 3842 630 3885 re-

91 3905 230 3976 lectionis
254 3913 386 3995 eliqunru
411 3913 500 3978 tribui
524 3912 629 3976 densi-

90 4005 170 4062 utem
190 4003 275 4083 (cap.
291 4003 316 4064 1.
340 4020 428 4082 prop.
453 3999 519 4076 13).
567 4001 629 4064 Sed

90 4087 160 4164 cupio
191 4090 262 4154 illos
295 4092 516 4171 propositiones
550 4109 569 4151 s
599 4099 630 4152 te

90 4170 232 4254 diligenter
264 4178 448 4256 examinari,
496 4177 629 4241 absurda

90 4269 220 4332 conscribi
231 4267 303 4344 &c.;
318 4287 389 4332 nom
399 4268 627 4348 perplexissima

90 4365 127 4414 12⁸
155 4365 201 4420 est
231 4368 265 4423 st
302 4357 472 4438 speculatio
508 4355 627 4436 plurimi

13 4453 14 4456 ’
90 4445 211 4524 temporis
229 4462 328 4527 nsque
353 4454 456 4510 tumen
477 4445 550 4510 mihi
572 4465 626 4508 so-

51 4528 62 4556 ·
89 4529 234 4600 tislsoiens.
280 4535 404 4600 Probas
425 4533 624 4615 perpendicu-

89 4613 164 4686 lueru
197 4623 317 4688 rodium
355 4622 495 4703 refringi,
531 4642 623 4703 urgu-

89 4721 168 4774 noto
197 4713 276 4794 quod
313 4711 455 4776 minimus
489 4713 623 4776 elevetur

88 4797 159 4864 etisn
178 4823 196 4866 e
217 4800 440 4884 perpendiculo
458 4800 616 4882 inspectus.
