3700 5530
801 299 833 350 de
851 297 932 352 Stella
948 297 1027 352 Nora
1529 295 1595 364 589

232 481 368 535 ωιήιοιιο
385 483 477 544 egent,
496 476 589 530 trram
606 477 733 530 laboratur
751 478 784 530 de
802 483 1014 530 aeramentorum
1031 476 1090 528 iuda
1116 475 1316 542 consurgentium
1342 481 1429 526 exortu
1448 479 1494 526 aut
1511 487 1596 540 repur-

233 555 345 619 gatione.
372 551 474 599 Interim
494 565 544 598 non
561 564 634 614 nego,
654 563 773 616 magnam
792 565 847 600 esse
860 549 952 598 Telluri
971 549 1146 614 cognationem
1165 547 1346 609 complanatis
1365 553 1391 596 et
1410 549 1498 597 ceteris
1518 547 1597 612 globis

233 623 383 678 mundanis;
409 635 459 669 non
478 620 576 685 qnidam
594 627 718 684 quatenus
736 621 781 669 illa
798 620 935 685 generandi
961 618 1110 668 facultatem
1127 618 1218 677 habet,
1236 617 1281 666 sed
1299 623 1421 681 quatenns
1441 624 1467 667 et
1484 619 1539 681 ipsa
1558 623 1598 668 est

233 695 320 761 globus
338 691 487 748 mundanus,
507 697 533 740 et
551 691 698 742 facultatem
716 691 793 742 habet
811 691 995 757 magnetieam,
1014 703 1065 754 qua
1082 689 1210 739 mediante
1228 687 1425 738 conformitatem
1445 689 1539 752 adepta
1558 693 1598 738 eat

235 781 292 816 cum
311 763 380 815 coelo
402 776 447 812 seu
463 775 545 812 rernm
563 763 743 820 universitates
762 769 791 812 nt
803 761 1008 825 quemadmodum
1027 763 1052 810 in
1065 761 1134 812 coelo
1152 761 1190 809 ita
1201 765 1228 810 et
1239 760 1265 808 in
1278 759 1380 808 Telluris
1400 759 1480 824 globo,
1500 767 1600 822 praeter

232 837 339 902 figuram
356 833 499 890 rotundam,
517 834 610 884 similes
628 847 673 882 san
693 833 794 898 analogi
812 835 967 898 reperiantur
985 833 1084 882 termini
1104 830 1221 890 rituales,
1242 829 1291 893 poli
1310 830 1367 886 duo,
1388 831 1456 888 axis.
1476 838 1598 890 centum,

233 905 378 964 meridiani,
408 912 528 967 aequator
547 911 573 954 et
597 904 728 969 paralleli;
757 919 818 967 quos
836 919 893 954 rere
912 910 938 953 et
955 903 1056 952 realiter
1075 904 1098 952 ei
1120 903 1201 951 inesse
1222 900 1251 949 G.
1273 901 1396 950 Gilbertus
1424 903 1600 964 praeclareat

235 977 330 1028 erudite
359 975 513 1025 demonstrat
529 973 555 1023 in
574 989 617 1024 suo
645 975 706 1024 libro
725 974 756 1024 de
775 973 904 1039 Magnete.
952 971 1063 1022 Similem
1089 988 1147 1038 ergo
1176 973 1374 1021 conlormitatam
1403 985 1458 1020 cum
1485 973 1553 1022 coelo
1573 977 1600 1022 et

234 1049 340 1103 Tellure.
361 1060 392 1097 ac
410 1045 513 1109 proinde
530 1052 647 1095 naturam
666 1046 825 1111 magnetioae
845 1046 980 1109 analogam
1004 1045 1112 1108 planatis
1131 1057 1227 1108 quoque
1245 1044 1327 1094 inesse
1345 1044 1409 1092 raho
1427 1044 1521 1098 dictat,
1542 1057 1599 1093 cum

234 1120 260 1170 hi
279 1132 364 1168 omnes
383 1118 435 1166 sint
452 1116 519 1181 globi
535 1117 656 1166 mundani
674 1130 814 1180 perennes,
839 1123 865 1166 et
883 1123 967 1181 partes
985 1118 1060 1165 totr'us
1085 1115 1271 1172 universitatis,
1290 1129 1347 1178 pars
1366 1120 1451 1166 autem
1468 1115 1601 1178 participet

235 1197 351 1240 naturam
370 1189 455 1237 totius.
491 1187 556 1238 Hinc
577 1188 681 1237 fumasse
699 1187 830 1237 harmonia
846 1187 891 1236 illa
908 1193 990 1236 motus
1008 1186 1165 1249 planetarum
1184 1199 1240 1236 eum
1262 1185 1328 1242 Sele,
1347 1193 1376 1235 ut
1394 1185 1598 1250 quemadmodum

233 1261 380 1326 magnetica
398 1271 501 1323 corpora
518 1260 583 1308 iuter
601 1273 628 1307 se
649 1260 806 1321 conspirant,
834 1264 931 1308 utnon
950 1263 1048 1307 tantum
1066 1271 1092 1306 se
1111 1257 1217 1306 invicem
1235 1263 1384 1320 sequautur,
1413 1257 1553 1306 sedetiam
1571 1261 1601 1306 ut

235 1332 340 1382 alterum
358 1343 413 1380 sese
433 1329 545 1379 obvertat
564 1328 636 1378 alteri
654 1329 725 1392 eique
747 1343 774 1378 se
792 1328 964 1378 accommodet
991 1328 1125 1378 secundnm
1148 1328 1316 1384 dimotionem,
1335 1329 1509 1385 restititatem,
1528 1328 1599 1377 incli-

236 1403 366 1452 nationem
378 1406 405 1450 et
416 1400 508 1450 similes
527 1399 699 1463 dispositiones
717 1401 875 1463 magneticas
887 1405 994 1448 naturae
1006 1413 1067 1449 suae
1086 1400 1270 1455 convenientes,
1289 1399 1327 1448 its
1339 1399 1458 1462 planetae
1470 1399 1503 1448 ad
1516 1397 1599 1448 Solem

237 1488 284 1537 ceu
312 1485 397 1536 regem
424 1471 551 1536 globosum
577 1472 722 1533 perennium
749 1484 805 1520 sese
836 1477 984 1520 convertam
1003 1476 1028 1520 et
1053 1469 1242 1520 accommodant
1268 1475 1337 1520 motu
1364 1471 1466 1534 quisque
1493 1471 1599 1532 proprio,

235 1544 353 1607 illumque
372 1542 485 1592 ambient
503 1548 529 1592 et
548 1543 696 1592 comitentur
713 1541 802 1596 libere,
823 1543 913 1592 virtute
932 1543 1008 1591 insita
1025 1542 1183 1606 magneticae
1202 1541 1325 1604 analoga,
1346 1541 1419 1590 nullis
1439 1541 1536 1590 orbibus
1556 1546 1600 1590 aut

236 1613 339 1665 siucnlis
368 1615 451 1664 tracti
488 1611 523 1662 Ut
549 1628 600 1662 non
627 1613 659 1662 sit
686 1627 746 1676 opus
775 1613 866 1661 circulo
895 1626 974 1662 aeneo
1002 1609 1086 1676 (quem
1115 1613 1229 1675 princeps
1247 1611 1354 1662 Hessiae
1373 1612 1399 1660 in
1424 1611 1600 1674 hypothesibus

237 1684 405 1748 Tychouianis
435 1683 593 1734 desiderabat
619 1683 660 1733 lib.
681 1683 700 1732 1.
728 1681 805 1746 Epist.
831 1683 943 1745 Tychon.
971 1681 1012 1731 iol.
1041 1677 1112 1744 ιιι.)
1139 1683 1255 1747 planetas
1282 1689 1338 1746 post
1366 1680 1448 1732 Solem
1475 1682 1599 1732 trahente.

235 1756 322 1806 Libuit
340 1757 399 1810 ista,
419 1769 483 1820 quaa
502 1770 533 1806 ex
552 1755 582 1804 G.
603 1753 712 1806 (iliberto
729 1753 816 1809 hausi.
844 1754 885 1805 hic
904 1755 1040 1818 attingere,
1064 1755 1124 1817 quia
1141 1753 1174 1802 ad
1192 1755 1315 1816 penitiora
1332 1753 1500 1816 philosophiae
1519 1753 1599 1802 coele·

236 1829 312 1878 suum
333 1827 412 1888 adyta
429 1827 495 1876 dam
513 1833 651 1876 monstrare
668 1826 728 1876 mibi
751 1826 881 1884 ridentur,
900 1831 929 1874 ut
948 1827 970 1874 si
987 1825 1053 1877 idam
1071 1825 1116 1874 tibi
1138 1824 1253 1881 ridetur,
1279 1837 1364 1874 sumas
1383 1824 1539 1874 occasIonem
1556 1838 1606 1888 pre

236 1898 332 1964 Ingenii
351 1898 388 1948 tui
407 1897 531 1958 acumina,
551 1911 599 1961 qno
617 1904 643 1948 te
661 1897 801 1960 praeditum
820 1897 977 1960 trascripta
995 1902 1128 1952 testantur,
1148 1895 1179 1946 de
1197 1897 1227 1945 iis
1246 1894 1320 1946 altius
1339 1894 1474 1959 cogitandi.

327 1965 377 2017 Sed
395 1976 422 2018 nt
441 1967 474 2018 ad
492 1967 591 2018 stellam
609 1982 699 2018 noram
716 1968 855 2028 redeamus,
873 1975 941 2018 reete
960 1974 988 2015 tu
1005 1968 1108 2017 tandem
1127 1973 1153 2016 et
1170 1968 1211 2030 pie
1230 1980 1333 2015 causam
1352 1980 1450 2014 omnem
1467 1965 1544 2014 refers
1564 1963 1597 2014 ed

237 2037 337 2088 Deum:
356 2041 382 2089 in
400 2055 448 2103 quo
466 2039 526 2088 milri
548 2045 631 2088 tecum
657 2041 780 2089 converit.
817 2039 883 2090 Nam
903 2038 1003 2088 cumin
1023 2037 1178 2088 naturalibus
1206 2038 1288 2088 causis
1316 2036 1473 2102 assignandis
1492 2050 1538 2084 nec
1558 2036 1602 2085 alii

238 2124 286 2160 nec
303 2111 357 2172 ipse
374 2111 433 2160 mihi
451 2109 622 2170 satisfaciam,
640 2109 670 2160 iit
688 2115 716 2159 ut
733 2109 807 2174 plane
825 2110 935 2167 credam,
959 2109 1071 2159 miraculi
1089 2109 1147 2172 quid
1164 2107 1205 2158 hic
1230 2109 1391 2160 concurrisse.
1429 2107 1495 2168 Quia
1512 2113 1598 2156 tamen

239 2195 270 2232 es
287 2179 393 2230 historiis
411 2181 489 2230 sacris
517 2187 636 2245 apparet,
656 2180 738 2231 Deum
755 2189 811 2246 pest
829 2181 955 2232 conditum
980 2181 1099 2232 mnndum
1117 2181 1143 2230 in
1161 2179 1286 2228 miraculis
1312 2177 1450 2230 alliciendis
1469 2193 1523 2227 aare
1541 2192 1600 2240 par·

238 2253 370 2313 clusinum,
389 2253 427 2303 ita
444 2259 473 2302 nt
489 2252 632 2316 plerumque
656 2251 776 2302 adhibeat
793 2252 876 2302 media
898 2252 1041 2310 naturalia,
1069 2257 1190 2314 quantum
1208 2249 1233 2298 id
1252 2251 1306 2300 fieri
1323 2255 1414 2312 potest,
1438 2249 1492 2298 idco
1511 2249 1600 2312 proba-

239 2324 313 2374 bilem
329 2323 412 2387 judico
427 2338 510 2373 eornm
529 2324 689 2380 sententiam,
709 2325 750 2388 qui
763 2323 867 2374 Stellam
879 2339 928 2372 non
942 2323 972 2373 de
991 2338 1053 2373 noro
1073 2327 1185 2371 creatam
1199 2336 1229 2370 ex
1247 2321 1331 2378 nihilo,
1350 2321 1395 2369 sed
1408 2335 1437 2369 ex
1450 2320 1490 2368 ria
1507 2319 1601 2376 lactea,

239 2396 347 2445 materia
365 2395 462 2445 scilieet
479 2393 671 2457 praeexistente,
691 2393 824 2444 conflatam
843 2395 961 2444 tradunt:
990 2401 1042 2443 tum
1061 2395 1119 2458 quia
1137 2391 1200 2441 haec
1224 2393 1279 2454 Ipsa
1303 2397 1391 2455 suapte
1411 2397 1502 2440 natura
1519 2391 1600 2446 luem

235 2467 380 2532 participat,
400 2471 477 2532 atque
495 2471 556 2528 apta
575 2471 614 2514 est
631 2471 660 2513 nt
677 2479 721 2529 per
739 2465 958 2515 condensationam
977 2465 1003 2514 lu
1022 2478 1109 2528 corpus
1128 2463 1282 2526 splendidum
1309 2462 1451 2527 redigatur,
1470 2467 1523 2511 tum
1542 2463 1601 2526 quia

237 2543 343 2601 emaque
362 2537 436 2587 stalla
453 2550 526 2595 neve,
545 2543 598 2586 tam
616 2536 680 2587 haee
698 2538 821 2586 recentior
838 2550 912 2602 quam
924 2537 969 2587 illa
988 2537 1046 2586 anni
1063 2532 1130 2583 rete
1143 2531 1219 2598 (quae
1237 2533 1334 2597 quidem
1353 2533 1412 2582 mihi
1430 2533 1504 2598 longe
1522 2535 1601 2596 major

238 2617 265 2658 et
282 2608 398 2658 illustrior
416 2621 491 2672 qnam
508 2607 573 2657 heac
591 2607 688 2663 ιιιιιιιιιι,
707 2614 820 2656 attamen
839 2609 940 2657 sirecte
957 2607 1057 2656 memini
1074 2606 1156 2654 minas
1175 2604 1309 2654 scintillare
1327 2605 1380 2654 risa
1392 2602 1441 2664 est)
1460 2605 1487 2652 in
1498 2603 1601 2669 gelasia

237 2681 312 2730 situm
330 2679 428 2736 babuit,
451 2677 539 2742 Neque
552 2693 610 2727 vero
622 2679 663 2728 hic
680 2678 841 2727 metuendum
854 2685 900 2735 eet,
919 2693 951 2726 ne
964 2694 1007 2742 per
1020 2678 1166 2728 crebriorem
1185 2675 1323 2738 hujusmodi
1344 2675 1470 2724 stellarum
1489 2679 1600 2724 exortum

239 2757 265 2800 et
284 2751 453 2800 incensionem
472 2748 575 2799 taudem
594 2748 698 2806 coelum,
717 2749 832 2813 quicquid
850 2749 928 2799 babet
939 2749 1022 2806 lactis,
1041 2748 1157 2796 idtotum
1176 2747 1272 2810 perdat.
1299 2745 1363 2794 Nam
1382 2747 1486 2808 primum
1498 2743 1600 2796 flamma

238 2835 289 2870 non
307 2821 404 2886 indiget
422 2833 527 2884 corpm,
546 2826 575 2868 nt
592 2820 638 2870 iiat
657 2821 831 2884 conspicuum,
858 2819 922 2884 quod
940 2832 987 2869 sua
1004 2825 1096 2869 natura
1113 2819 1170 2868 luce
1189 2823 1215 2867 at
1233 2815 1361 2881 splendore
1385 2815 1524 2880 praeditum
1543 2821 1598 2873 ests

240 2891 329 2946 deinde
346 2893 477 2942 materiam
495 2891 627 2956 galeriae,
655 2905 720 2955 qnae
738 2893 808 2953 iussu
827 2891 875 2942 Dei
894 2891 1060 2942 condensatur
1077 2897 1104 2940 et
1120 2891 1147 2937 in
1169 2889 1274 2938 sormam
1301 2887 1389 2938 stellae
1415 2888 1496 2936 sabito
1522 2888 1599 2937 mba-

239 2963 322 3014 culose
341 2963 509 3028 conglobatur,
528 2967 618 3027 postea
633 2961 747 3012 mandati
766 2963 841 3012 dirim
859 2961 955 3011 maculo
975 2962 1097 3018 solutam,
1116 2961 1219 3010 liberam
1238 2967 1264 3010 et
1281 2965 1387 3008 naturae
1406 2971 1468 3008 suae
1486 2957 1600 3008 relictam

239 3033 368 3098 paullatim
388 3033 507 3098 dissipari,
528 3033 639 3082 dlifluere
659 3039 685 3082 et
703 3040 849 3082 consuetam
867 3035 923 3082 riae
941 3033 1040 3083 lacteae
1062 3032 1148 3081 sedem
1166 3036 1277 3096 repetere
1296 3029 1424 3078 verisimile
1444 3035 1498 3088 est;
1518 3031 1554 3078 ita
1572 3033 1601 3077 ut

239 3103 300 3154 nibli
319 3106 439 3154 materiae
458 3103 509 3154 illic
528 3103 643 3154 decedat.
680 3103 766 3167 Neque
791 3105 864 3154 stella
890 3118 955 3153 nora
973 3104 1080 3153 Fabricii
1109 3109 1179 3151 extra
1205 3101 1330 3168 galaxiam
1348 3099 1373 3149 ιιι
1393 3095 1441 3148 26⁰
1461 3099 1487 3162 Υ
1507 3107 1532 3150 et
1553 3095 1600 3148 ιιιο

239 3176 283 3225 lat.
304 3182 380 3224 auctr.
401 3182 500 3238 reperta
525 3175 591 3224 banc
619 3177 770 3224 sententiam
797 3175 951 3224 labefactare
977 3181 1077 3238 potest,
1106 3173 1224 3237 siquidem
1243 3174 1279 3220 vir
1298 3171 1338 3220 ille
1358 3171 1475 3235 deceptus
1504 3171 1600 3222 ridetur

238 3247 313 3296 stella
327 3243 382 3296 Ceti
395 3245 485 3304 xxlv,
504 3260 569 3310 quae
582 3245 633 3296 illic
649 3247 763 3308 praecino
781 3245 865 3296 sedem
877 3246 962 3304 habet,
982 3252 1008 3294 et
1021 3259 1039 3294 a
1050 3245 1149 3307 Bayero
1161 3245 1222 3294 Tab.
1236 3241 1348 3292 XXXIV.
1368 3249 1470 3292 notatur
1482 3243 1555 3292 litera
1569 3257 1599 3300 ος

241 3322 282 3366 est
302 3319 368 3366 enim
388 3323 459 3368 retus
478 3317 561 3366 stella
600 3315 651 3366 Sed
669 3324 735 3376 estc,
763 3316 838 3368 fuerit
855 3331 935 3374 nora,
963 3317 1021 3382 quId
1039 3316 1097 3364 inda
1117 3315 1290 3380 consequitur,
1318 3316 1365 3364 nisi
1388 3313 1452 3378 quod
1476 3316 1601 3378 portionas

239 3387 363 3454 quaedam
382 3389 504 3438 materiae
531 3387 648 3452 galeriae
674 3387 766 3436 similes
784 3389 860 3438 etiam
884 3394 954 3438 extra
980 3387 1107 3452 galaxiam
1134 3383 1308 3450 reperiantur?
1336 3399 1400 3449 quae
1418 3391 1504 3434 tamen
1523 3385 1611 3452 visum·

241 3457 373 3525 effugiunt,
393 3461 452 3523 quio.
470 3473 571 3523 sparsae
584 3465 642 3508 sunt
655 3465 681 3508 et
693 3460 805 3516 rariores,
824 3474 875 3508 non
894 3460 1055 3508 continuatae
1069 3465 1094 3507 et
1108 3459 1178 3520 copta
1197 3463 1361 3521 exuperantas
1374 3463 1402 3505 ut
1413 3457 1439 3504 in
1451 3457 1492 3505 via
1509 3455 1599 3505 lactea.

330 3547 434 3610 Spectat
451 3546 489 3596 bis
507 3545 665 3612 Breuggerus
685 3561 724 3605 ea,
745 3562 809 3611 quaa
827 3546 950 3610 Keplerns
970 3543 1044 3597 affert
1060 3547 1086 3595 in
1105 3546 1154 3596 line
1174 3547 1262 3609 capitis
1279 3545 1357 3594 XXII.
1385 3543 1456 3605 Quae
1474 3543 1601 3594 Fabricius

243 3617 351 3680 Keplero
377 3617 482 3667 dederat
500 3617 530 3667 de
547 3617 597 3668 hac
615 3632 632 3667 a
649 3632 676 3668 se
694 3619 799 3681 paurum
826 3625 916 3668 notata
941 3619 1015 3667 stella
1040 3617 1152 3668 variabili
1177 3619 1202 3666 in
1229 3616 1416 3666 constellatione
1436 3615 1508 3671 Cati,
1536 3615 1602 3664 inira

240 3687 356 3753 leguntur
373 3689 400 3738 in
418 3689 495 3738 literis
514 3686 619 3740 Fabricii
639 3690 661 3739 d.
682 3689 705 3740 d.
728 3687 770 3736 22.
788 3687 865 3740 Mart.
887 3685 964 3738 1609.
1000 3689 1030 3738 In
1049 3688 1143 3752 Opticia
1163 3686 1200 3751 (p.
1221 3683 1284 3748 278)
1307 3689 1395 3751 paucis
1419 3685 1484 3736 hanc
1502 3685 1601 3736 stellam

242 3759 303 3808 dicit
319 3759 452 3822 Keplerus,
471 3761 507 3810 sit
524 3760 550 3809 in
569 3759 643 3824 Resp.
664 3759 698 3812 ad
715 3760 868 3817 Roeslinum,
887 3760 909 3818 1,
929 3756 989 3810 504.
1008 3783 1044 3794 —

329 3829 490 3894 Keplerrrs
510 3845 530 3881 c.
551 3830 624 3881 licem
644 3831 705 3896 Cap.
718 3829 809 3882 XXIV.
829 3845 910 3895 pauca
923 3831 953 3880 de
967 3831 1031 3880 oculi
1048 3837 1173 3881 structura
1185 3827 1265 3887 affert,
1284 3843 1334 3876 non
1346 3827 1420 3890 plane
1440 3825 1601 3876 cohaerentia

242 3915 299 3950 cum
317 3900 395 3951 raab
413 3903 465 3965 ipso
484 3901 533 3951 illic
553 3902 686 3965 disputata,
708 3903 755 3962 ,de
769 3901 892 3952 efficiente
911 3904 968 3951 nori
986 3901 1097 3951 sideris.“
1122 3901 1202 3950 Bran
1208 3916 1225 3964 g
1231 3913 1338 3963 garns,
1357 3899 1505 3962 pergensis
1524 3897 1601 3947 literis

244 3973 303 4029 suis,
320 3987 373 4023 ram
392 3971 534 4038 aggreditur
552 3974 674 4024 medicum
692 3988 779 4039 agens,
799 3979 825 4022 et
842 3974 935 4024 refutat
953 3973 1094 4036 opinionem
1112 3971 1221 4034 Kepleri.
1259 3969 1331 4018 Haec
1350 3975 1376 4018 et
1394 3983 1459 4034 quae
1477 3967 1600 4032 Keplarus

241 4043 385 4108 respondit,
413 4044 530 4108 teguntur
556 4046 718 4094 ιιιιιοιιιιιοιιο
740 4043 772 4094 N.
794 4040 836 4093 35.
873 4043 982 4108 Reliqua
1005 4042 1093 4092 harum
1120 4042 1256 4105 Breuggeri
1283 4039 1422 4099 literarum,
1452 4053 1516 4103 quaa
1543 4055 1600 4090 cum

242 4113 341 4164 stellam
358 4129 448 4164 uorans
466 4115 491 4164 in
510 4113 610 4179 Cygno,
630 4121 683 4166 turn
702 4115 889 4179 chronologica,
915 4121 968 4164 tum
987 4113 1102 4176 Opticam
1120 4114 1238 4166 attinent,
1262 4110 1301 4160 his
1320 4112 1475 4174 adjuanmus
1493 4111 1599 4173 scriptia.

330 4185 462 4248 Kepleri
488 4200 632 4250 responsum
659 4185 692 4235 ad
716 4185 762 4236 has
784 4185 920 4252 Breuggeri
948 4185 1046 4241 literas,
1073 4185 1096 4233 d.
1118 4178 1160 4232 30.
1180 4182 1243 4230 Nor.
1264 4179 1345 4239 toas,
1372 4197 1402 4231 ax
1419 4188 1490 4246 parte
1513 4195 1600 4244 propo·
1673 4179 1675 4182 ’

242 4256 336 4306 suimus
354 4258 379 4306 iu
398 4257 552 4320 praelatione
571 4258 604 4306 ad
624 4255 737 4321 Opticam
755 4271 813 4322 pag.
833 4253 866 4304 5³
880 4272 912 4305 aa.
951 4255 1023 4316 Quae
1041 4253 1090 4304 bno
1112 4253 1251 4318 pertinent,
1270 4252 1334 4303 haec
1352 4259 1419 4303 sunt.
1455 4251 1599 4303 Praemissis

242 4329 330 4392 paucis
348 4328 382 4377 ad
401 4343 461 4390 opus
480 4343 551 4378 suum
570 4329 600 4378 de
619 4327 701 4378 Marte
719 4329 908 4392 pertinentibus,
927 4328 962 4376 sic
980 4327 1076 4391 pergit:

330 4399 426 4472 Nunc,
452 4400 489 4460 ad
513 4400 629 4479 priores
653 4399 758 4462 literas
780 4399 886 4460 veclo:
909 4397 1069 4478 jucundam
1093 4395 1201 4476 quippe
1226 4393 1393 4468 materiam,
1418 4413 1485 4454 cum
1507 4391 1600 4455 solita

242 4487 429 4550 humanitate
452 4496 611 4568 tantopere
636 4506 682 4548 me
707 4488 853 4550 dilaudas.

333 4575 462 4638 Primum
487 4597 506 4636 a
528 4583 559 4638 te
584 4575 731 4637 dissentio
753 4576 784 4638 in
810 4595 860 4650 eo,
894 4593 952 4655 quo
976 4583 1008 4635 ιιι
1034 4572 1190 4634 adduceris
1221 4578 1255 4634 ut
1276 4589 1391 4634 mecam
1415 4569 1599 4631 consentias.

245 4663 458 4741 Magnetum
483 4665 560 4726 enim
586 4663 758 4746 sympathia
787 4680 844 4725 non
873 4662 1014 4726 consistit
1042 4663 1070 4724 in
1098 4661 1154 4724 hoc
1182 4679 1291 4741 genere
1321 4679 1428 4721 sensus
1452 4675 1505 4718 seu
1528 4675 1599 4736 per-

246 4749 407 4829 ceptionis,
437 4771 496 4832 que
518 4754 613 4815 Terra
641 4752 769 4832 percipit
800 4762 942 4831 aspectus
975 4753 1134 4814 coelestes.
1189 4751 1318 4828 Magnes
1352 4749 1431 4810 enlm
1463 4757 1600 4808 movetur

248 4855 414 4918 seorpore
438 4851 560 4920 quanto,
584 4861 637 4904 eeu
661 4842 699 4902 ab
722 4841 788 4920 ejus
807 4842 937 4914 effluvio,
963 4841 1101 4903 similiter
1124 4847 1250 4920 quanto:
1275 4837 1369 4900 Terra
1386 4843 1523 4900 movetur
1546 4854 1600 4896 seu
