3674 5538
287 269 349 344 138
749 274 939 344 Paralipomona
955 278 982 329 ln
999 272 1166 330 Vitellionem.

284 458 413 538 longum,
439 463 473 519 nt
495 456 524 519 iu
549 463 654 537 partes
673 456 731 518 ΒΗ
754 458 839 529 (ruam
858 465 996 538 respectu
1020 456 1105 537 hujus
1130 457 1222 519 solius
1247 457 1344 520 lineae
1364 455 1492 520 maxime
1517 455 1638 537 obliqua

284 554 332 609 est
355 547 394 607 ad
417 545 514 626 ipsam
539 546 626 618 AB),
662 554 694 607 et
717 545 812 607 lertnr
835 546 898 607 sive
931 553 1106 608 attenuatur
1129 547 1180 608 lux
1202 565 1261 608 non
1294 564 1398 608 versus
1430 553 1548 628 partem
1573 545 1637 618 BC,

283 635 338 698 sed
361 651 469 696 versus
493 634 560 695 ΒΗ.
608 633 690 714 Ergo
714 634 887 715 superficies
911 642 1057 715 exparte
1081 635 1139 696 BH
1162 635 1279 698 resistit
1302 636 1369 697 hnic
1394 635 1487 696 motui
1512 635 1637 697 existit-

284 743 341 806 que
365 723 433 786 binc
457 723 543 803 qnasi
568 723 715 802 quaedam
739 723 862 785 reflexio
887 723 943 786 AB
968 724 996 785 in
1020 722 1089 800 BG,
1114 724 1203 805 plane
1232 724 1337 786 similis
1363 723 1434 797 illis,
1465 743 1541 805 qnae
1566 725 1638 785 liunt

284 814 314 876 in
338 811 512 894 corporibus
536 811 724 873 naturalibus
747 812 902 892 projectis.
1409 843 1412 850 .

373 902 511 964 Tentabo
542 899 667 962 eandem
700 901 955 980 comparationem
983 909 1083 963 motus
1113 901 1231 983 physici
1260 921 1326 963 oum
1355 911 1436 963 motu
1470 901 1545 963 lucis
1570 901 1638 962 aliis

284 1001 318 1054 et
339 991 542 1072 pressioribus
566 989 762 1068 argumentis.
810 989 897 1060 Quod
922 991 999 1052 enirn
1023 999 1072 1052 est
1095 991 1124 1052 in
1148 1000 1229 1054 motn
1253 991 1378 1072 physico
1407 989 1536 1054 medinm
1561 991 1637 1052 den-

283 1081 363 1156 sius,
397 1080 508 1142 cedens
538 1087 659 1152 tamen,
689 1085 723 1140 nt
746 1079 861 1160 pondus
886 1099 918 1142 se
943 1081 1009 1160 ipso
1043 1079 1214 1161 quiescens,
1245 1080 1353 1142 mobile
1376 1087 1477 1141 tamen
1511 1079 1639 1160 impulsu

285 1170 427 1244 alterins,
453 1169 509 1230 hoc
533 1176 581 1230 est
604 1167 633 1228 in
660 1167 717 1230 hoc
742 1167 863 1248 negotio
887 1168 1060 1250 superficies
1084 1168 1213 1243 densior,
1239 1169 1292 1231 sed
1317 1189 1392 1251 quae
1417 1178 1517 1230 tamen
1541 1171 1638 1231 lucens

285 1259 476 1323 transmittat
499 1265 531 1318 et
554 1257 773 1336 quodammodo
795 1257 937 1318 transitui
962 1259 1060 1319 cedat.
1691 1255 1694 1268 '

372 1348 452 1410 Nam
469 1356 503 1408 nt
524 1345 552 1408 in
572 1355 655 1406 motu
678 1345 803 1428 physico
827 1347 919 1408 telum
943 1347 1093 1408 interdum
1112 1365 1178 1408 oum
1194 1365 1225 1407 re
1243 1347 1280 1406 ad
1301 1365 1389 1426 quam
1411 1343 1638 1407 collimabamns

287 1436 450 1508 colliditur,
484 1435 792 1515 adhaerescentiaqne
815 1442 917 1496 mutuo
949 1443 1079 1515 pergunt
1102 1435 1228 1496 eandem
1260 1434 1339 1497 viam
1368 1453 1425 1496 uno
1457 1440 1560 1495 motu:
1594 1431 1640 1490 ita
1687 1457 1691 1462 ’

286 1525 364 1588 idem
386 1525 435 1588 nie
453 1525 488 1586 sn
506 1542 574 1586 cnm
598 1524 662 1584 luce
688 1533 719 1585 et
741 1524 895 1602 superficie
920 1524 1067 1593 densiore,
1092 1542 1181 1605 qnam
1200 1524 1251 1585 lux
1273 1532 1423 1604 penetrat,
1448 1523 1513 1584 sine
1536 1529 1639 1583 tamen

287 1615 416 1676 materia
439 1622 492 1675 aut
515 1612 681 1674 soliditatis
706 1612 899 1676 dimensione.

374 1701 436 1766 Sed
461 1701 549 1763 rideo
573 1701 646 1764 illnd
671 1703 708 1762 de
731 1710 813 1764 motu
836 1703 961 1785 physico
984 1703 1014 1765 in
1038 1701 1115 1763 hanc
1138 1717 1231 1780 usqne
1256 1700 1334 1762 diem
1358 1717 1417 1761 non
1442 1697 1518 1762 satis
1542 1696 1641 1776 expli-

287 1800 402 1868 catum,
428 1811 480 1854 cnr
503 1792 532 1852 iu
556 1789 613 1852 hoo
637 1809 753 1872 qnoque
783 1791 926 1854 retractio
951 1792 1071 1853 accidat
1094 1809 1146 1852 sen
1174 1791 1275 1870 potins
1298 1785 1546 1869 deflexi0.(quod
1570 1805 1642 1848 ver-

286 1883 355 1944 bnm
379 1881 410 1942 in
434 1881 558 1962 physico
582 1887 663 1942 motu
688 1880 784 1959 magis
809 1891 857 1942 est
880 1883 1046 1961 proprium)
1070 1899 1088 1940 a
1111 1878 1227 1941 directa
1256 1878 1334 1940 linea
1366 1887 1465 1940 motus
1501 1876 1539 1938 ad
1563 1893 1641 1942 eam,

287 1989 364 2052 qnae
387 1969 643 2053 perpendicularis
668 1977 716 2029 est
739 1969 906 2049 superficiei
930 1970 1081 2050 objectae,
1106 1967 1238 2048 quoties,
1262 1967 1342 2047 qnod
1370 1967 1533 2048 impulsum
1557 1963 1642 2034 iacit,

287 2059 406 2140 oblique
435 2059 463 2120 in
493 2058 570 2119 hanc
602 2057 718 2119 incidit.
764 2059 807 2119 Et
833 2059 902 2138 qnia
934 2058 1085 2138 negotium
1117 2065 1212 2118 toturn
1246 2056 1340 2117 librae
1373 2057 1492 2118 ratione
1525 2054 1640 2126 nititur,

288 2148 493 2210 deducendum
517 2156 566 2208 est
589 2166 608 2208 a
630 2165 683 2207 sno
709 2147 802 2207 fonte.
849 2148 913 2208 Nec
936 2147 1013 2209 eninr
1037 2153 1110 2226 puto
1134 2145 1205 2207 milri
1234 2144 1338 2206 datum
1361 2144 1398 2206 iri
1421 2145 1535 2218 locum,
1563 2143 1643 2204 hanc

289 2236 576 2299 demonstrationem
601 2235 671 2296 alibi
697 2235 880 2298 commodius
905 2235 1092 2316 expediendi.
1648 2309 1654 2314 =

378 2323 507 2396 Quaerit
530 2324 559 2386 in
576 2323 763 2386 Machanicis
782 2325 976 2398 Aristoteles,
1002 2343 1079 2404 qnae
1102 2341 1195 2384 cansa
1218 2321 1259 2384 sit
1277 2339 1338 2398 cnr,
1363 2321 1389 2382 si
1412 2321 1528 2383 trutina
1551 2331 1643 2400 snpe-

290 2414 369 2476 riore
393 2413 460 2476 loco
485 2414 527 2475 sit
549 2431 638 2493 qnam
664 2411 740 2474 libra
764 2421 796 2475 et
822 2423 1023 2475 exonerentur
1054 2414 1168 2485 lances,
1195 2410 1320 2490 virgula,
1350 2429 1425 2490 qnae
1449 2411 1532 2488 prius
1554 2405 1643 2471 incli-

289 2497 395 2576 nabat,
418 2504 479 2584 jam
502 2501 682 2564 restituatur
702 2503 740 2563 ad
764 2501 992 2583 aequilibrium:
1018 2501 1063 2563 sin
1084 2507 1184 2563 antem
1203 2499 1318 2560 trutina
1337 2499 1379 2560 sit
1402 2499 1489 2574 infra,
1514 2499 1643 2578 virgula,

289 2599 324 2654 nt
346 2597 395 2653 est
418 2611 437 2652 a
459 2591 641 2670 ponderibus
669 2590 828 2665 inclinata,
854 2599 976 2654 maneat
1004 2609 1058 2652 nec
1086 2589 1193 2652 redeat
1220 2595 1394 2649 exonerato.
1440 2588 1645 2650 Demonstra-

289 2681 401 2744 tionem
415 2679 592 2768 aristotelis
616 2699 710 2760 neque
733 2679 886 2742 Jordanus
905 2679 1028 2760 repetiit
1049 2697 1145 2759 neque
1161 2675 1318 2740 Ourdaous
1340 2676 1390 2740 lib.
1412 2677 1449 2738 de
1465 2676 1645 2740 Subtilitate

290 2769 488 2850 approbavit:
518 2785 576 2830 non
607 2769 685 2832 enirn
716 2768 926 2831 substituisset
950 2769 1060 2830 aliam:
1091 2768 1191 2829 forsan
1221 2765 1291 2845 qnia
1320 2765 1448 2827 obscura
1478 2775 1535 2830 est.
1584 2763 1646 2827 Sed

290 2857 449 2923 Ourdaous
469 2877 527 2920 non
552 2858 645 2919 multo
665 2857 783 2930 clarior,
808 2856 1002 2920 (inidnbaldo
1023 2858 1098 2918 adeo
1118 2853 1281 2934 displicuit,
1307 2862 1339 2915 nt
1358 2855 1447 2934 pleno
1463 2855 1538 2917 libro
1558 2871 1645 2934 quem

291 2949 328 3010 de
352 2947 446 3009 Libra
477 2945 601 3025 scripsit
629 2947 657 3008 in
687 2965 753 3008 enm
788 2943 1030 3017 insenuerunt)
1077 2944 1178 3007 Causa
1202 2943 1435 3005 concertationis
1468 2943 1541 3006 milri
1571 2943 1646 3004 haec

290 3035 418 3108 videtur,
444 3036 522 3118 quod
547 3035 674 3098 alterurn
699 3035 889 3098 Aristotelici
921 3034 1117 3116 problematis
1151 3033 1312 3094 membmm
1336 3033 1496 3094 absurdum
1528 3031 1647 3093 videtur

292 3133 325 3187 et
346 3123 529 3186 contrarium
553 3123 666 3186 sensui.
705 3123 807 3196 Quare
826 3123 1029 3187 dissimulavit
1042 3123 1204 3196 Jordanns,
1231 3119 1388 3183 Ourdaous
1408 3141 1465 3183 uon
1486 3121 1647 3183 admodum

291 3213 419 3276 candide
453 3213 546 3275 etiarn
579 3213 785 3276 demonstrare
819 3231 982 3295 aggressus
1015 3220 1064 3273 est
1096 3212 1174 3272 lalso
1210 3217 1386 3289 acceptnm;
1426 3211 1504 3290 qnod
1537 3218 1647 3272 notans

293 3301 504 3364 Gnidubaldns
537 3319 686 3382 sensuque
719 3304 890 3364 convellens
915 3303 1006 3365 etiam
1029 3319 1095 3362 eam
1129 3307 1263 3382 partem,
1298 3317 1374 3378 qnae
1404 3317 1476 3360 vera
1500 3307 1548 3361 est
1571 3299 1650 3360 citra

292 3390 530 3453 controversiam
546 3390 640 3472 (quod
654 3391 788 3466 mirum),
811 3392 894 3454 visus
913 3400 961 3454 est
984 3409 1105 3471 negare,
1130 3391 1248 3470 culpam
1264 3407 1315 3450 cur
1329 3387 1514 3450 Aristoteles
1538 3387 1648 3468 aliique

293 3479 478 3560 experiundo
502 3479 669 3541 erraverint
690 3479 720 3541 in
746 3481 889 3543 metonae
913 3481 1114 3542 lubricitatem
1137 3479 1305 3540 conferens.

382 3568 510 3631 'lintion
532 3575 636 3630 erecta
659 3568 701 3630 sit
724 3569 790 3644 AB,
815 3570 935 3649 virgula
958 3567 1033 3632 OD:
1066 3585 1160 3648 oeque
1184 3567 1353 3648 ponderent
1381 3562 1449 3633 CA,
1479 3563 1558 3627 AD:
1584 3563 1651 3624 dico

294 3675 351 3719 non
386 3656 561 3738 antiquitati
592 3664 712 3720 tantum
745 3659 797 3719 sed
832 3677 928 3720 rernm
957 3667 1098 3730 naturae,
1133 3657 1186 3718 sed
1218 3653 1342 3718 utilitati
1376 3653 1494 3732 generis
1526 3651 1651 3715 hnmani

293 3747 406 3810 bellurn
435 3745 585 3815 indicere,
619 3745 668 3826 qni
699 3754 792 3827 negat
819 3747 981 3809 redituram
1005 3745 1060 3809 ΟΒ
1084 3746 1122 3806 ad
1157 3743 1320 3808 horizontis
1355 3742 1573 3823 aequilibrium,
1598 3742 1651 3802 sien

293 3835 332 3898 ad
356 3836 483 3916 angulos
506 3853 572 3897 cnm
599 3835 657 3896 BA
681 3845 791 3900 rectos.

631 3939 685 4007 Fig.
706 3938 748 3989 il.
1212 3939 1265 4004 lig.
1289 3933 1331 3986 42.
