3702 5532
348 311 416 378 454
772 309 874 360 Literae
891 307 993 373 Kepleri
1013 309 1163 374 aliorumque
1181 313 1282 358 mutuae

350 491 462 541 addens:
480 488 553 546 scias,
573 485 676 550 primum
693 483 740 536 hoc
759 484 884 548 exemplar
902 499 965 542 esse,
985 483 1049 548 quod
1067 483 1147 539 mitto.
1183 481 1248 532 Volo
1266 483 1331 532 enirn
1350 497 1406 534 curn
1425 485 1514 536 esteris
1533 481 1587 534 50⁰
1605 483 1710 550 propriis
1821 519 1822 522 ,

348 561 465 626 impensis
485 557 579 608 excusis
598 555 738 606 Galilaeum
756 562 903 618 expectare,
929 559 969 620 qul
988 555 1054 604 breri
1078 561 1188 618 tempore
1208 553 1241 603 ad
1258 568 1304 602 uos
1322 555 1412 604 reniet.
1450 555 1513 606 Trnu
1535 557 1617 619 ipsum
1636 557 1710 606 adibo

350 639 377 682 et
393 647 471 681 nuum
489 628 568 678 eidem
586 628 612 675 in
630 639 719 676 uranus
735 627 848 690 proprias
865 625 1038 689 praesentabo.
1064 625 1107 675 lde
1127 623 1181 674 Deo
1199 623 1290 674 stillis
1308 625 1396 689 quibus
1414 625 1501 676 dedico
1520 625 1710 690 (professoribus

349 695 571 758 Bononiensibus),
600 697 784 746 commendabo.
822 696 1025 760 Scopulimaris
1043 695 1183 746 Hadriatici
1201 711 1250 744 non
1274 689 1423 746 nocebunt'
1443 695 1593 748 Ululsudum
1622 707 1711 748 conus

351 773 497 830 Caliacum,
511 770 616 819 sednon
631 769 656 816 iu
668 767 784 831 plumbo;
798 775 928 834 agentum
942 767 1024 816 videre
1033 781 1076 830 pro
1089 766 1324 832 „Peregrinatione“
1336 767 1401 818 breri
1415 768 1464 816 cito
1474 770 1523 818 citu
1536 769 1608 834 cupio
1618 767 1666 818 dec.

437 860 507 909 Voce
537 855 782 920 „Peregrinatione“,
801 869 851 919 qua
878 855 963 905 ultimo
991 855 1045 904 loco
1070 868 1199 918 perversae
1224 854 1297 916 buJut
1323 855 1462 919 scriptionis
1489 855 1597 906 llorkius
1624 859 1710 916 utitur,

348 937 448 997 spectet
465 929 649 992 iuscnptr'ouem
662 925 737 974 libelli
749 927 787 975 sui
801 927 897 984 famosi,
910 927 950 992 qui
964 925 1077 975 Mutinae
1090 925 1189 989 prodiit,
1201 924 1285 976 hunc:
1304 925 1454 976 Brevissima
1471 927 1711 993 Peregrinatio

349 1009 438 1052 contra
454 999 578 1050 Nuntium
598 996 733 1060 Sydereum
751 1011 829 1060 nuper
847 997 880 1046 sd
898 1011 983 1047 omnes
1000 996 1156 1060 philosophos
1175 1003 1201 1046 et
1212 995 1405 1048 Mathematicus
1424 1001 1538 1048 emim
1556 1013 1574 1049 a
1585 999 1710 1048 Galilaea.

420 1105 586 1172 Keplerus
605 1103 669 1153 lecto
687 1103 774 1154 llorkii
793 1103 909 1168 opusculo
927 1101 1153 1154 stomachabundus
1171 1103 1314 1166 rescripsit:
1358 1093 1452 1155 Tuam
1472 1085 1710 1174 'Peregrinatio-

351 1207 420 1252 uem
444 1205 481 1248 ex
505 1203 649 1247 concessu
682 1185 720 1246 D.
745 1183 842 1244 Marci
867 1183 996 1244 Welseri
1021 1191 1127 1243 nactus
1151 1182 1220 1262 legi.
1268 1181 1336 1242 Etsi
1365 1182 1457 1260 igitur
1485 1185 1626 1246 candoris
1650 1177 1711 1245 mei

352 1279 463 1340 famam
482 1276 573 1354 juxta
596 1285 678 1334 tuam
702 1271 866 1334 amicitiam
890 1269 966 1333 tueri
990 1289 1047 1331 uon
1072 1290 1194 1351 possum
1217 1287 1311 1350 eoque
1334 1271 1472 1333 nuncium
1496 1271 1550 1333 tibi
1574 1272 1707 1346 remitto,

349 1366 446 1447 patris
468 1372 570 1424 tamen
603 1361 646 1423 tui
676 1381 769 1422 causa
800 1368 992 1430 (annumeraris
1026 1367 1129 1418 Luthert
1162 1369 1220 1418 fidei
1252 1365 1376 1435 addicu),
1411 1369 1443 1420 et
1476 1361 1525 1440 qui
1558 1381 1595 1422 ne
1630 1361 1711 1422 hosti

353 1455 472 1536 quidem
504 1451 631 1530 alicujus
661 1449 731 1511 mali
764 1468 856 1509 causa
893 1468 960 1510 esse
994 1447 1102 1522 velim,
1137 1449 1194 1510 duo
1229 1447 1283 1508 tibi
1317 1448 1471 1526 significo,
1504 1449 1626 1510 tertium
1652 1451 1709 1510 ad-

352 1561 469 1606 moneo.
529 1539 660 1600 Primum
692 1549 758 1614 est,
793 1537 869 1618 quod
903 1537 1062 1616 epistolam
1096 1536 1134 1597 ad
1159 1535 1330 1598 Galilaeum
1364 1536 1488 1617 scripsi,
1527 1539 1646 1617 qualern
1678 1547 1710 1599 te
1821 1625 1822 1630 η

351 1631 497 1694 meruisse
522 1627 682 1690 aestimare
707 1635 804 1708 potes,
829 1626 914 1706 eique
939 1633 1122 1704 potestatem
1147 1625 1215 1699 ieci,
1241 1626 1266 1686 si
1282 1625 1355 1685 velit
1371 1625 1488 1706 publice
1509 1627 1707 1706 imprimendi.

355 1721 504 1792 Alterum,
531 1716 608 1796 quod
639 1715 769 1777 conditio
803 1713 845 1774 tui
873 1714 1009 1794 parentis
1032 1721 1106 1774 nota
1129 1715 1171 1774 sit
1194 1714 1356 1775 secretario
1391 1715 1470 1792 regis
1494 1715 1708 1793 Hispaniarum

356 1808 486 1869 oratoris
516 1815 549 1866 et
581 1822 618 1864 ex
650 1804 715 1884 ejus
747 1803 844 1864 relatu
877 1802 984 1863 ceteris
1009 1803 1096 1863 Italis
1121 1801 1170 1881 qui
1194 1803 1241 1862 hic
1274 1811 1362 1874 suut,
1396 1802 1477 1864 adfui
1511 1805 1608 1877 enim,
1643 1823 1708 1865 euru

353 1901 530 1960 recenseret
552 1893 622 1956 illis.
670 1891 793 1953 Videris
816 1891 909 1970 igitur
933 1900 983 1965 tu,
1010 1910 1048 1950 an
1070 1891 1106 1950 iis
1131 1891 1320 1970 inpartibus
1345 1891 1400 1952 tibi
1429 1893 1502 1952 hoec
1535 1893 1645 1954 notitia
1668 1895 1708 1953 sit

354 1984 620 2055 incommodatura,
646 1979 703 2041 uisi
728 1981 805 2044 lorte
821 1998 924 2041 ornnes
945 1977 1049 2040 Sancti
1074 1979 1230 2041 consilium
1254 1979 1310 2040 tibi
1335 1981 1602 2058 suppeditaverint,
1625 1981 1706 2061 peri-

354 2075 424 2136 cula
447 2074 508 2134 ista
530 2069 755 2151 praeveniendi.
802 2068 949 2129 Tertium:
983 2076 1071 2147 pater
1103 2087 1160 2129 uon
1185 2068 1281 2129 miuus
1306 2087 1394 2146 quam
1424 2087 1498 2148 ego,
1532 2070 1590 2130 imo
1616 2070 1709 2130 multo
1821 2061 1822 2100 l

354 2161 481 2222 maxime
506 2177 558 2240 pro
583 2166 613 2218 te
637 2165 686 2229 est
717 2155 881 2229 sollicitus;
906 2164 1018 2236 quanto
1042 2155 1149 2236 magis,
1173 2157 1198 2217 si
1224 2157 1315 2217 sciret
1338 2157 1375 2216 de
1394 2165 1446 2217 tua
1462 2159 1708 2236 Peregrinatione

355 2259 386 2312 et
409 2268 476 2310 mea
500 2245 673 2308 invectiva?
705 2243 781 2324 Ejus
801 2253 958 2324 paternum
983 2245 1138 2306 consilium
1164 2246 1187 2306 si
1213 2245 1259 2305 vis
1284 2245 1378 2324 sequi,
1402 2245 1496 2325 primo
1521 2265 1636 2326 quoque
1661 2247 1708 2308 die

354 2349 385 2400 te
410 2335 530 2398 exiliis
555 2333 819 2412 loeisproripies,
853 2343 1000 2413 utcunque
1033 2334 1160 2413 poteris.
1208 2333 1296 2394 Vale.
1322 2333 1376 2394 lX.
1403 2335 1480 2412 Aug.
1508 2331 1602 2397 1610.
1627 2335 1708 2396 Tuus

354 2445 439 2506 quem
465 2425 554 2484 nosti.
580 2452 621 2480 .-
645 2429 755 2480 llorkius
773 2429 811 2478 bis
830 2429 1037 2479 admonitionibus
1055 2437 1136 2481 mutus
1154 2431 1229 2494 paulo
1246 2436 1302 2496 post
1319 2431 1434 2481 Bononia
1451 2433 1585 2482 recessisse
1603 2432 1707 2488 ridetur.

353 2529 427 2580 muru
447 2527 561 2577 sequens,
580 2523 653 2575 quarn
672 2509 772 2594 exhibet
788 2510 938 2564 Hanscbius,
957 2510 1061 2574 epistola
1078 2511 1140 2560 data
1157 2513 1190 2560 sit
1210 2509 1366 2570 „Locborlcii
1385 2511 1409 2559 d.
1432 2510 1454 2560 l.
1473 2511 1536 2562 Dee.
1559 2507 1653 2560 1610.“
1674 2533 1708 2544 —-

442 2619 515 2681 Quae
534 2623 618 2668 autem
635 2615 759 2681 Keplerus
778 2613 933 2666 Galilaea
952 2615 1061 2678 scripsit,
1081 2615 1143 2666 baec
1162 2624 1236 2666 sunt:
1265 2607 1528 2670 Excellentisslme
1552 2609 1591 2670 D.
1618 2607 1706 2669 Gall-

352 2703 429 2772 laee,
453 2699 547 2762 amice
571 2699 705 2761 colende.
753 2697 868 2778 Accepi
891 2697 929 2758 ab
954 2696 999 2757 Ill.
1017 2696 1177 2758 Hetruriae
1193 2696 1286 2758 Ducis
1301 2695 1433 2759 Oratore
1453 2697 1707 2759 continuationem

353 2801 472 2854 tuarum
495 2787 737 2850 observationum
762 2787 842 2850 circa
864 2785 1023 2846 Medicaea
1046 2785 1156 2847 sidera.
1204 2785 1316 2864 Magno
1340 2805 1388 2846 rue
1420 2785 1570 2858 desiderio
1603 2787 1706 2848 iucen-

354 2879 436 2952 disti,
461 2876 583 2940 ridendi
606 2886 690 2938 tuum
710 2875 950 2946 instrumentum,
974 2881 1008 2936 ut
1030 2875 1153 2935 taudem
1177 2881 1207 2935 et
1229 2873 1336 2935 iisdem
1358 2883 1457 2936 tecum
1475 2875 1575 2954 potiar
1590 2875 1707 2936 coeles-

353 2969 435 3030 tibus
459 2964 649 3045 spectaculis.
696 2965 875 3046 Nam'quae
898 2961 948 3024 hic
972 2963 1114 3026 habemus
1139 2961 1281 3036 ocularia,
1306 2982 1381 3043 quae
1410 2963 1525 3043 optima
1548 2963 1709 3042 decuplaut

357 3057 545 3127 diametrum,
570 3063 674 3114 cetera
696 3053 746 3114 vix
770 3053 944 3132 tripliceut;
968 3053 1006 3112 ad
1031 3052 1218 3130 vigecupluru
1242 3071 1339 3113 meum
1363 3071 1451 3114 unum
1474 3052 1630 3131 pervenit,
1655 3053 1706 3112 sed

353 3142 444 3204 debili
469 3153 500 3202 et
523 3142 655 3219 maligna
679 3142 753 3204 luce.
801 3141 904 3202 Causa
928 3159 975 3200 me
999 3159 1056 3202 nou
1082 3139 1159 3202 latet
1188 3140 1337 3214 strideo,
1363 3149 1397 3201 ut
1419 3141 1577 3202 clarificari
1599 3139 1705 3222 possit,

354 3232 408 3292 sed
423 3240 539 3292 sumtus
558 3230 803 3308 subterfugimus.
850 3229 941 3292 Nullo
966 3230 1065 3302 exiis,
1092 3247 1166 3308 quae
1190 3229 1335 3290 hactenus
1358 3229 1460 3289 ridere
1483 3229 1578 3308 potui,
1601 3229 1708 3290 stellae

354 3319 487 3381 minutae
512 3318 709 3396 deteguntur,
747 3337 805 3379 uno
839 3326 965 3397 excepto
999 3317 1077 3396 quod
1105 3319 1169 3396 ipse
1194 3316 1357 3378 construxi.
1404 3317 1441 3380 Id
1475 3338 1532 3380 uon
1566 3319 1708 3398 majorem

353 3407 447 3487 tripla
469 3407 647 3466 diametrum
671 3407 745 3467 lacit
768 3413 821 3467 aut
843 3424 989 3466 summum
1012 3406 1189 3485 quadrupla.
1232 3403 1347 3466 Stellas
1372 3415 1473 3466 tamen
1497 3406 1564 3467 viae
1589 3409 1708 3468 lacteae

352 3495 497 3576 plurimae
521 3492 749 3570 distinctissime
773 3493 904 3554 exhibet.
951 3494 1077 3554 Mirum!
1111 3513 1177 3554 cum
1201 3493 1230 3554 in
1256 3493 1331 3554 huuc
1362 3513 1447 3554 usum
1472 3494 1631 3555 formatum
1656 3494 1706 3570 sit,

353 3591 387 3646 ut
409 3583 552 3645 illuderet
574 3583 749 3661 spectatori.
798 3581 900 3643 Causa
924 3590 973 3642 est
995 3582 1165 3656 claritatis,
1200 3581 1268 3662 quia
1301 3581 1539 3660 copiosissimam
1571 3583 1707 3644 admittit

352 3674 459 3736 lucem.
506 3671 570 3733 Nec
590 3669 668 3731 enim
689 3679 721 3732 ut
740 3671 849 3734 ceteris
865 3670 972 3732 limbus
997 3671 1086 3732 lentis
1110 3689 1262 3732 convexae
1288 3669 1408 3749 tegitur,
1433 3679 1500 3732 tota
1523 3673 1588 3732 lens
1611 3681 1707 3752 patet,

352 3761 455 3840 itaque
479 3768 511 3821 et
534 3759 563 3820 in
595 3757 689 3820 latam
712 3759 863 3839 regionem
888 3760 970 3821 visus
996 3758 1127 3820 excurrit
1149 3765 1180 3820 et
1204 3759 1293 3820 facile
1318 3776 1392 3837 quae
1417 3778 1527 3840 quaero
1552 3779 1706 3841 assequor.

352 3848 494 3911 Proximo
518 3843 676 3908 interlunio
699 3847 830 3909 Martem
862 3847 1040 3909 matutinum
1072 3866 1135 3908 sum
1167 3847 1399 3926 contemplatus.
1445 3848 1573 3927 Aliquot
1598 3849 1707 3910 stellas

340 3939 482 4000 minutas
507 3935 578 4011 vidi,
604 3935 657 3996 sed
681 3954 738 3997 non
762 3935 792 3997 iu
817 3936 1031 4014 longitudinem
1055 3933 1170 3996 zodiaci
1195 3934 1379 4014 dispositas,
1403 3943 1476 4015 puto
1502 3937 1707 3997 accensendas

351 4026 412 4088 lino
436 4024 577 4087 Piscium.
624 4023 732 4085 Jovem
757 4026 885 4086 nondum
917 4043 970 4104 per
1001 4023 1031 4084 id
1059 4023 1174 4102 aspexi.
1218 4020 1330 4086 Cetera
1362 4030 1395 4085 ut
1428 4025 1564 4106 quodque
1589 4025 1705 4100 urelius,

350 4113 530 4192 praesertim
554 4112 632 4191 quod
664 4113 852 4192 rigeeuplat‚
891 4111 1037 4191 paulatim
1069 4112 1141 4174 milri
1165 4111 1310 4190 detegunt
1337 4112 1441 4174 Lunae
1473 4113 1598 4188 facieru;
1630 4115 1706 4175 satis

350 4201 429 4262 eninr
451 4201 506 4262 illa
529 4199 647 4261 luminis
663 4199 762 4268 habet,
787 4201 878 4262 etiarn
902 4219 968 4262 cum
991 4219 1046 4279 per
1068 4199 1260 4261 tenuissimas
1285 4200 1376 4262 riruas
1400 4199 1567 4282 inspicitur.
1606 4203 1705 4263 Video

350 4289 442 4368 igitur
466 4288 692 4368 dispositionem
717 4292 901 4350 macularum
925 4297 1086 4362 accur·ate;
1121 4289 1207 4349 video
1237 4289 1266 4348 irr
1299 4289 1397 4350 media
1430 4280 1565 4352 sectione
1589 4291 1704 4374 primae

351 4377 483 4456 quadrae
506 4376 709 4456 promontoria
733 4377 790 4438 duo
815 4378 933 4453 lucida,
966 4377 1054 4438 video
1077 4377 1225 4455 paulatim
1257 4383 1289 4436 et
1317 4377 1386 4438 vitri
1410 4378 1549 4458 glacialis
1574 4380 1704 4460 speciem

249 4462 254 4476 “
350 4463 461 4536 (Galil.
485 4464 516 4526 iu
538 4463 655 4526 Nuucio
679 4463 743 4525 Sid.
769 4484 799 4545 p.
823 4463 880 4528 15:
904 4465 1030 4526 vascula
1053 4486 1072 4526 a
1095 4464 1184 4543 vulgo
1208 4465 1355 4542 glaciales
1379 4466 1480 4546 cyathi
1504 4469 1702 4546 nuncupata).

349 4551 407 4628 Die
431 4550 465 4613 S.
489 4551 598 4612 Jacobi
630 4558 664 4612 ut
696 4559 728 4614 et
759 4554 874 4614 duobus
907 4563 978 4614 aute
1010 4553 1162 4615 mensibus
1196 4555 1299 4613 notavi
1332 4554 1362 4614 in
1396 4553 1454 4614 imo
1479 4573 1570 4616 cornu
1594 4558 1702 4618 uodurn

350 4637 495 4713 lucidum,
522 4638 651 4700 divisum
674 4648 706 4700 et
729 4659 748 4702 a
771 4659 863 4703 cornu
886 4659 977 4719 supra
1000 4649 1032 4700 et
1054 4641 1093 4701 ab
1116 4649 1249 4702 extremo
1274 4641 1349 4702 lucis
1373 4641 1507 4703 acumine
1532 4645 1571 4704 ad
1595 4652 1701 4706 ortum.

350 4722 435 4792 Quos
458 4726 581 4788 dicimus
607 4727 749 4801 „oculos“
774 4728 857 4788 soleo
881 4747 1056 4806 comparare
1080 4727 1262 4808 quadrupedi
1288 4731 1326 4790 ad
1349 4737 1470 4808 pasturu
1493 4732 1601 4805 ruenti,
1626 4733 1702 4793 rictu

349 4811 530 4890 etpedibus
553 4814 752 4892 primoribus3
784 4815 873 4896 idque
905 4824 955 4879 est
986 4814 1109 4878 sinister
1139 4815 1243 4880 oculus
1274 4837 1290 4878 e
1319 4817 1440 4897 regione
1463 4819 1559 4882 nostri
1592 4819 1700 4882 dextri.
