3730 5528
347 303 413 370 450
938 302 1101 353 Prooemium.

349 481 515 558 constituit,
540 482 700 560 tubamque
723 479 838 541 invenit
861 479 1036 542 dissimilem
1061 479 1116 554 iis,
1151 479 1200 559 qui
1229 485 1293 540 turu
1322 477 1351 538 in
1384 495 1440 538 usn
1469 481 1574 552 erant,
1611 493 1703 558 quom

348 571 437 634 bodie
461 587 601 632 vocamus
626 567 954 644 „astronomicnm“
979 588 1032 630 sou
1056 568 1175 630 tubum
1197 565 1360 646 Keplori.

436 657 596 720 Rationem
621 656 754 737 sequitur
777 657 807 718 iu
831 675 920 738 epora
944 671 1014 731 suo,
1046 675 1122 735 qnae
1146 656 1262 717 illorum
1286 663 1452 734 temporum
1475 652 1702 715 mathematicis

349 747 411 808 iere
434 746 522 807 unica
544 752 621 820 orat,
645 746 870 825 geometricam,
893 745 1026 807 innixam
1049 743 1185 806 Euclidis
1207 743 1394 817 Elementle;
1423 741 1598 805 Euclidis
1626 759 1702 802 vero

349 833 521 915 Optieam
555 834 676 914 oJ'usquo
710 841 972 896 commentatorem
994 832 1074 895 Joh.
1099 833 1232 894 Ponam
1267 831 1323 894 sibi
1357 832 1461 892 ducent
1494 830 1606 908 ologit,
1639 828 1700 891 uon

347 921 493 1001 neglectis
521 922 575 994 iis,
603 923 652 1002 qui
678 930 747 983 anto
771 923 867 1002 ipsunt
890 923 927 983 de
957 921 1065 1003 opticis
1088 927 1229 1000 egerunt,
1263 920 1441 994 Vitellione,
1471 919 1580 993 Porta,
1611 918 1702 992 alliot

346 1028 524 1090 quamquam
548 1017 665 1072 tanturn
680 1011 786 1084 abluit,
811 1020 844 1072 ut
867 1019 979 1072 temore
1002 1011 1121 1073 illorum
1145 1007 1275 1088 vestigia
1289 1017 1447 1089 premeret,
1472 1015 1505 1068 ut
1528 1026 1586 1068 uou
1610 1023 1700 1068 vere-

345 1106 447 1170 rotur,
481 1117 556 1177 quae
581 1099 638 1177 ipsi
663 1099 743 1160 falsa
775 1099 973 1173 videbantur,
1011 1098 1148 1176 refellere
1181 1099 1317 1178 novaque
1350 1103 1383 1158 et
1418 1095 1544 1158 meliora
1575 1111 1699 1173 ponere.

346 1185 549 1248 Praefatiouis
573 1187 704 1248 maxima
733 1193 822 1266 parte
845 1187 909 1265 agit
932 1187 1082 1267 Keplorus
1113 1187 1149 1247 de
1172 1186 1274 1247 Panae
1297 1184 1486 1264 praefatione
1511 1183 1539 1244 iu
1563 1183 1702 1245 Euclidis

346 1272 502 1353 Opimam,
538 1275 648 1353 partim
679 1275 826 1348 laudans,
856 1275 967 1356 partim
995 1276 1165 1354 increpans.
1212 1274 1334 1335 Laudat
1364 1273 1477 1336 Ponam
1512 1271 1701 1351 rejicientem

348 1363 534 1442 ,sphaeras“
569 1372 701 1424 veterum
724 1362 755 1424 in
779 1364 878 1438 coelo,
908 1363 1020 1426 refellit
1050 1363 1130 1426 illius
1158 1381 1288 1425 errorem
1325 1361 1522 1424 retractiones
1550 1360 1701 1440 negantis,

230 1497 244 1508 ,
348 1451 434 1512 simul
467 1469 553 1511 suam
583 1450 678 1530 ipsius
711 1459 853 1531 repetens
886 1452 993 1513 falsam
1026 1452 1063 1513 de
1096 1450 1256 1512 altitudine
1289 1450 1369 1512 aeris
1392 1449 1562 1530 opinionem
1587 1451 1697 1528 (comp.

348 1536 421 1618 Opt.
445 1556 475 1618 p.
497 1535 604 1612 212.);
628 1539 747 1618 probat,
771 1555 847 1620 qnae
872 1540 955 1602 Pena
978 1541 1066 1602 affort
1089 1539 1125 1600 do
1149 1539 1305 1602 itineribus
1327 1539 1516 1619 planetarum
1540 1555 1701 1616 eorumque

347 1627 450 1688 ordine
474 1626 643 1708 Terraeque
667 1636 750 1690 motu
769 1629 849 1690 circa
864 1627 966 1691 Solem
985 1628 1174 1703 immobilem,
1199 1628 1324 1691 fixarum
1347 1635 1453 1704 contra
1477 1633 1589 1688 motum
1613 1627 1699 1686 inae-

346 1715 478 1794 qualem,
504 1733 591 1796 quem
607 1715 689 1776 Pena
703 1717 811 1797 opticie
830 1717 962 1779 adstruit
979 1717 1154 1791 rationibus,
1180 1724 1289 1795 nogat;
1315 1713 1512 1796 Oopernicunr
1531 1714 1701 1776 Ptolemaei

349 1801 472 1876 „Eunae
496 1803 697 1886 hypothesin“
722 1805 947 1885 impugnantem
971 1815 1078 1869 eontra
1092 1805 1207 1866 Ponam
1230 1805 1379 1879 defendit;
1404 1802 1597 1882 argumentis,
1622 1817 1699 1882 qnae

345 1891 430 1952 Pena
452 1905 557 1952 contra
575 1892 753 1954 Aristotelis
778 1895 938 1973 sphaeram
960 1895 1039 1974 ignis
1062 1893 1187 1973 profert,
1212 1893 1274 1954 alia
1296 1893 1383 1954 addit
1396 1892 1545 1970 Keplerus
1570 1893 1701 1962 firmiora

343 1978 444 2040 Penas
468 1980 668 2058 argumentis,
703 1982 752 2061 qui
782 1982 888 2043 iterurn
913 1990 1005 2062 nogat
1027 1983 1225 2045 retractiones
1248 1981 1278 2042 in
1303 1982 1399 2042 coelo.
1445 1981 1491 2041 De
1515 1988 1700 2041 cometarum

344 2073 455 2128 natura
483 2067 585 2128 Ponae
618 2070 799 2130 seutentiam
831 2088 891 2131 nou
924 2071 1013 2150 plane
1045 2069 1238 2149 rejiciendam
1269 2078 1374 2133 censet
1400 2070 1568 2148 nanterus,
1602 2085 1699 2147 noque

343 2152 426 2215 illam
458 2154 494 2216 de
518 2155 710 2252 vialactea;
740 2175 816 2236 quae
840 2175 910 2220 vero
934 2158 985 2220 illo
1009 2159 1152 2220 derisus
1176 2158 1447 2238 ratioueproiert,
1476 2159 1565 2237 plane
1590 2156 1697 2235 rejicit,

343 2241 382 2302 ad
407 2259 444 2303 ea
466 2242 649 2321 respiciens,¹
665 2262 741 2330 quae
764 2243 794 2306 in
819 2243 931 2325 Optica
955 2247 991 2307 de
1015 2247 1081 2308 visu
1104 2247 1234 2308 dixerat.

431 2329 519 2404 Hinc,
543 2331 635 2393 misso
659 2319 751 2408 Pena,
777 2333 1082 2414 transitKeplorus
1073 2356 1103 2396 rn
1127 2335 1315 2416 praelatione
1338 2351 1396 2394 sua
1418 2333 1457 2395 ad
1476 2332 1698 2404 Galilaeum,

343 2418 477 2480 referens
501 2438 551 2494 ea,
577 2437 653 2499 quae
676 2421 776 2485 illoc.
801 2423 889 2484 linem
921 2423 991 2484 anni
1020 2419 1101 2487 1610
1125 2433 1157 2485 et
1179 2424 1264 2486 initio
1293 2423 1364 2485 anui
1387 2422 1540 2503 sequentis
1566 2437 1645 2482 nova
1667 2421 1697 2480 in

343 2505 427 2567 coelo
452 2506 516 2568 tubi
540 2507 632 2587 optici
655 2527 711 2588 ope
735 2511 903 2587 detexerat,
926 2513 1101 2593 praemissis
1120 2511 1234 2592 paucis,
1258 2530 1334 2592 quae
1357 2511 1394 2573 de
1418 2509 1597 2592 prioribus'
1588 2527 1698 2570 ruvon-

273 2607 292 2642 ὑ
343 2594 476 2658 tionibus
493 2593 656 2658 Galilaei
648 2617 676 2659 m
700 2598 851 2678 publicum
875 2601 1058 2680 prodierant
1097 2599 1182 2672 Quae
1207 2619 1296 2681 quum
1317 2599 1440 2703 propius
1463 2600 1635 2680 pertineant
1658 2597 1699 2658 ad

344 2683 480 2758 libellos,
516 2702 589 2765 quos
619 2687 882 2764 supradiximus,
914 2689 1236 2770 KepleriDioptricae
1260 2689 1464 2769 praemissos,
1496 2688 1580 2749 illam
1604 2703 1696 2765 prae-

347 2772 472 2834 tationis
507 2773 545 2834 ad
569 2773 756 2853 Dioptricam
780 2785 897 2854 partem
926 2778 965 2839 ab
997 2779 1054 2840 hac
1082 2777 1300 2860 sejungendum
1327 2778 1447 2858 illisque
1479 2777 1589 2840 libellis
1621 2791 1695 2836 eeu

340 2859 528 2939 jungendam
553 2863 731 2937 consuimus,
755 2865 805 2944 qui
825 2864 890 2945 jam
913 2865 1090 2944 respiciendi
1114 2875 1195 2928 sunt.

433 2949 524 3011 Anno
551 2945 635 3013 1609
659 2951 740 3014 circa
763 2972 896 3016 mensem
918 2955 1033 3034 Majum
1058 2953 1254 3018 Galilaous
1277 2953 1416 3016 nuncium
1440 2952 1558 3032 accepit
1580 2952 1696 3014 inventi

343 3036 372 3097 in
396 3035 504 3116 Belgis
528 3037 727 3119 „perspicilli,
753 3041 837 3121 qu'us
861 3042 1004 3128 beneficio
1029 3043 1150 3123 objecta
1172 3041 1306 3106 visibilia
1329 3042 1401 3104 licet
1424 3043 1462 3103 ab
1486 3041 1606 3104 oculo
1596 3041 1695 3120 ruspi-

344 3123 451 3186 cientie
474 3125 564 3204 longe
588 3127 698 3190 dissita
720 3129 764 3192 nti
786 3131 953 3211 propinqua
981 3131 1123 3194 distincto
1155 3131 1386 3193 cernebanturst‘
1432 3129 1566 3194 Jacobus
1589 3129 1693 3190 Bndo·

252 3291 256 3295 ι
343 3230 413 3272 vere
443 3212 552 3275 nobilis
577 3211 686 3278 Gallus
715 3218 812 3280 literis
836 3219 874 3281 ad
899 3217 1070 3282 Galilaoum
1094 3219 1221 3283 Parisiis
1253 3219 1334 3282 datis
1366 3219 1422 3282 hoo
1454 3218 1641 3280 confirmavit
1664 3223 1697 3278 et

346 3299 396 3373 ,in
421 3319 515 3363 causa
539 3302 604 3376 luit,
630 3311 664 3365 ut
687 3306 727 3367 ad
751 3308 883 3370 rationes
906 3307 1100 3388 inquirendas
1123 3327 1260 3371 necnon
1284 3307 1385 3370 media
1407 3308 1615 3386 excogitanda,
1640 3323 1705 3386 per,

344 3406 422 3467 quae
447 3388 485 3449 ad
509 3390 677 3454 consimilis
700 3395 804 3472 organi
827 3397 1030 3460 inventionem
1054 3398 1226 3472 deveniret,
1260 3396 1419 3459 Galilaeus
1443 3415 1476 3458 se
1499 3403 1596 3457 totum
1620 3413 1694 3457 con·-

341 3483 485 3538 verteret.
491 3475 506 3506 ‘⁴
554 3475 667 3557 Optica
699 3482 773 3544 duce
805 3485 934 3547 coniecit
966 3483 1125 3548 Galilaoue
1158 3487 1262 3549 tubum
1297 3486 1393 3566 primo
1434 3483 1623 3563 plumbeum,
1664 3484 1695 3544 in

341 3564 427 3644 cujus
452 3567 696 3630 extremitatibus
719 3569 817 3632 vitrea
841 3571 899 3634 duo
923 3574 1116 3655 perspieilla,
1151 3575 1240 3637 ambo
1273 3593 1311 3637 ex
1345 3575 1442 3636 altera
1473 3579 1560 3651 parts
1592 3573 1693 3653 plana,

343 3671 380 3714 ox
405 3654 503 3716 altera
526 3672 599 3716 vero
622 3675 712 3719 unum
739 3659 899 3738 sphaerico
931 3681 1111 3738 convexum,
1146 3665 1271 3726 alterum
1304 3681 1375 3726 vero
1407 3680 1532 3736 carum,
1566 3662 1694 3742 aptavit.

341 3743 407 3804 Hoc
430 3741 630 3806 instrumento
654 3746 774 3826 objecta
797 3747 886 3827 triplo
909 3751 1025 3831 majora
1049 3752 1254 3832 apparebant,
1287 3753 1487 3815 instrumento
1510 3769 1582 3812 voro
1605 3757 1694 3828 post-

343 3830 400 3893 hac
424 3833 582 3912 coniecto,
615 3836 776 3916 sexagies,
802 3837 862 3900 alio
887 3839 1089 3915 „excelleuti“
1124 3840 1234 3903 millies
1262 3841 1342 3919 fere,
1375 3859 1464 3922 quam
1493 3838 1519 3900 si
1544 3835 1697 3914 ,naturali

342 3927 461 3982 tantum
486 3921 632 3984 facultate
656 3925 861 4003 spectentur.“
1089 3939 1092 3948 ’

428 4009 496 4070 Hoc
521 4029 591 4071 usus
615 4011 814 4076 instrumento
846 4014 876 4076 in
909 4017 1024 4080 coelum
1055 4017 1157 4079 oculos
1180 4015 1330 4080 convertit
1353 4014 1532 4088 Galilaous,
1569 4015 1696 4096 primum

339 4099 467 4170 Lunam,
492 4098 600 4160 deindo
625 4101 732 4163 stellas
755 4103 831 4165 lixas
855 4113 887 4166 ot
908 4105 988 4167 viam
1007 4105 1146 4175 lacteam,
1171 4105 1297 4185 deniquo
1321 4106 1461 4184 planetas
1485 4111 1517 4167 ot
1539 4106 1618 4168 inter
1642 4123 1696 4166 eos

344 4187 507 4266 praecipue
540 4185 649 4250 Jovem
681 4189 855 4256 observans.
906 4192 991 4264 Quae
1023 4195 1082 4274 ipsi
1114 4195 1170 4256 bac
1203 4196 1317 4257 ratione
1351 4203 1553 4274 apparuerunt
1583 4193 1695 4275 publici

337 4275 416 4355 J'uris
440 4275 512 4338 iecit
534 4275 564 4338 iu
588 4279 730 4356 opusculo
757 4279 810 4342 illo
833 4281 961 4358 celebri,
996 4285 1075 4365 quod
1098 4283 1271 4362 inscripsit:
1304 4281 1483 4346 Siderous
1506 4283 1695 4360 Nuncius,

340 4383 451 4444 magna
483 4365 630 4444 longeque
664 4367 854 4431 admirabilia
877 4371 1054 4451 spectacula
1077 4372 1226 4450 pandens,
1251 4371 1500 4452 suspiciendaquo
1524 4390 1696 4453 proponens

344 4453 520 4533 unicuique,
548 4456 726 4533 praesertim
749 4473 822 4519 vero
844 4459 1032 4539 philosophis
1055 4470 1146 4540 atque
1169 4459 1369 4536 astronomis,
1399 4479 1475 4540 quae
1499 4483 1519 4524 a
1541 4461 1695 4524 Galileo

341 4539 507 4618 Galileo,
533 4542 660 4623 patricio
675 4545 858 4644 Florentino,
883 4547 1024 4610 Patavini
1039 4549 1187 4631 gymnasii
1210 4549 1329 4630 publico
1353 4551 1578 4627 mathematico,
1602 4551 1694 4614 Por·

341 4629 502 4708 spicilli,
528 4649 622 4711 uupor
645 4653 664 4694 a
686 4651 720 4693 so
744 4607 869 4714 reperti,
895 4635 1038 4697 beneficio
1062 4645 1134 4699 sunt
1156 4636 1351 4700 observata
1342 4659 1373 4701 m
1386 4637 1505 4706 Lunae
1516 4641 1602 4714 facio,
1627 4641 1696 4704 lixis

340 4717 513 4795 innumeris,
537 4719 637 4782 lacteo
658 4720 779 4796 circulo,
804 4723 1079 4799 stellisuebulosis,
1105 4725 1696 4809 opprimereroiuquatuorplanotis

300 4896 312 4908 ,
342 4803 422 4870 circa
443 4806 464 4868 J
470 4826 550 4870 orrs
574 4809 709 4884 stollam,
740 4810 910 4891 disparibus
933 4812 1101 4877 intervallis
1125 4823 1214 4896 atque
1228 4813 1362 4895 periodis
1372 4815 1542 4881 calutate
1565 4817 1695 4880 mirabili
