3648 5530
643 314 699 353 cum
716 299 815 354 Nuncio
826 299 945 354 didaces.
1212 337 1215 342 ·
1441 300 1509 372 ⁴95

151 475 329 539 strationem
356 477 581 540 intervallorum
606 485 637 540 et
665 479 880 558 magnitudinis
905 479 994 544 trium
1022 497 1195 560 corporum,
1221 479 1320 554 Solis,
1344 483 1450 546 Lunae
1475 491 1507 546 et

151 565 274 628 Terrae.
312 567 535 630 Diametrornm
556 567 633 629 enirn
649 566 731 630 Solis
746 575 778 629 et
797 569 901 630 Lunae
921 569 1119 633 differentiam
1139 569 1315 632 variabilem
1338 571 1506 652 digitosque

150 655 179 716 in
199 655 285 717 Luna
309 656 481 718 deficientes
500 675 587 718 nemo
612 658 747 719 exactius
771 651 949 734 numerabit,
974 660 1032 721 nisi
1055 660 1104 739 qui
1129 667 1180 721 tuo
1202 659 1367 722 instructus
1392 662 1505 723 oculari

133 743 339 823 diligentiam
361 745 391 805 in
415 746 604 808 observando
628 746 808 809 adhibuerit.
848 745 919 810 Stet
940 748 1034 827 igitur
1049 746 1205 810 Galilaens
1226 748 1316 826 juxta
1331 749 1505 828 Keplerum,

151 833 201 896 ille
216 833 331 895 Lunam
351 833 517 897 observans
536 852 681 896 converso
696 835 727 896 iu
742 836 858 898 coelum
873 837 966 908 vultu,
982 837 1029 898 hic
1045 836 1156 912 Solem,
1179 855 1303 897 aversus
1318 836 1347 897 in
1363 838 1506 900 tabellam

152 923 202 994 (ne
222 923 338 985 oculum
358 929 427 985 urat
452 923 625 1004 specillum)
648 943 703 984 suo
722 929 846 1003 uterque
866 925 1002 1001 artificio,
1028 933 1110 988 etex
1130 927 1186 987 bac
1207 925 1354 987 societate
1377 928 1508 1005 prodeat

151 1011 220 1073 olim
244 1011 425 1073 nitidissima
449 1013 674 1074 intervallorum
699 1014 844 1074 doctriua.
886 1012 965 1084 Quin
990 1015 1081 1076 etiam
1105 1015 1242 1095 (praeter
1265 1014 1397 1088 Lunam)
1421 1017 1506 1078 Mer-

151 1099 262 1162 curium
285 1100 382 1179 ipsum
407 1101 435 1162 in
467 1101 550 1163 disco
574 1099 656 1162 Solis
680 1101 735 1162 boc
765 1121 832 1164 meo
866 1102 992 1164 artificio
1028 1103 1105 1164 vidi:
1139 1103 1207 1190 vido
1232 1102 1365 1165 libellum
1388 1103 1445 1165 bac
1470 1105 1506 1166 de

151 1207 182 1249 re
207 1188 330 1251 editum.
367 1191 433 1253 Neu
457 1190 555 1252 minus
579 1189 678 1265 etiam,
705 1189 730 1251 si
751 1199 870 1251 cometa
893 1190 1041 1270 quispiam
1062 1191 1218 1265 effulserit,
1242 1192 1415 1270 parallaxes
1440 1193 1506 1272 ejus

151 1279 200 1350 (ut
233 1287 264 1338 et
294 1279 414 1352 Lunae)
449 1279 487 1340 ad
525 1279 663 1344 stellulas
696 1279 765 1340 illas
802 1279 1019 1342 minutissimas
1049 1289 1081 1341 et
1112 1280 1324 1352 creberrimas,
1359 1282 1423 1343 solo
1454 1289 1506 1344 tuo

45 1433 49 1438 ,
150 1367 348 1428 instrumento
372 1367 559 1446 conspicuas,
585 1367 724 1442 collatae,
745 1369 898 1431 observari
918 1368 1085 1430 rectissime
1100 1374 1260 1447 poterunt:
1281 1369 1444 1449 exquibus
1469 1372 1506 1432 de

152 1455 311 1518 altitudine
326 1473 482 1536 corporum
497 1457 613 1518 illorum
625 1457 746 1531 certius,
763 1475 851 1536 qnam
861 1457 1006 1519 hactenus
1021 1476 1159 1538 unquam,
1176 1457 1282 1520 licebit
1294 1458 1518 1536 argumentari..

244 1547 346 1624 Atque
371 1547 445 1608 haec
469 1554 567 1607 tecum
585 1543 723 1606 Galilaea
746 1546 785 1607 ad
807 1546 935 1625 primum
960 1545 1053 1609 libelli
1074 1546 1117 1608 tui
1137 1553 1229 1626 capnt
1252 1547 1386 1608 conferre
1410 1547 1507 1609 libuit.

243 1633 366 1695 Transis
400 1636 532 1696 secundo
565 1634 603 1695 sd
642 1633 892 1714 phaenomena
925 1635 1089 1697 Lunaria
1126 1634 1409 1715 praestantissima:
1450 1656 1508 1716 qua

153 1721 304 1787 mentione
328 1722 453 1784 reiricas
478 1723 549 1785 mihi
573 1723 746 1786 memoriam
770 1741 882 1800 comm,
908 1743 983 1804 quae
1007 1724 1036 1784 in
1056 1724 1269 1786 Astronomiae
1292 1733 1379 1803 parte
1395 1723 1508 1805 Optica

156 1809 232 1891 Cap.
247 1811 303 1872 Vl.
320 1813 358 1872 do
374 1813 439 1874 luce
455 1812 595 1885 siderum,
614 1809 719 1876 Nro.9
735 1831 824 1894 super
837 1813 962 1875 maculis
976 1813 1081 1874 Lunae
1101 1833 1138 1873 ex
1156 1813 1329 1886 Plutarcho,
1343 1814 1507 1876 Maestlino

154 1900 286 1979 meisque
310 1901 522 1979 experimentis
545 1901 666 1963 adduxi.

242 1987 289 2050 Ac
318 1989 403 2051 initio
436 2008 579 2069 perquam
606 1990 770 2068 jucundum
802 1997 869 2064 est,
904 1997 1012 2052 etune
1043 1989 1141 2070 ipsum
1172 1989 1202 2051 in
1233 1990 1370 2069 ejusdem
1402 1991 1507 2052 Lunae

153 2077 291 2153 maculis,
316 2097 374 2140 non
398 2085 432 2140 nt
454 2087 485 2140 tn
510 2096 655 2141 converso
683 2079 737 2142 sed
770 2097 877 2141 averso
910 2081 994 2142 vultu
1023 2078 1219 2141 observandis
1243 2098 1310 2140 esse
1340 2085 1505 2142 versatum.

154 2165 284 2228 Schema
308 2167 394 2246 hujus
417 2168 459 2229 rei
483 2168 578 2229 habes
601 2187 630 2247 p.
656 2165 721 2232 284
744 2166 802 2230 mei
827 2167 907 2242 libri,
938 2187 976 2228 ex
999 2186 1056 2247 qno
1081 2167 1155 2230 illud
1176 2175 1272 2247 patet,
1297 2167 1369 2228 mibi
1393 2186 1508 2248 qnoque

153 2254 277 2316 limbum
290 2255 394 2317 Lunae
410 2255 585 2336 apparuisse
606 2257 822 2319 lucidissimum
841 2257 981 2338 undique,
1003 2258 1099 2318 solum
1115 2259 1222 2336 corpus
1241 2256 1366 2318 interius
1382 2255 1508 2318 maculis

155 2342 247 2404 luisse
271 2343 453 2416 distinctum.
471 2341 495 2419 ⁷)
536 2345 584 2406 Ex
604 2363 639 2405 eo
659 2346 741 2408 subit
755 2344 894 2419 animum,
920 2352 1037 2407 certare
1061 2352 1161 2408 tecum
1180 2347 1209 2407 in
1233 2345 1424 2425 pervidendis
1448 2345 1509 2406 illis

152 2432 273 2495 rninntis
305 2433 430 2496 maculis
454 2453 473 2496 a
496 2442 526 2495 te
559 2435 685 2513 primum
714 2435 744 2495 in
771 2441 858 2513 parte
891 2434 1033 2496 lucidiore
1068 2435 1295 2497 animadversis.
1342 2434 1376 2495 Id
1408 2442 1509 2495 autern

152 2521 209 2582 hoo
239 2529 329 2602 pacto
362 2541 408 2584 rna
442 2537 530 2602 spero
559 2524 761 2603 perfecturum
794 2541 861 2583 mea
890 2523 1071 2585 observandi
1101 2523 1236 2598 ratione,
1270 2523 1355 2584 vultu
1379 2543 1398 2582 a
1421 2523 1509 2584 Luna

153 2629 269 2685 averso,
295 2611 321 2673 si
336 2611 439 2673 Lunae
464 2613 562 2675 lumen
581 2631 635 2692 per
659 2613 791 2674 toramen
816 2612 845 2672 in
870 2613 1016 2674 tabellam
1041 2612 1157 2691 pertica
1180 2611 1385 2673 circumlatam
1408 2611 1506 2672 intro-

154 2698 277 2774 misero‚
307 2701 351 2762 sic
375 2707 474 2762 tanuen
499 2709 532 2763 ut
561 2703 693 2762 foramen
727 2701 862 2762 obvallet
889 2701 954 2762 lens
979 2700 1171 2782 crystallina,
1196 2699 1352 2780 sphaerico
1386 2699 1509 2761 maximi

154 2787 257 2850 circuli
279 2789 379 2868 gibbo,
405 2797 437 2850 et
460 2791 576 2852 tabella
599 2790 636 2851 ad
661 2791 757 2852 locum
781 2789 967 2851 collectionis
991 2791 1142 2851 radiorum
1170 2789 1421 2850 accommodetur.
1456 2787 1508 2849 Sic

153 2875 182 2937 iu
205 2879 324 2956 pertica
349 2875 389 2940 12
407 2880 500 2958 pedes
525 2881 614 2960 longa
632 2879 737 2940 Lunae
761 2895 867 2957 corpus
891 2879 1110 2959 perfectissime
1135 2877 1313 2956 depingatur
1337 2877 1523 2955 quantitate·

152 2973 292 3028 monetae
317 2975 478 3045 argenteae
503 2969 637 3048 majoris.
675 2967 844 3031 Artificinm
868 2969 1032 3030 monstravi
1056 2985 1141 3047 prop.
1162 2963 1214 3028 23.
1235 2967 1286 3026 iol.
1301 2963 1375 3040 252,
1396 2971 1427 3026 et
1442 2962 1507 3029 262

152 3054 220 3116 libri
244 3055 321 3130 mei;
350 3055 515 3136 simplicius
547 3065 646 3120 tamen
671 3057 728 3118 luit
753 3056 939 3136 propositum
964 3079 982 3118 a
1006 3057 1100 3117 Porta
1121 3055 1217 3135 primo
1243 3054 1334 3116 titulo
1359 3072 1424 3133 cap.
1449 3055 1531 3114 vl..

152 3144 188 3204 de
214 3144 303 3219 lente,
330 3163 395 3206 cum
420 3165 474 3224 ego
499 3147 535 3208 de
558 3146 678 3224 integro
701 3145 791 3225 globo
816 3146 1093 3207 demonstraverim.

240 3233 407 3312 Pergamus
432 3233 571 3297 Galilaea
594 3244 647 3297 tna
671 3242 810 3296 excutere
833 3234 1049 3313 phaenomena.
1087 3234 1167 3297 Nam
1191 3251 1257 3294 cum
1282 3231 1508 3294 aetateaunaa

153 3322 320 3401 auspicaris
348 3324 511 3386 observata
538 3333 604 3399 tna,
634 3324 819 3405 primumque
847 3323 996 3398 ostendis,
1029 3323 1099 3404 quid
1127 3321 1330 3384 corniculatae
1361 3319 1442 3381 desit
1471 3319 1511 3380 ad

154 3410 249 3472 ovalis
293 3412 389 3473 lineae
424 3414 648 3492 perlectionem.
709 3409 838 3474 Ovalem
876 3431 943 3472 esse
983 3412 1114 3492 speciem
1152 3410 1254 3472 circuli
1294 3408 1512 3476 illuminatori,

155 3499 356 3562 demonstravi
380 3501 433 3564 Nn.
458 3499 488 3565 8.
514 3504 564 3564 iol.
590 3499 654 3565 283
684 3501 750 3563 libri
781 3501 859 3562 mei:
894 3509 975 3562 tense
1005 3502 1098 3580 igitur
1122 3507 1154 3561 et
1176 3500 1265 3580 plane
1298 3497 1511 3560 mathematice

156 3588 296 3666 loqueris.
588 3599 592 3610 ·

245 3677 279 3738 In
309 3677 549 3740 consideratione
582 3679 764 3740 macularum
789 3699 806 3738 a
834 3685 864 3739 te
899 3677 1025 3757 primum
1060 3677 1335 3740 animadversamm
1366 3673 1395 3733 in
1423 3679 1511 3751 parte

155 3765 261 3826 Lunae
285 3765 381 3828 lucida
405 3767 523 3828 omnino
548 3767 647 3845 optice
672 3767 861 3829 demonstras
886 3787 923 3828 ex
946 3766 1172 3828 illuminationis
1196 3763 1322 3834 ratione,
1349 3761 1417 3821 illas
1442 3779 1509 3820 esse

155 3851 305 3915 cavitates
339 3856 455 3937 aliquas
485 3875 539 3917 sen
570 3857 730 3935 depressas
763 3855 886 3917 lacunas
916 3856 945 3916 in
973 3854 1086 3916 Lunari
1118 3870 1252 3931 corpore.
1273 3869 1277 3874 ·
1300 3849 1361 3912 Sed
1394 3848 1511 3909 excitas

155 3943 405 4021 disputationem,
437 3944 576 4025 quidnam
601 3945 661 4006 siut
684 3945 755 4005 illae
778 3952 841 4006 tam
870 3945 992 4006 crebrae
1017 3944 1121 4005 Lunae
1145 3940 1280 4002 maculae
1308 3937 1405 4017 partis
1429 3937 1511 3997 anti-

154 4031 255 4111 quitus
279 4032 396 4094 lucidae
419 4040 555 4113 putatae.
594 4034 638 4095 Tu
663 4053 715 4094 eas
739 4051 804 4094 curn
828 4033 957 4095 vallibus
981 4051 1138 4112 comparas
1162 4037 1284 4090 nostrae
1309 4025 1455 4098 Telluris3
1480 4034 1512 4085 et

155 4121 267 4196 fateor,
302 4141 370 4183 esse
402 4123 561 4184 nonnullas
595 4121 766 4201 hujusmodi
798 4122 912 4190 valles,
945 4121 1124 4201 praesertim
1154 4118 1183 4179 in
1214 4115 1319 4196 Styria
1348 4113 1510 4193 provincia,
1551 4175 1555 4181 ,

154 4209 255 4290 specie
287 4212 371 4289 quasi
405 4211 569 4285 rotundas¹
605 4211 741 4272 faucibus
771 4211 994 4290 angustissimis
1032 4209 1153 4271 fluvium
1183 4207 1301 4267 Muram
1332 4203 1512 4284 recipientes

154 4316 255 4377 snpra,
281 4300 454 4361 emittentes
478 4300 571 4374 inira,
598 4306 631 4361 ut
654 4307 725 4360 sunt
752 4300 849 4379 campi
874 4299 945 4360 dicti
971 4295 1164 4366 Graecensis,
1187 4291 1393 4367 Libniceusis‚
1418 4299 1450 4352 et
1473 4291 1510 4352 ad

154 4387 288 4448 Dravum
312 4389 551 4468 Marpurgensis,
577 4388 685 4468 aliique
699 4407 754 4467 per
774 4389 850 4450 alias
867 4388 1016 4467 regiones,
1043 4405 1116 4466 qnos
1139 4384 1250 4445 circum
1274 4399 1397 4460 campos
1421 4379 1509 4440 altis-

154 4475 232 4536 sima
265 4485 449 4556 consurgunt
479 4477 623 4539 montium
653 4477 746 4557 juga,
780 4476 910 4556 speciem
928 4476 1032 4546 ‚aheni
1065 4471 1280 4553 exprimentia3
1313 4469 1422 4550 quippe
1453 4487 1513 4530 non

154 4563 277 4624 minima
301 4582 372 4643 pars
400 4565 568 4628 latitudinis
597 4583 769 4644 camporum
794 4573 843 4626 est
870 4564 999 4626 altitudo
1028 4561 1286 4640 circumjectarum
1316 4557 1511 4637 crepidinnm.

155 4651 303 4732 Equidem
337 4655 454 4729 fateor,
489 4663 521 4716 et
553 4655 632 4716 tales
660 4653 689 4714 in
714 4653 801 4715 Luna
833 4654 930 4714 valles
963 4672 1031 4713 esse
1064 4669 1173 4730 posse,
1206 4645 1337 4708 sinuosis
1370 4645 1512 4708 montium

157 4741 324 4802 recessibus
347 4751 471 4823 propter
495 4742 601 4805 fluvios
626 4748 803 4803 excavatas.
849 4743 894 4803 At
916 4742 986 4821 qnia
1010 4741 1106 4812 addis,
1130 4745 1193 4799 tam
1218 4736 1341 4798 crebras
1364 4755 1431 4798 esse
1456 4736 1511 4796 has
1588 4822 1590 4828 Ι

155 4828 299 4898 maculas,
323 4838 357 4891 nt
379 4831 549 4892 assimilent
571 4830 700 4892 lucidam
724 4837 840 4909 partem
864 4829 998 4908 corporis
1021 4827 1151 4889 Lunaris
1179 4825 1293 4888 caudae
1321 4822 1511 4904 panoniam
