3464 5524
329 275 373 346 oe
744 279 1255 344 mamone-m·

329 456 444 506 ens.
474 447 1671 518 mummmmrmmeemmanffiunninr

330 525 1314 582 estin-eninmutmdinrnonmmiutmdinntnsnn.
1337 521 1670 586 rebquirerortdiiomnss

329 597 477 646 diamennm
495 605 584 646 secem
601 597 709 659 proxime
728 596 793 643 intra
810 603 929 657 punctum
947 601 1050 659 quartae
1069 594 1085 642 λ
1102 611 1149 644 uec
1167 596 1347 644 nascenduut
1363 593 1432 648 iiiud.
1450 592 1514 656 quod
1528 593 1563 640 sio
1581 591 1670 640 deuson-

329 675 396 716 rtro:
418 667 478 716 heo
502 666 769 729 radiusSolarisdy‚
792 667 834 729 qui
857 665 1112 728 incidatinspecuii
1136 664 1433 716 tundumiutruGiiet
1456 663 1671 712 redonatarine.

329 737 394 788 Dico
412 745 531 802 punctum
548 739 728 786 incantacionis
747 736 863 786 eoadem
880 738 1075 800 intraquerta·
1092 735 1243 788 diamenii.
1270 736 1385 788 Daootur
1402 736 1468 784 euin
1486 741 1671 784 moesone

329 809 423 872 speculi
442 811 464 857 A
483 809 516 858 od
534 815 652 871 punctum
669 806 819 856 incidentiae
837 822 866 871 y,
884 809 997 870 quaesit
1015 810 1065 872 dr,
1088 822 1168 872 eoque
1190 808 1303 856 ia'iariaru
1320 810 1419 858 secetm
1436 807 1463 856 iu
1479 805 1510 860 d.
1527 805 1574 854 erit
1589 805 1672 868 eugub

329 881 389 944 pyt
407 879 518 942 aequalis
536 887 589 926 tum
607 879 713 943 angulus
732 879 786 942 dyo
806 875 895 938 (vicoli
923 877 956 934 Υ.
978 877 1031 938 10),
1051 887 1103 926 cnm
1122 878 1227 944 auguius
1244 881 1300 942 yde
1319 877 1401 940 (Euci.
1420 877 1443 932 1.
1463 873 1518 936 29).
1550 873 1634 934 ‚Quare
1650 876 1672 924 iu

330 945 366 1009 Δ
378 952 433 1015 γΔε
452 949 537 1012 unguii
550 951 583 1003 A.
596 961 615 1012 γ
632 955 691 996 suot
709 947 835 1012 oeqnnles.
854 955 881 998 et
893 947 973 1008 (Eucb
989 948 1010 1004 1.
1024 947 1052 1008 6)
1066 949 1148 998 iacere
1158 953 1188 1000 iis
1207 951 1318 1012 opposita
1330 962 1372 1013 γε.
1392 950 1427 997 de
1441 949 1505 996 inter
1516 960 1544 996 se
1559 945 1671 1008 aquilin

330 1021 388 1078 iam
405 1021 465 1083 quia
481 1020 529 1068 duo
542 1019 622 1068 ittera
639 1023 686 1076 Δε,
704 1031 737 1082 εγ
749 1019 821 1068 timui
837 1027 920 1068 sumtu
936 1023 1032 1081 majore
1049 1027 1108 1068 tunt
1125 1023 1259 1083 tertioAy,
1278 1021 1325 1070 ecit
1342 1027 1370 1070 et
1385 1018 1510 1082 nigilionis
1528 1015 1567 1065 rel
1583 1017 1673 1064 seorsim

330 1090 820 1152 lemosinajnsdinidisbaseae.
858 1090 1006 1142 cnm
1027 1091 1288 1154 macieque&
1315 1086 1470 1147 mmai.
1498 1089 1558 1152 qaia
1579 1093 1673 1150 utraque

330 1162 484 1216 semiredius.
504 1175 562 1226 ergo
580 1163 617 1210 Δε
644 1163 724 1222 major
742 1169 781 1210 est
798 1175 873 1224 quam
894 1159 948 1216 ni,
967 1169 994 1210 et
1015 1161 1117 1224 proinde
1143 1171 1262 1226 puuctum
1288 1161 1501 1212 monnone
1526 1157 1594 1208 eadit
1617 1157 1673 1207 inire

329 1240 444 1296 quartam
463 1233 576 1280 diametri
589 1227 614 1289 l,
633 1231 772 1294 ubicunque
790 1241 933 1295 sumotnry
948 1241 1067 1295 punctum
1085 1233 1235 1284 incidentiae
1252 1236 1318 1282 iuter
1332 1232 1354 1281 G
1370 1239 1397 1282 et
1408 1232 1433 1280 Η
1445 1234 1471 1278 iu
1488 1228 1564 1278 iuudo
1581 1229 1672 1292 speculi.

330 1301 367 1352 Ex
385 1317 432 1366 quo
450 1309 530 1365 petet,
549 1301 652 1352 iundnm
670 1301 764 1364 speculi
782 1317 832 1352 uon
854 1305 960 1351 otiosum
978 1317 1047 1354 esse.
1075 1303 1120 1352 ted
1137 1305 1219 1354 radios
1241 1305 1409 1354 tramittere
1425 1315 1509 1352 vasus
1526 1295 1673 1364 quntaml.

329 1388 376 1424 nec
394 1387 478 1422 rerum
496 1387 559 1430 esse,
578 1372 643 1436 quod
660 1379 689 1421 tu
706 1373 822 1435 pntabss,
840 1373 905 1436 quod
926 1375 1052 1436 specuium
1071 1374 1146 1423 tundo
1164 1389 1267 1434 carens,
1285 1375 1371 1424 relicto
1389 1373 1442 1424 solo
1459 1371 1586 1436 margine,
1604 1383 1674 1431 acque

329 1446 418 1494 ronn-
436 1446 536 1494 emittat
554 1443 733 1500 radiationem
751 1459 784 1494 ue
802 1443 894 1500 dicam.
911 1444 977 1507 qnod
993 1443 1100 1494 rodietio
1118 1447 1237 1510 margiu'n
1255 1447 1292 1494 tui
1310 1445 1350 1494 Gi
1367 1445 1441 1508 ionge
1458 1443 1525 1491 intra
1541 1435 1674 1505 qumaml

330 1515 452 1580 colligitur
469 1517 495 1564 in
513 1513 573 1570 uo,
591 1521 621 1564 ut
638 1515 690 1564 iere
708 1515 742 1564 sit
759 1514 869 1572 innu'iis,
887 1529 946 1564 nam
963 1516 1028 1580 ignis
1047 1516 1192 1566 accenditur
1208 1531 1284 1578 supin
1302 1516 1338 1567 0.
1357 1517 1466 1578 proxime
1484 1513 1551 1562 inire
1566 1517 1673 1574 pnoonn

329 1593 434 1650 quartae
453 1581 609 1634 dimetrii.
645 1583 702 1633 Non
720 1585 820 1649 ignoro,
839 1586 859 1633 si
878 1586 1005 1646 speculum
1029 1597 1141 1636 sumetur
1159 1582 1208 1636 ⁹⁰⁰
1224 1587 1262 1635 rei
1282 1585 1354 1642 i2o·.
1377 1586 1515 1650 marginem
1531 1581 1580 1632 BD
1603 1580 1675 1630 radios

329 1657 458 1706 reflectere
475 1658 501 1704 in
519 1654 585 1713 iiii,
613 1655 687 1720 inope
704 1657 771 1704 intre
788 1657 869 1704 iocum
888 1653 918 1702 i:
946 1671 993 1705 uec
1011 1671 1120 1720 uuqnnrn
1139 1659 1247 1708 emerui.
1275 1658 1357 1707 redioe
1376 1671 1393 1706 e
1409 1657 1455 1704 tali
1478 1653 1578 1718 speculo
1600 1663 1675 1699 omnes

329 1741 379 1778 ano
397 1727 452 1776 ioco
471 1727 561 1792 coiiigi,
581 1726 645 1775 alite
669 1726 826 1789 sphaericum
844 1728 878 1775 nii
896 1725 1007 1776 differret
1024 1742 1042 1777 s
1059 1729 1216 1790 parabolico:
1240 1728 1284 1778 sed
1302 1727 1349 1778 boc
1371 1733 1470 1776 nucum
1487 1722 1609 1774 contendo
1626 1735 1674 1770 cun

330 1797 443 1862 Regino.
463 1797 548 1846 sedens
566 1799 630 1862 iguis
643 1811 699 1846 esse
716 1807 830 1861 quartam
849 1797 971 1854 dimetri.
990 1799 1032 1846 nbi
1049 1799 1131 1862 piures
1148 1813 1223 1862 quare
1240 1799 1290 1848 aiio
1301 1799 1350 1848 etio
1362 1799 1387 1846 in
1406 1799 1460 1846 ineo
1478 1795 1569 1846 esteris
1586 1793 1675 1856 paribus

331 1869 395 1917 redii
414 1868 570 1932 colliguntur.
607 1867 681 1918 Hunc
698 1869 775 1932 igitur
791 1883 841 1916 nou
859 1867 977 1932 Magium
995 1865 1072 1932 (quod
1092 1867 1199 1930 sciam).
1217 1871 1262 1920 sed
1280 1883 1328 1934 ego
1346 1883 1377 1920 ex
1393 1867 1487 1932 Optioir
1504 1867 1556 1916 tacit
1572 1869 1675 1916 nurum

323 1941 432 1988 *nomine
450 1939 531 1989 iocum
549 1937 672 1988 hacteuus
691 1937 814 2002 appellari
831 1947 930 2002 propter
946 1941 1003 1996 τίω,
1022 1955 1071 2004 qun
1088 1939 1165 2003 pollet
1181 1941 1207 1990 in
1226 1941 1356 1993 excitando
1374 1939 1441 2004 igue.

419 2027 519 2078 Accidit
537 2041 623 2090 nuper.
643 2041 698 2076 cnm
717 2027 749 2076 ob
767 2027 896 2076 adversum
915 2042 1000 2077 cesum
1023 2028 1219 2077 decumbentium
1238 2029 1297 2078 mibi
1315 2037 1396 2084 esset,
1415 2033 1443 2076 ut
1460 2023 1540 2074 taedii
1558 2021 1675 2070 docebitur

330 2097 432 2147 fodiendi
451 2111 529 2147 causa
547 2099 679 2160 arriperent
703 2097 791 2146 librum
814 2105 884 2146 mum
903 2099 934 2146 de
954 2097 1048 2160 Opticis
1066 2097 1275 2162 Pmiipomenis‚
1304 2102 1374 2162 cnjus
1398 2103 1473 2160 capnt
1499 2095 1604 2158 primunr
1625 2091 1676 2139 dnn

330 2171 453 2218 tuentius
471 2169 637 2232 perlegerem,
664 2177 822 2218 occurrerunt
838 2169 898 2218 mibi
915 2170 1051 2232 quaedem,
1073 2183 1137 2233 qnae
1155 2171 1266 2218 nescibi
1291 2169 1422 2218 cobemre
1439 2181 1487 2216 nec
1510 2163 1609 2214 reritsti
1625 2175 1675 2211 eon

328 2253 417 2304 gruere
435 2241 488 2290 riso
505 2247 571 2288 sont.
596 2237 663 2288 Nem
680 2255 751 2302 prop.
769 2237 793 2285 7.
809 2247 835 2288 et
847 2237 889 2288 26.
910 2242 956 2294 eis.
973 2241 1070 2290 rodinrn
1088 2241 1124 2290 nil
1141 2240 1208 2290 aiiud
1226 2255 1289 2296 esse.
1308 2241 1355 2290 nisi
1372 2247 1466 2289 nomm
1483 2237 1563 2290 lacios
1580 2241 1606 2284 et
1623 2233 1677 2282 citu

329 2323 397 2375 prop.
418 2307 443 2364 i.
472 2324 502 2360 oo
521 2311 542 2358 si
560 2309 607 2358 boc
626 2311 659 2358 ibi
678 2312 881 2368 demonstrasses,
909 2311 973 2374 quod
1000 2319 1087 2360 temen
1107 2327 1157 2362 non
1182 2313 1276 2374 iecisti,
1303 2312 1423 2374 siquiden
1447 2323 1514 2374 prop.
1537 2304 1577 2354 Ψ
1598 2301 1677 2352 seiten

331 2380 451 2444 probasti,
470 2381 536 2445 qnod
552 2379 635 2430 linceo
653 2380 847 2442 ejacniocionnm
862 2381 924 2429 ineis
937 2381 987 2428 sint
999 2390 1091 2430 rectae.
1124 2381 1188 2432 Sunt
1200 2392 1283 2432 entem
1295 2383 1356 2432 redii
1369 2397 1418 2432 nou
1432 2379 1531 2430 effluxio
1544 2377 1594 2425 sire
1606 2381 1677 2421 motus

330 2449 443 2508 luminis.
469 2452 513 2500 sed
540 2451 665 2499 ciburium
693 2453 744 2500 sire
772 2453 912 2500 substantie
938 2451 1025 2501 fluens.
1064 2452 1160 2502 Deinde
1185 2469 1252 2517 prop.
1271 2451 1296 2500 8.
1316 2455 1367 2510 eis,
1394 2459 1487 2500 motum
1513 2461 1569 2499 esec
1595 2446 1676 2494 linem

331 2529 444 2579 rectamc
471 2523 531 2585 qnid
548 2523 624 2586 igitur
641 2523 731 2570 ιοιιιίο
747 2523 775 2572 ἰι
793 2521 900 2586 yrum?
929 2521 995 2572 lium
1014 2531 1041 2572 et
1058 2524 1102 2570 iiie
1124 2524 1191 2573 linea
1216 2531 1299 2577 rents.
1325 2525 1385 2588 quie
1403 2529 1484 2571 notus
1503 2517 1561 2570 est?
1591 2515 1677 2565 Dicitur

330 2592 429 2657 quidem
447 2601 529 2642 motus
548 2593 636 2656 aliquis
654 2591 708 2642 ficri
725 2594 862 2642 secuudum
880 2593 971 2642 buum
989 2601 1100 2650 mcum,
1120 2601 1233 2644 ttamen
1251 2610 1278 2644 re
1296 2596 1351 2658 ipsa
1368 2593 1451 2644 differt
1468 2599 1551 2642 meust
1571 2586 1676 2638 clim?

331 2663 451 2727 siquidem
469 2671 550 2712 motus
569 2671 608 2712 est
625 2664 740 2720 montio,
760 2663 827 2714 iinee
846 2679 901 2713 roro
920 2670 959 2714 est
977 2666 1118 2726 quantitas:
1136 2665 1176 2715 ilie
1195 2673 1233 2714 est
1251 2667 1277 2714 iu
1294 2665 1355 2722 fieri,
1374 2665 1439 2714 bete
1456 2666 1482 2712 iu
1501 2663 1586 2714 tectos
1605 2663 1677 2706 notus
1725 2711 1726 2714 Ἴ

330 2741 369 2782 est
387 2735 412 2782 in
430 2743 549 2797 tempore,
566 2733 635 2782 lineo
652 2749 703 2783 non
721 2735 801 2783 estin
823 2741 940 2798 tempore.
979 2735 1114 2798 eompsm
1131 2737 1165 2784 ibi
1186 2737 1310 2786 radiorum
1333 2736 1526 2798 ejecnlutiouem
1546 2743 1601 2781 euru
1618 2731 1678 2776 motu

329 2804 441 2868 physico,
460 2805 504 2854 sed
522 2804 597 2854 male.
628 2803 694 2853 Nem
713 2805 738 2852 in
756 2813 825 2854 nrotn
843 2805 944 2868 physico
962 2803 1001 2854 e'st
1019 2807 1085 2868 prins
1098 2813 1124 2855 ct
1141 2809 1261 2869 posterius
1280 2809 1375 2856 ratione
1394 2807 1450 2860 ioci.
1470 2812 1511 2853 est
1527 2799 1678 2866 praeteritum

332 2885 360 2926 et
375 2877 486 2926 futurum
504 2878 600 2924 untione
612 2878 745 2938 temporis;
764 2877 789 2924 in
808 2884 877 2924 motu
895 2875 957 2924 lucis
974 2891 1024 2926 non
1038 2884 1076 2926 est
1094 2878 1160 2941 prius
1172 2885 1198 2926 et
1211 2879 1332 2940 posterius
1344 2879 1370 2925 iu
1387 2875 1526 2933 intercedo,
1545 2871 1589 2920 ted
1607 2865 1676 2916 Simil-

329 2945 387 2996 Non
405 2953 445 2996 est
463 2949 624 3012 praeteritum
642 2953 669 2994 et
687 2947 803 3002 tutorum.
822 2948 866 2996 aed
885 2961 979 2998 merum
997 2961 1123 3010 puniens.
1159 2947 1256 2998 Mada
1273 2949 1357 2998 iumen
1374 2947 1464 2996 nebda
1482 2945 1530 2994 cibi
1548 2948 1588 2992 eet
1603 2951 1678 3002 suptr-

330 3017 408 3068 ficies.
429 3032 484 3066 cum
504 3027 589 3066 iernen
608 3018 756 3080 impossibiie
774 3020 821 3074 sit,
844 3018 937 3068 nudam
965 3018 1119 3082 superficiem
1137 3019 1192 3068 sine
1210 3034 1309 3082 corpore
1334 3020 1466 3068 subsistere
1484 3029 1575 3080 posse·
1598 3009 1679 3060 nedum

330 3087 421 3136 moveri
441 3095 486 3137 sot
504 3089 614 3138 effluere.
652 3087 698 3138 Est
716 3088 805 3138 eedem
827 3089 955 3138 individue
978 3089 1113 3138 secondum
1137 3089 1342 3152 profunditatem,
1367 3088 1521 3138 individuum
1545 3091 1626 3133 entem
1642 3091 1679 3142 pet
1724 3111 1725 3137 r

329 3171 357 3206 se
375 3161 466 3207 moreni
485 3173 534 3207 noo
554 3163 644 3221 potest.
686 3157 756 3208 Etsi
775 3167 925 3215 moreretur,
952 3161 1045 3208 nonin
1070 3161 1173 3208 instanti
1199 3169 1282 3223 posset
1308 3161 1458 3225 pertransire
1480 3157 1590 3220 spatium
1612 3152 1679 3200 inter·

329 3227 451 3283 medinm,
478 3229 522 3278 sed
541 3231 683 3278 necessario
701 3231 768 3292 prins
786 3244 830 3293 per
848 3238 932 3292 portos
959 3231 1101 3286 viciniores.
1126 3239 1215 3293 posteo
1238 3247 1282 3294 per
1308 3233 1449 3280 remotiores
1466 3229 1492 3277 ei
1511 3220 1680 3276 monadum

328 3299 408 3356 toret.
437 3299 643 3363 quemadmodum
670 3307 790 3363 punctum
808 3300 885 3363 (quod
903 3306 929 3349 et
955 3301 1034 3363 ipsum
1061 3302 1231 3352 consideratur
1248 3309 1277 3352 ut
1299 3297 1462 3359 individuum)
1485 3313 1534 3348 suo
1555 3296 1621 3346 dm
1636 3301 1680 3339 ¹²⁰¹²

330 3369 392 3420 iacit
410 3371 503 3420 liueem
521 3379 601 3420 cotem
618 3371 690 3420 droul
709 3373 733 3419 in
753 3373 866 3426 instanti.
885 3371 930 3421 sed
947 3374 1084 3422 successive
1109 3381 1205 3435 purtem
1223 3380 1279 3436 post
1297 3381 1405 3436 portem,
1425 3370 1562 3422 secuudum
1580 3365 1643 3430 iifl'ffl
1659 3365 1681 3408 θ*

329 3443 460 3505 posterius.
498 3441 565 3502 Quis
582 3457 639 3490 vero
659 3443 803 3506 experimur,
823 3444 907 3492 iumen
926 3445 1042 3492 emissum
1061 3457 1078 3492 e
1096 3458 1196 3506 corpore
1216 3443 1296 3494 incido
1308 3446 1334 3492 in
1353 3445 1457 3494 instanti
1474 3440 1577 3496 moseri,
1596 3435 1681 3498 optimi

328 3512 353 3561 id
373 3527 422 3560 non
442 3527 496 3562 esse
515 3511 674 3569 individuum,
694 3514 737 3562 sed
751 3514 801 3563 talc
815 3513 882 3577 quid,
901 3513 965 3576 quod
977 3521 1056 3562 totum
1074 3516 1182 3576 specium
1194 3515 1265 3564 simul
1284 3515 1417 3578 adimplere
1433 3519 1527 3578 potest,
1547 3515 1573 3560 et
1590 3501 1681 3571 proinde
1723 3495 1724 3545 ί

330 3583 396 3648 qood
414 3591 465 3632 tres
483 3583 560 3632 babet
584 3583 756 3634 dimensiones.
795 3585 852 3634 Scio
875 3583 1029 3646 superficiem
1051 3585 1186 3634 secundum
1210 3586 1366 3636 latitudinem
1384 3601 1434 3634 nou
1453 3599 1508 3633 esse
1531 3578 1680 3630 individuum.

329 3655 375 3703 sed
395 3655 453 3717 qnia
471 3663 553 3702 motus
579 3654 678 3702 luminis
696 3655 725 3704 fio
743 3669 793 3704 nou
812 3662 910 3703 nutum
932 3656 1067 3704 secundnm
1086 3655 1257 3717 latitudinem,
1275 3658 1319 3708 sed
1338 3660 1414 3710 etism
1436 3655 1573 3707 secondum
1590 3651 1680 3716 profun-

330 3725 448 3779 ditatem.
476 3739 582 3774 necesse
610 3733 649 3774 est
676 3725 760 3774 lumini
788 3733 887 3790 praeter
913 3725 1070 3778 latitudinem
1098 3729 1174 3776 etiem
1201 3737 1341 3792 competere
1368 3729 1572 3794 profunditatem.
1617 3723 1682 3774 rino

332 3797 525 3860 argumentum
546 3796 695 3845 contorium
715 3795 846 3854 efferrem,
872 3797 918 3844 nisi
937 3798 1075 3846 dubitarem
1094 3812 1127 3846 au
1146 3813 1172 3849 re
1191 3814 1250 3848 vera
1276 3809 1373 3850 statuas
1396 3801 1479 3851 lumen
1501 3803 1617 3852 emissum
1634 3806 1682 3844 οὔθ
1722 3825 1723 3844 r

330 3865 499 3930 superficiem:
518 3868 662 3928 praesertim
681 3869 740 3930 quie
756 3883 823 3930 prop.
845 3865 868 3914 1.
883 3877 909 3916 et
926 3866 950 3914 2.
971 3869 1064 3925 icteris,
1083 3867 1163 3917 luceru
1183 3872 1333 3921 considerari
1349 3880 1377 3921 ut
1396 3887 1483 3936 corpus
1502 3869 1680 3938 geometricum·

331 3941 400 4000 culos
412 3937 475 3986 rndii
494 3943 642 4002 sparguntur
653 3939 678 3984 iu
692 3939 774 3986 orbem
786 3939 851 3986 siout
863 3937 978 4001 sphaere.
1007 3937 1039 3987 Et
1055 3954 1121 4002 prop.
1135 3938 1160 3985 7.
1174 3941 1248 3989 radiis
1264 3943 1348 3994 tribuis
1366 3943 1548 4008 longitudinem
1560 3942 1585 3990 b.
1600 3955 1621 3990 e.
1634 3949 1680 4000 pro·

334 4008 484 4058 foeditatem
503 4016 602 4069 praeter
620 4007 783 4070 superficiem.
822 4009 870 4058 Cur
890 4017 973 4058 eutem
992 4010 1049 4057 tlibi
1073 4010 1210 4072 superficiei
1228 4013 1288 4062 illud
1306 4027 1447 4076 comperet.
1467 4029 1518 4064 non
1537 4019 1605 4063 recte
1623 4019 1682 4058 osec

333 4093 402 4143 quor.
439 4077 537 4127 Deinde
556 4093 622 4140 prop.
643 4076 686 4126 26.
705 4080 750 4126 tibi
768 4077 810 4128 iux
828 4094 878 4128 non
897 4087 935 4129 est
953 4081 979 4128 in
997 4079 1072 4129 radiis
1091 4081 1135 4129 sed
1158 4083 1263 4132 transiit
1301 4082 1328 4136 si
1346 4099 1396 4134 uon
1421 4085 1463 4135 iux
1481 4099 1544 4152 ergo
1560 4097 1607 4133 neo
1624 4077 1683 4130 otior

333 4157 371 4198 est
388 4151 413 4198 in
431 4149 515 4197 radiis.
554 4148 681 4206 Quomodo
701 4164 760 4213 ergo
779 4165 823 4213 per
847 4151 1020 4200 retractionem
1042 4153 1080 4199 rel
1105 4151 1262 4203 reflexionem
1287 4156 1430 4206 accenditur
1448 4155 1536 4222 iguis?
1567 4153 1611 4206 Est
1627 4150 1684 4198 cuim

333 4219 458 4269 radiorum
475 4221 567 4272 παθος
594 4219 694 4267 reflexio
714 4228 740 4268 et
761 4222 883 4280 retractio,
901 4237 950 4270 non
969 4221 1064 4270 coloris.
1103 4221 1153 4272 Sed
1174 4221 1238 4274 haec
1259 4226 1393 4276 sufficiunt
1430 4227 1515 4278 Unum
1533 4232 1612 4276 restet
1628 4215 1683 4282 quod

333 4302 461 4355 quaerum.
493 4289 543 4348 Qui
562 4289 598 4342 fic.
617 4303 718 4352 quaeso,
738 4292 801 4354 quod
819 4292 881 4340 radii
900 4290 998 4340 luminis
1016 4293 1154 4342 incidentes
1172 4296 1196 4343 in
1222 4311 1308 4358 corpus
1327 4297 1478 4360 diapbanum
1496 4299 1588 4361 portion
1606 4292 1683 4344 reiriu-

334 4367 427 4424 genter
444 4361 535 4422 partim
553 4359 734 4409 reflectantur?
754 4361 815 4410 Cum
835 4363 900 4411 enim
918 4363 982 4411 idem
1002 4365 1034 4411 sit
1052 4366 1160 4414 omniurn
1178 4364 1301 4416 radiorum
1319 4379 1400 4418 motus
1419 4369 1558 4432 eodemque
1576 4363 1682 4417 essentit-

335 4431 441 4494 eorporis
459 4445 516 4478 uero
535 4429 647 4479 densites
666 4439 818 4494 supponatur
835 4434 926 4496 ubique
945 4435 1056 4497 aequalis
1075 4443 1100 4483 et
1119 4438 1171 4497 ejus
1195 4437 1337 4488 resistentie
1359 4440 1455 4496 endem.
1476 4455 1520 4492 cur
1539 4454 1588 4490 nou
1607 4433 1685 4486 eodem

335 4501 443 4550 omnium
461 4500 585 4549 radiorum
603 4508 642 4549 est
659 4501 762 4564 passio?
789 4501 838 4552 Cur
856 4503 897 4552 olii
917 4505 1098 4569 refringuntur,
1125 4507 1168 4555 eiii
1187 4509 1400 4570 repercutiuntur?
1425 4515 1465 4562 Au
1482 4527 1543 4568 ree-o
1567 4515 1685 4568 cmiv

335 4571 461 4636 potiuntur
479 4569 585 4620 ornnes?
610 4571 667 4622 Nou
685 4571 714 4620 fic
731 4573 791 4622 mibi
808 4573 856 4622 hoc
876 4575 1023 4625 verisimile:
1044 4591 1082 4624 res
1101 4577 1175 4642 igitur
1193 4579 1265 4629 valde
1284 4587 1322 4630 est
1339 4582 1467 4634 intricate

424 4657 481 4707 ium
509 4657 583 4708 finem
611 4659 705 4710 iaciens
733 4661 891 4725 Breopgeros
918 4663 981 4725 petit
999 4677 1015 4712 e
1034 4663 1156 4726 Keplero,
1184 4673 1213 4716 ut
1238 4670 1402 4722 correctiones
1430 4671 1492 4722 dau
1520 4672 1548 4722 in
1573 4661 1686 4732 ryconoir

336 4725 467 4792 Progymn.
488 4723 522 4789 (p.
543 4725 606 4788 267)
628 4730 673 4778 sibi
693 4731 806 4794 explicet.
827 4731 938 4784 addens:
957 4732 995 4782 Tu
1014 4748 1164 4798 quaestore
1182 4739 1249 4798 jure.
1288 4739 1353 4790 Veto
1373 4741 1416 4794 diu
1434 4741 1549 4792 ielioiter.

423 4795 599 4850 Keuffbitrune
617 4798 643 4848 8.
664 4799 717 4850 Coi·
737 4801 795 4854 Jou-
817 4799 893 4851 1608.
