<?xml version="1.0" encoding="UTF-8"?>
<!DOCTYPE html PUBLIC "-//W3C//DTD XHTML 1.0 Transitional//EN"
    "http://www.w3.org/TR/xhtml1/DTD/xhtml1-transitional.dtd">
<html xmlns="http://www.w3.org/1999/xhtml" xml:lang="en" lang="en">
 <head>
  <title>
</title>
<meta http-equiv="Content-Type" content="text/html;charset=utf-8" />
  <meta name='ocr-system' content='tesseract 3.04.00' />
  <meta name='ocr-capabilities' content='ocr_page ocr_carea ocr_par ocr_line ocrx_word'/>
</head>
<body>
  <div class='ocr_page' id='page_1' title='image "./joanniskepleria02unkngoog/joanniskepleria02unkngoog_0519.png"; bbox 0 0 3648 5530; ppageno 0'>
   <div class='ocr_carea' id='block_1_1' title="bbox 725 431 1258 495">
    <p class='ocr_par' dir='ltr' id='par_1_1' title="bbox 725 431 1258 495">
     <span class='ocr_line' id='line_1_1' title="bbox 725 431 1258 495; baseline 0.002 -3"><span class='ocrx_word' id='word_1_1' title='bbox 725 432 778 492; x_wconf 79' lang='lat' dir='ltr'><strong>Ab</strong></span> <span class='ocrx_word' id='word_1_2' title='bbox 801 431 1008 494; x_wconf 73' lang='lat' dir='ltr'><strong>merom</strong></span> <span class='ocrx_word' id='word_1_3' title='bbox 1030 431 1258 495; x_wconf 71' lang='lat' dir='ltr'><strong>malumno.</strong></span> 
     </span>
    </p>
   </div>
   <div class='ocr_carea' id='block_1_2' title="bbox 933 562 1064 570">
    <p class='ocr_par' dir='ltr' id='par_1_2' title="bbox 933 562 1064 570">
     <span class='ocr_line' id='line_1_2' title="bbox 933 562 1064 570; baseline 0.015 -2"><span class='ocrx_word' id='word_1_4' title='bbox 933 562 1064 570; x_wconf 86' lang='lat'><strong>——-</strong></span> 
     </span>
    </p>
   </div>
   <div class='ocr_carea' id='block_1_3' title="bbox 308 621 1687 3541">
    <p class='ocr_par' dir='ltr' id='par_1_3' title="bbox 317 621 1687 972">
     <span class='ocr_line' id='line_1_3' title="bbox 410 621 1675 704; baseline -0.005 -16"><span class='ocrx_word' id='word_1_5' title='bbox 410 624 485 688; x_wconf 86' lang='lat' dir='ltr'><strong>Cam</strong></span> <span class='ocrx_word' id='word_1_6' title='bbox 508 623 594 686; x_wconf 89' lang='lat' dir='ltr'><strong>multi</strong></span> <span class='ocrx_word' id='word_1_7' title='bbox 616 625 798 687; x_wconf 90' lang='lat' dir='ltr'><strong>sententiam</strong></span> <span class='ocrx_word' id='word_1_8' title='bbox 821 645 916 687; x_wconf 89' lang='lat' dir='ltr'><strong>meam</strong></span> <span class='ocrx_word' id='word_1_9' title='bbox 941 644 1031 704; x_wconf 89' lang='lat' dir='ltr'><strong>super</strong></span> <span class='ocrx_word' id='word_1_10' title='bbox 1055 625 1188 687; x_wconf 89' lang='lat' dir='ltr'><strong>Galilaei</strong></span> <span class='ocrx_word' id='word_1_11' title='bbox 1202 623 1319 687; x_wconf 90' lang='lat' dir='ltr'><strong>Nuncio</strong></span> <span class='ocrx_word' id='word_1_12' title='bbox 1335 621 1460 684; x_wconf 88' lang='lat' dir='ltr'><strong>Sidereo</strong></span> <span class='ocrx_word' id='word_1_13' title='bbox 1485 629 1675 702; x_wconf 79' lang='lat' dir='ltr'>expeterent,</span> 
     </span>
     <span class='ocr_line' id='line_1_4' title="bbox 322 708 1675 795; baseline -0.004 -18"><span class='ocrx_word' id='word_1_14' title='bbox 322 715 431 777; x_wconf 87' lang='lat' dir='ltr'><strong>satisfa</strong></span> <span class='ocrx_word' id='word_1_15' title='bbox 433 733 500 776; x_wconf 91' lang='lat' dir='ltr'><strong>cere</strong></span> <span class='ocrx_word' id='word_1_16' title='bbox 524 713 638 792; x_wconf 82' lang='lat' dir='ltr'>placuit</span> <span class='ocrx_word' id='word_1_17' title='bbox 671 714 807 775; x_wconf 90' lang='lat' dir='ltr'><strong>omuibus</strong></span> <span class='ocrx_word' id='word_1_18' title='bbox 841 714 897 775; x_wconf 94' lang='lat' dir='ltr'><strong>hoc</strong></span> <span class='ocrx_word' id='word_1_19' title='bbox 930 721 1039 795; x_wconf 83' lang='lat' dir='ltr'><strong>operae</strong></span> <span class='ocrx_word' id='word_1_20' title='bbox 1063 714 1248 794; x_wconf 91' lang='lat' dir='ltr'><strong>compendio,</strong></span> <span class='ocrx_word' id='word_1_21' title='bbox 1273 720 1307 774; x_wconf 88' lang='lat' dir='ltr'><strong>nt</strong></span> <span class='ocrx_word' id='word_1_22' title='bbox 1330 711 1491 790; x_wconf 88' lang='lat' dir='ltr'><strong>epistolam</strong></span> <span class='ocrx_word' id='word_1_23' title='bbox 1516 713 1555 773; x_wconf 91' lang='lat' dir='ltr'><strong>ad</strong></span> <span class='ocrx_word' id='word_1_24' title='bbox 1581 708 1675 772; x_wconf 87' lang='lat' dir='ltr'><strong>Gali-</strong></span> 
     </span>
     <span class='ocr_line' id='line_1_5' title="bbox 317 801 1687 882; baseline -0.004 -17"><span class='ocrx_word' id='word_1_25' title='bbox 317 805 422 870; x_wconf 88' lang='lat' dir='ltr'><strong>laeum</strong></span> <span class='ocrx_word' id='word_1_26' title='bbox 439 803 563 863; x_wconf 89' lang='lat' dir='ltr'><strong>missam</strong></span> <span class='ocrx_word' id='word_1_27' title='bbox 595 804 720 881; x_wconf 88' lang='lat' dir='ltr'><strong>(magna</strong></span> <span class='ocrx_word' id='word_1_28' title='bbox 748 802 866 882; x_wconf 90' lang='lat' dir='ltr'><strong>quidem</strong></span> <span class='ocrx_word' id='word_1_29' title='bbox 901 803 1093 865; x_wconf 88' lang='lat' dir='ltr'><strong>festinatione</strong></span> <span class='ocrx_word' id='word_1_30' title='bbox 1127 803 1205 864; x_wconf 91' lang='lat' dir='ltr'><strong>inter</strong></span> <span class='ocrx_word' id='word_1_31' title='bbox 1238 801 1451 880; x_wconf 81' lang='lat' dir='ltr'><strong>occupationes</strong></span> <span class='ocrx_word' id='word_1_32' title='bbox 1481 801 1687 862; x_wconf 79' lang='lat' dir='ltr'><strong>necessariae¹</strong></span> 
     </span>
     <span class='ocr_line' id='line_1_6' title="bbox 318 890 1368 972; baseline -0.002 -20"><span class='ocrx_word' id='word_1_33' title='bbox 318 892 397 954; x_wconf 88' lang='lat' dir='ltr'><strong>intra</strong></span> <span class='ocrx_word' id='word_1_34' title='bbox 419 891 636 970; x_wconf 89' lang='lat' dir='ltr'><strong>praescriptum</strong></span> <span class='ocrx_word' id='word_1_35' title='bbox 660 891 739 952; x_wconf 91' lang='lat' dir='ltr'><strong>diem</strong></span> <span class='ocrx_word' id='word_1_36' title='bbox 764 893 875 964; x_wconf 89' lang='lat' dir='ltr'><strong>fusam)</strong></span> <span class='ocrx_word' id='word_1_37' title='bbox 899 892 1025 971; x_wconf 85' lang='lat' dir='ltr'><strong>publicis</strong></span> <span class='ocrx_word' id='word_1_38' title='bbox 1050 892 1131 972; x_wconf 87' lang='lat' dir='ltr'><strong>typis</strong></span> <span class='ocrx_word' id='word_1_39' title='bbox 1155 890 1368 952; x_wconf 78' lang='lat' dir='ltr'><strong>exscriberem.</strong></span> 
     </span>
    </p>

    <p class='ocr_par' dir='ltr' id='par_1_4' title="bbox 315 977 1671 1503">
     <span class='ocr_line' id='line_1_7' title="bbox 404 977 1669 1060; baseline -0.003 -18"><span class='ocrx_word' id='word_1_40' title='bbox 404 980 498 1060; x_wconf 83' lang='lat' dir='ltr'><strong>Atqui</strong></span> <span class='ocrx_word' id='word_1_41' title='bbox 523 979 611 1040; x_wconf 91' lang='lat' dir='ltr'><strong>amici</strong></span> <span class='ocrx_word' id='word_1_42' title='bbox 635 999 672 1040; x_wconf 90' lang='lat' dir='ltr'><strong>ea</strong></span> <span class='ocrx_word' id='word_1_43' title='bbox 690 979 755 1057; x_wconf 89' lang='lat' dir='ltr'><strong>jam</strong></span> <span class='ocrx_word' id='word_1_44' title='bbox 780 999 891 1040; x_wconf 90' lang='lat' dir='ltr'><strong>excusa</strong></span> <span class='ocrx_word' id='word_1_45' title='bbox 915 990 1105 1051; x_wconf 81' lang='lat' dir='ltr'><strong>manner-‚unt</strong></span> <span class='ocrx_word' id='word_1_46' title='bbox 1139 979 1234 1040; x_wconf 91' lang='lat' dir='ltr'><strong>videri</strong></span> <span class='ocrx_word' id='word_1_47' title='bbox 1267 979 1357 1057; x_wconf 85' lang='lat' dir='ltr'><strong>paulo</strong></span> <span class='ocrx_word' id='word_1_48' title='bbox 1382 987 1559 1056; x_wconf 90' lang='lat' dir='ltr'><strong>conceptam</strong></span> <span class='ocrx_word' id='word_1_49' title='bbox 1583 977 1669 1039; x_wconf 89' lang='lat' dir='ltr'><strong>inso-</strong></span> 
     </span>
     <span class='ocr_line' id='line_1_8' title="bbox 316 1066 1671 1148; baseline -0.004 -17"><span class='ocrx_word' id='word_1_50' title='bbox 316 1069 435 1131; x_wconf 90' lang='lat' dir='ltr'><strong>lentius.</strong></span> <span class='ocrx_word' id='word_1_51' title='bbox 483 1068 571 1129; x_wconf 86' lang='lat' dir='ltr'><strong>Alius</strong></span> <span class='ocrx_word' id='word_1_52' title='bbox 596 1067 674 1128; x_wconf 89' lang='lat' dir='ltr'><strong>enirn</strong></span> <span class='ocrx_word' id='word_1_53' title='bbox 698 1069 831 1129; x_wconf 91' lang='lat' dir='ltr'><strong>ablatum</strong></span> <span class='ocrx_word' id='word_1_54' title='bbox 856 1069 997 1148; x_wconf 90' lang='lat' dir='ltr'><strong>cupiebat</strong></span> <span class='ocrx_word' id='word_1_55' title='bbox 1021 1069 1190 1142; x_wconf 81' lang='lat' dir='ltr'><strong>exordium,</strong></span> <span class='ocrx_word' id='word_1_56' title='bbox 1216 1067 1336 1147; x_wconf 89' lang='lat' dir='ltr'><strong>quidam</strong></span> <span class='ocrx_word' id='word_1_57' title='bbox 1359 1067 1499 1145; x_wconf 88' lang='lat' dir='ltr'><strong>mitigata</strong></span> <span class='ocrx_word' id='word_1_58' title='bbox 1522 1066 1671 1128; x_wconf 91' lang='lat' dir='ltr'><strong>voluisset</strong></span> 
     </span>
     <span class='ocr_line' id='line_1_9' title="bbox 315 1156 1667 1236; baseline -0.001 -19"><span class='ocrx_word' id='word_1_59' title='bbox 315 1160 408 1220; x_wconf 89' lang='lat' dir='ltr'><strong>verba</strong></span> <span class='ocrx_word' id='word_1_60' title='bbox 430 1157 582 1229; x_wconf 91' lang='lat' dir='ltr'><strong>nonnulla,</strong></span> <span class='ocrx_word' id='word_1_61' title='bbox 607 1175 682 1236; x_wconf 89' lang='lat' dir='ltr'><strong>qnae</strong></span> <span class='ocrx_word' id='word_1_62' title='bbox 707 1159 874 1218; x_wconf 87' lang='lat' dir='ltr'><strong>sententias</strong></span> <span class='ocrx_word' id='word_1_63' title='bbox 899 1179 918 1218; x_wconf 88' lang='lat' dir='ltr'><strong>a</strong></span> <span class='ocrx_word' id='word_1_64' title='bbox 940 1158 1109 1218; x_wconf 86' lang='lat' dir='ltr'><strong>scholarum</strong></span> <span class='ocrx_word' id='word_1_65' title='bbox 1134 1156 1348 1218; x_wconf 88' lang='lat' dir='ltr'><strong>consuetudine</strong></span> <span class='ocrx_word' id='word_1_66' title='bbox 1373 1156 1550 1216; x_wconf 84' lang='lat' dir='ltr'><strong>recedentes</strong></span> <span class='ocrx_word' id='word_1_67' title='bbox 1576 1163 1667 1216; x_wconf 87' lang='lat' dir='ltr'><strong>anta-</strong></span> 
     </span>
     <span class='ocr_line' id='line_1_10' title="bbox 316 1244 1667 1328; baseline -0.003 -20"><span class='ocrx_word' id='word_1_68' title='bbox 316 1247 454 1328; x_wconf 87' lang='lat' dir='ltr'><strong>gonistae</strong></span> <span class='ocrx_word' id='word_1_69' title='bbox 479 1246 609 1307; x_wconf 89' lang='lat' dir='ltr'><strong>tribuere</strong></span> <span class='ocrx_word' id='word_1_70' title='bbox 633 1245 728 1306; x_wconf 86' lang='lat' dir='ltr'><strong>rideri</strong></span> <span class='ocrx_word' id='word_1_71' title='bbox 742 1246 862 1323; x_wconf 90' lang='lat' dir='ltr'><strong>possint</strong></span> <span class='ocrx_word' id='word_1_72' title='bbox 876 1246 1066 1326; x_wconf 86' lang='lat' dir='ltr'><strong>improvidis:</strong></span> <span class='ocrx_word' id='word_1_73' title='bbox 1091 1264 1148 1306; x_wconf 94' lang='lat' dir='ltr'><strong>non</strong></span> <span class='ocrx_word' id='word_1_74' title='bbox 1172 1264 1258 1306; x_wconf 91' lang='lat' dir='ltr'><strong>nemo</strong></span> <span class='ocrx_word' id='word_1_75' title='bbox 1273 1244 1394 1323; x_wconf 89' lang='lat' dir='ltr'><strong>parcius</strong></span> <span class='ocrx_word' id='word_1_76' title='bbox 1410 1244 1572 1304; x_wconf 90' lang='lat' dir='ltr'><strong>etiamnum</strong></span> <span class='ocrx_word' id='word_1_77' title='bbox 1598 1245 1667 1304; x_wconf 90' lang='lat' dir='ltr'><strong>lau-</strong></span> 
     </span>
     <span class='ocr_line' id='line_1_11' title="bbox 317 1329 1669 1412; baseline -0.003 -16"><span class='ocrx_word' id='word_1_78' title='bbox 317 1329 419 1397; x_wconf 89' lang='lat' dir='ltr'><strong>datum</strong></span> <span class='ocrx_word' id='word_1_79' title='bbox 435 1333 605 1396; x_wconf 87' lang='lat' dir='ltr'><strong>Galilaeum</strong></span> <span class='ocrx_word' id='word_1_80' title='bbox 625 1333 827 1408; x_wconf 83' lang='lat' dir='ltr'><strong>desiderabat,</strong></span> <span class='ocrx_word' id='word_1_81' title='bbox 852 1335 991 1394; x_wconf 84' lang='lat' dir='ltr'><strong>utlocus</strong></span> <span class='ocrx_word' id='word_1_82' title='bbox 1015 1334 1232 1412; x_wconf 86' lang='lat' dir='ltr'><strong>relinqueretur</strong></span> <span class='ocrx_word' id='word_1_83' title='bbox 1247 1334 1415 1395; x_wconf 89' lang='lat' dir='ltr'><strong>sententiae</strong></span> <span class='ocrx_word' id='word_1_84' title='bbox 1431 1331 1669 1393; x_wconf 88' lang='lat' dir='ltr'><strong>clarissimorum</strong></span> 
     </span>
     <span class='ocr_line' id='line_1_12' title="bbox 315 1421 1133 1503; baseline 0.001 -20"><span class='ocrx_word' id='word_1_85' title='bbox 315 1424 454 1497; x_wconf 88' lang='lat' dir='ltr'><strong>virorum,</strong></span> <span class='ocrx_word' id='word_1_86' title='bbox 480 1442 553 1503; x_wconf 91' lang='lat' dir='ltr'><strong>quos</strong></span> <span class='ocrx_word' id='word_1_87' title='bbox 577 1423 727 1484; x_wconf 85' lang='lat' dir='ltr'><strong>diversum</strong></span> <span class='ocrx_word' id='word_1_88' title='bbox 751 1443 770 1482; x_wconf 93' lang='lat' dir='ltr'><strong>a</strong></span> <span class='ocrx_word' id='word_1_89' title='bbox 793 1442 840 1483; x_wconf 93' lang='lat' dir='ltr'><strong>me</strong></span> <span class='ocrx_word' id='word_1_90' title='bbox 864 1423 976 1484; x_wconf 89' lang='lat' dir='ltr'><strong>sentire</strong></span> <span class='ocrx_word' id='word_1_91' title='bbox 1001 1421 1133 1484; x_wconf 89' lang='lat' dir='ltr'><strong>audiant.</strong></span> 
     </span>
    </p>

    <p class='ocr_par' dir='ltr' id='par_1_5' title="bbox 315 1509 1667 2036">
     <span class='ocr_line' id='line_1_13' title="bbox 404 1509 1666 1592; baseline -0.002 -18"><span class='ocrx_word' id='word_1_92' title='bbox 404 1513 510 1592; x_wconf 88' lang='lat' dir='ltr'><strong>ltaque</strong></span> <span class='ocrx_word' id='word_1_93' title='bbox 534 1511 691 1572; x_wconf 89' lang='lat' dir='ltr'><strong>consilium</strong></span> <span class='ocrx_word' id='word_1_94' title='bbox 715 1512 770 1572; x_wconf 91' lang='lat' dir='ltr'><strong>hoc</strong></span> <span class='ocrx_word' id='word_1_95' title='bbox 794 1512 854 1585; x_wconf 90' lang='lat' dir='ltr'><strong>inii,</strong></span> <span class='ocrx_word' id='word_1_96' title='bbox 880 1521 912 1570; x_wconf 93' lang='lat' dir='ltr'><strong>nt</strong></span> <span class='ocrx_word' id='word_1_97' title='bbox 928 1529 1078 1572; x_wconf 91' lang='lat' dir='ltr'><strong>monerem</strong></span> <span class='ocrx_word' id='word_1_98' title='bbox 1094 1511 1245 1586; x_wconf 90' lang='lat' dir='ltr'><strong>lectorem,</strong></span> <span class='ocrx_word' id='word_1_99' title='bbox 1271 1530 1355 1570; x_wconf 91' lang='lat' dir='ltr'><strong>suum</strong></span> <span class='ocrx_word' id='word_1_100' title='bbox 1378 1509 1483 1588; x_wconf 88' lang='lat' dir='ltr'><strong>cuique</strong></span> <span class='ocrx_word' id='word_1_101' title='bbox 1499 1509 1666 1588; x_wconf 91' lang='lat' dir='ltr'><strong>pulchrum,</strong></span> 
     </span>
     <span class='ocr_line' id='line_1_14' title="bbox 315 1598 1665 1680; baseline -0.003 -18"><span class='ocrx_word' id='word_1_102' title='bbox 315 1602 474 1680; x_wconf 89' lang='lat' dir='ltr'><strong>plerosque</strong></span> <span class='ocrx_word' id='word_1_103' title='bbox 499 1600 706 1661; x_wconf 87' lang='lat' dir='ltr'><strong>contendendo</strong></span> <span class='ocrx_word' id='word_1_104' title='bbox 731 1600 963 1670; x_wconf 76' lang='lat' dir='ltr'><strong>excandescere,</strong></span> <span class='ocrx_word' id='word_1_105' title='bbox 984 1600 1057 1661; x_wconf 94' lang='lat' dir='ltr'><strong>mihi</strong></span> <span class='ocrx_word' id='word_1_106' title='bbox 1081 1601 1196 1678; x_wconf 86' lang='lat' dir='ltr'><strong>gratius</strong></span> <span class='ocrx_word' id='word_1_107' title='bbox 1216 1599 1454 1678; x_wconf 88' lang='lat' dir='ltr'><strong>disputationum</strong></span> <span class='ocrx_word' id='word_1_108' title='bbox 1470 1598 1564 1659; x_wconf 90' lang='lat' dir='ltr'><strong>videri</strong></span> <span class='ocrx_word' id='word_1_109' title='bbox 1590 1617 1665 1658; x_wconf 91' lang='lat' dir='ltr'><strong>con-</strong></span> 
     </span>
     <span class='ocr_line' id='line_1_15' title="bbox 316 1681 1667 1766; baseline -0.003 -15"><span class='ocrx_word' id='word_1_110' title='bbox 316 1690 478 1752; x_wconf 91' lang='lat' dir='ltr'><strong>dimentum</strong></span> <span class='ocrx_word' id='word_1_111' title='bbox 511 1688 712 1750; x_wconf 89' lang='lat' dir='ltr'><strong>hilaritatem·</strong></span> <span class='ocrx_word' id='word_1_112' title='bbox 737 1688 786 1748; x_wconf 91' lang='lat' dir='ltr'><strong>alii</strong></span> <span class='ocrx_word' id='word_1_113' title='bbox 811 1688 962 1766; x_wconf 88' lang='lat' dir='ltr'><strong>gravitate</strong></span> <span class='ocrx_word' id='word_1_114' title='bbox 987 1681 1244 1750; x_wconf 82' lang='lat' dir='ltr'><strong>asseverationum</strong></span> <span class='ocrx_word' id='word_1_115' title='bbox 1264 1688 1442 1766; x_wconf 90' lang='lat' dir='ltr'><strong>dignitatern</strong></span> <span class='ocrx_word' id='word_1_116' title='bbox 1468 1687 1667 1748; x_wconf 85' lang='lat' dir='ltr'><strong>affectantia</strong></span> 
     </span>
     <span class='ocr_line' id='line_1_16' title="bbox 317 1776 1667 1857; baseline -0.003 -17"><span class='ocrx_word' id='word_1_117' title='bbox 317 1778 465 1840; x_wconf 88' lang='lat' dir='ltr'><strong>tradenda</strong></span> <span class='ocrx_word' id='word_1_118' title='bbox 488 1777 687 1856; x_wconf 86' lang='lat' dir='ltr'><strong>philosophia,</strong></span> <span class='ocrx_word' id='word_1_119' title='bbox 713 1778 786 1838; x_wconf 86' lang='lat' dir='ltr'><strong>fiunt</strong></span> <span class='ocrx_word' id='word_1_120' title='bbox 810 1786 910 1838; x_wconf 87' lang='lat' dir='ltr'><strong>tamen</strong></span> <span class='ocrx_word' id='word_1_121' title='bbox 935 1777 1047 1855; x_wconf 84' lang='lat' dir='ltr'><strong>stipsi</strong></span> <span class='ocrx_word' id='word_1_122' title='bbox 1071 1797 1161 1857; x_wconf 89' lang='lat' dir='ltr'><strong>saepe</strong></span> <span class='ocrx_word' id='word_1_123' title='bbox 1185 1784 1306 1857; x_wconf 87' lang='lat' dir='ltr'><strong>praeter</strong></span> <span class='ocrx_word' id='word_1_124' title='bbox 1340 1776 1510 1836; x_wconf 90' lang='lat' dir='ltr'><strong>institutum</strong></span> <span class='ocrx_word' id='word_1_125' title='bbox 1536 1776 1667 1848; x_wconf 88' lang='lat' dir='ltr'><strong>ridiculi,</strong></span> 
     </span>
     <span class='ocr_line' id='line_1_17' title="bbox 317 1863 1666 1968; baseline -0.002 -40"><span class='ocrx_word' id='word_1_126' title='bbox 317 1886 373 1947; x_wconf 88' lang='lat' dir='ltr'><strong>ego</strong></span> <span class='ocrx_word' id='word_1_127' title='bbox 398 1867 437 1928; x_wconf 92' lang='lat' dir='ltr'><strong>ad</strong></span> <span class='ocrx_word' id='word_1_128' title='bbox 460 1866 490 1927; x_wconf 92' lang='lat' dir='ltr'><strong>id</strong></span> <span class='ocrx_word' id='word_1_129' title='bbox 513 1873 622 1927; x_wconf 90' lang='lat' dir='ltr'><strong>natura</strong></span> <span class='ocrx_word' id='word_1_130' title='bbox 646 1867 784 1927; x_wconf 86' lang='lat' dir='ltr'><strong>factus</strong></span> <span class='ocrx_word' id='word_1_131' title='bbox 767 1865 880 1941; x_wconf 77' lang='lat' dir='ltr'><strong>rilieor,</strong></span> <span class='ocrx_word' id='word_1_132' title='bbox 905 1876 938 1927; x_wconf 92' lang='lat' dir='ltr'><strong>ut</strong></span> <span class='ocrx_word' id='word_1_133' title='bbox 960 1865 1093 1927; x_wconf 91' lang='lat' dir='ltr'><strong>laborem</strong></span> <span class='ocrx_word' id='word_1_134' title='bbox 1116 1876 1147 1928; x_wconf 92' lang='lat' dir='ltr'><strong>et</strong></span> <span class='ocrx_word' id='word_1_135' title='bbox 1162 1865 1370 1927; x_wconf 88' lang='lat' dir='ltr'><strong>difficultatem</strong></span> <span class='ocrx_word' id='word_1_136' title='bbox 1385 1865 1540 1968; x_wconf 88' lang='lat' dir='ltr'><strong>doctrinae</strong></span> <span class='ocrx_word' id='word_1_137' title='bbox 1558 1863 1666 1926; x_wconf 88' lang='lat' dir='ltr'><strong>remis-</strong></span> 
     </span>
     <span class='ocr_line' id='line_1_18' title="bbox 315 1955 982 2036; baseline 0.002 -21"><span class='ocrx_word' id='word_1_138' title='bbox 315 1956 399 2018; x_wconf 91' lang='lat' dir='ltr'><strong>sione</strong></span> <span class='ocrx_word' id='word_1_139' title='bbox 423 1955 515 2016; x_wconf 90' lang='lat' dir='ltr'><strong>animi</strong></span> <span class='ocrx_word' id='word_1_140' title='bbox 537 1955 616 2036; x_wconf 89' lang='lat' dir='ltr'><strong>stylo</strong></span> <span class='ocrx_word' id='word_1_141' title='bbox 640 1972 786 2033; x_wconf 87' lang='lat' dir='ltr'><strong>expressa</strong></span> <span class='ocrx_word' id='word_1_142' title='bbox 808 1961 982 2032; x_wconf 87' lang='lat' dir='ltr'><strong>temperem.</strong></span> 
     </span>
    </p>

    <p class='ocr_par' dir='ltr' id='par_1_6' title="bbox 314 2041 1667 2478">
     <span class='ocr_line' id='line_1_19' title="bbox 405 2041 1666 2122; baseline -0.002 -17"><span class='ocrx_word' id='word_1_143' title='bbox 405 2043 494 2114; x_wconf 83' lang='lat' dir='ltr'><strong>Quod</strong></span> <span class='ocrx_word' id='word_1_144' title='bbox 517 2043 609 2122; x_wconf 90' lang='lat' dir='ltr'><strong>igitur</strong></span> <span class='ocrx_word' id='word_1_145' title='bbox 633 2043 785 2104; x_wconf 79' lang='lat' dir='ltr'><strong>exordium</strong></span> <span class='ocrx_word' id='word_1_146' title='bbox 810 2043 929 2118; x_wconf 83' lang='lat' dir='ltr'><strong>attinet,</strong></span> <span class='ocrx_word' id='word_1_147' title='bbox 954 2042 1122 2104; x_wconf 90' lang='lat' dir='ltr'><strong>meminerit</strong></span> <span class='ocrx_word' id='word_1_148' title='bbox 1145 2043 1248 2115; x_wconf 92' lang='lat' dir='ltr'><strong>lector,</strong></span> <span class='ocrx_word' id='word_1_149' title='bbox 1273 2041 1358 2104; x_wconf 91' lang='lat' dir='ltr'><strong>idad</strong></span> <span class='ocrx_word' id='word_1_150' title='bbox 1378 2061 1445 2102; x_wconf 92' lang='lat' dir='ltr'><strong>enm</strong></span> <span class='ocrx_word' id='word_1_151' title='bbox 1468 2041 1666 2122; x_wconf 89' lang='lat' dir='ltr'><strong>perscriptum</strong></span> 
     </span>
     <span class='ocr_line' id='line_1_20' title="bbox 316 2129 1667 2212; baseline -0.003 -18"><span class='ocrx_word' id='word_1_152' title='bbox 316 2151 395 2202; x_wconf 89' lang='lat' dir='ltr'><strong>esse,</strong></span> <span class='ocrx_word' id='word_1_153' title='bbox 418 2151 506 2212; x_wconf 92' lang='lat' dir='ltr'><strong>quem</strong></span> <span class='ocrx_word' id='word_1_154' title='bbox 530 2142 765 2192; x_wconf 87' lang='lat' dir='ltr'><strong>consentaneum</strong></span> <span class='ocrx_word' id='word_1_155' title='bbox 789 2133 829 2193; x_wconf 89' lang='lat' dir='ltr'><strong>sit</strong></span> <span class='ocrx_word' id='word_1_156' title='bbox 852 2132 963 2210; x_wconf 82' lang='lat' dir='ltr'><strong>legisse</strong></span> <span class='ocrx_word' id='word_1_157' title='bbox 987 2131 1205 2211; x_wconf 90' lang='lat' dir='ltr'><strong>praefationem</strong></span> <span class='ocrx_word' id='word_1_158' title='bbox 1220 2151 1318 2193; x_wconf 89' lang='lat' dir='ltr'><strong>meam</strong></span> <span class='ocrx_word' id='word_1_159' title='bbox 1333 2149 1424 2210; x_wconf 89' lang='lat' dir='ltr'><strong>super</strong></span> <span class='ocrx_word' id='word_1_160' title='bbox 1440 2129 1667 2192; x_wconf 75' lang='lat' dir='ltr'><strong>commentaria</strong></span> 
     </span>
     <span class='ocr_line' id='line_1_21' title="bbox 314 2219 1664 2304; baseline -0.004 -21"><span class='ocrx_word' id='word_1_161' title='bbox 314 2221 424 2283; x_wconf 85' lang='lat' dir='ltr'><strong>Martis</strong></span> <span class='ocrx_word' id='word_1_162' title='bbox 447 2239 540 2300; x_wconf 89' lang='lat' dir='ltr'><strong>nuper</strong></span> <span class='ocrx_word' id='word_1_163' title='bbox 563 2221 655 2295; x_wconf 89' lang='lat' dir='ltr'><strong>edita,</strong></span> <span class='ocrx_word' id='word_1_164' title='bbox 680 2239 755 2299; x_wconf 89' lang='lat' dir='ltr'><strong>qnae</strong></span> <span class='ocrx_word' id='word_1_165' title='bbox 780 2231 812 2282; x_wconf 92' lang='lat' dir='ltr'><strong>et</strong></span> <span class='ocrx_word' id='word_1_166' title='bbox 834 2222 994 2304; x_wconf 87' lang='lat' dir='ltr'><strong>allegata</strong></span> <span class='ocrx_word' id='word_1_167' title='bbox 992 2221 1083 2283; x_wconf 91' lang='lat' dir='ltr'><strong>videt.</strong></span> <span class='ocrx_word' id='word_1_168' title='bbox 1122 2221 1221 2282; x_wconf 87' lang='lat' dir='ltr'><strong>Lusus</strong></span> <span class='ocrx_word' id='word_1_169' title='bbox 1245 2221 1322 2282; x_wconf 91' lang='lat' dir='ltr'><strong>enim</strong></span> <span class='ocrx_word' id='word_1_170' title='bbox 1347 2239 1399 2281; x_wconf 89' lang='lat' dir='ltr'><strong>seu</strong></span> <span class='ocrx_word' id='word_1_171' title='bbox 1410 2220 1498 2298; x_wconf 88' lang='lat' dir='ltr'><strong>jocus</strong></span> <span class='ocrx_word' id='word_1_172' title='bbox 1513 2219 1664 2291; x_wconf 90' lang='lat' dir='ltr'><strong>militaris,</strong></span> 
     </span>
     <span class='ocr_line' id='line_1_22' title="bbox 314 2308 1665 2419; baseline -0.002 -50"><span class='ocrx_word' id='word_1_173' title='bbox 314 2328 372 2389; x_wconf 91' lang='lat' dir='ltr'><strong>quo</strong></span> <span class='ocrx_word' id='word_1_174' title='bbox 397 2327 461 2372; x_wconf 92' lang='lat' dir='ltr'><strong>sum</strong></span> <span class='ocrx_word' id='word_1_175' title='bbox 484 2327 554 2370; x_wconf 89' lang='lat' dir='ltr'><strong>usus</strong></span> <span class='ocrx_word' id='word_1_176' title='bbox 577 2310 606 2370; x_wconf 93' lang='lat' dir='ltr'><strong>in</strong></span> <span class='ocrx_word' id='word_1_177' title='bbox 632 2327 721 2410; x_wconf 87' lang='lat' dir='ltr'><strong>opere</strong></span> <span class='ocrx_word' id='word_1_178' title='bbox 744 2308 795 2370; x_wconf 92' lang='lat' dir='ltr'><strong>illo</strong></span> <span class='ocrx_word' id='word_1_179' title='bbox 819 2310 954 2388; x_wconf 91' lang='lat' dir='ltr'><strong>publico,</strong></span> <span class='ocrx_word' id='word_1_180' title='bbox 989 2310 1143 2372; x_wconf 87' lang='lat' dir='ltr'><strong>derivatus</strong></span> <span class='ocrx_word' id='word_1_181' title='bbox 1174 2319 1221 2371; x_wconf 90' lang='lat' dir='ltr'><strong>est</strong></span> <span class='ocrx_word' id='word_1_182' title='bbox 1253 2311 1283 2370; x_wconf 91' lang='lat' dir='ltr'><strong>in</strong></span> <span class='ocrx_word' id='word_1_183' title='bbox 1314 2311 1370 2370; x_wconf 91' lang='lat' dir='ltr'><strong>boc</strong></span> <span class='ocrx_word' id='word_1_184' title='bbox 1395 2309 1487 2419; x_wconf 78' lang='lat' dir='ltr'><strong>etiarn</strong></span> <span class='ocrx_word' id='word_1_185' title='bbox 1510 2308 1665 2370; x_wconf 83' lang='lat' dir='ltr'><strong>exordium</strong></span> 
     </span>
     <span class='ocr_line' id='line_1_23' title="bbox 314 2397 969 2478; baseline -0.003 -19"><span class='ocrx_word' id='word_1_186' title='bbox 314 2399 453 2478; x_wconf 85' lang='lat' dir='ltr'><strong>privatae</strong></span> <span class='ocrx_word' id='word_1_187' title='bbox 477 2397 656 2476; x_wconf 90' lang='lat' dir='ltr'><strong>epistolae</strong></span> <span class='ocrx_word' id='word_1_188' title='bbox 643 2417 712 2475; x_wconf 86' lang='lat' dir='ltr'><strong>Jnre</strong></span> <span class='ocrx_word' id='word_1_189' title='bbox 735 2416 793 2459; x_wconf 93' lang='lat' dir='ltr'><strong>non</strong></span> <span class='ocrx_word' id='word_1_190' title='bbox 818 2397 969 2460; x_wconf 89' lang='lat' dir='ltr'><strong>deteriori.</strong></span> 
     </span>
    </p>

    <p class='ocr_par' dir='ltr' id='par_1_7' title="bbox 308 2485 1665 3541">
     <span class='ocr_line' id='line_1_24' title="bbox 400 2485 1665 2565; baseline -0.003 -17"><span class='ocrx_word' id='word_1_191' title='bbox 400 2487 452 2548; x_wconf 86' lang='lat' dir='ltr'><strong>Ad</strong></span> <span class='ocrx_word' id='word_1_192' title='bbox 475 2489 601 2547; x_wconf 88' lang='lat' dir='ltr'><strong>alteram</strong></span> <span class='ocrx_word' id='word_1_193' title='bbox 625 2505 781 2547; x_wconf 88' lang='lat' dir='ltr'><strong>censuram</strong></span> <span class='ocrx_word' id='word_1_194' title='bbox 805 2488 911 2548; x_wconf 90' lang='lat' dir='ltr'><strong>eadem</strong></span> <span class='ocrx_word' id='word_1_195' title='bbox 936 2495 984 2547; x_wconf 89' lang='lat' dir='ltr'><strong>est</strong></span> <span class='ocrx_word' id='word_1_196' title='bbox 1006 2486 1180 2565; x_wconf 86' lang='lat' dir='ltr'><strong>responsio,</strong></span> <span class='ocrx_word' id='word_1_197' title='bbox 1217 2487 1296 2564; x_wconf 84' lang='lat' dir='ltr'><strong>lingo</strong></span> <span class='ocrx_word' id='word_1_198' title='bbox 1330 2485 1420 2546; x_wconf 87' lang='lat' dir='ltr'><strong>animi</strong></span> <span class='ocrx_word' id='word_1_199' title='bbox 1453 2485 1555 2564; x_wconf 87' lang='lat' dir='ltr'><strong>gratia</strong></span> <span class='ocrx_word' id='word_1_200' title='bbox 1587 2485 1665 2546; x_wconf 87' lang='lat' dir='ltr'><strong>inter</strong></span> 
     </span>
     <span class='ocr_line' id='line_1_25' title="bbox 313 2573 1663 2654; baseline -0.001 -18"><span class='ocrx_word' id='word_1_201' title='bbox 313 2575 504 2654; x_wconf 86' lang='lat' dir='ltr'><strong>disputantes</strong></span> <span class='ocrx_word' id='word_1_202' title='bbox 527 2573 620 2649; x_wconf 89' lang='lat' dir='ltr'><strong>litem,</strong></span> <span class='ocrx_word' id='word_1_203' title='bbox 645 2575 736 2650; x_wconf 81' lang='lat' dir='ltr'><strong>rixas,</strong></span> <span class='ocrx_word' id='word_1_204' title='bbox 761 2576 884 2637; x_wconf 91' lang='lat' dir='ltr'><strong>victoris</strong></span> <span class='ocrx_word' id='word_1_205' title='bbox 909 2575 1105 2654; x_wconf 89' lang='lat' dir='ltr'><strong>triumphum,</strong></span> <span class='ocrx_word' id='word_1_206' title='bbox 1130 2575 1226 2635; x_wconf 90' lang='lat' dir='ltr'><strong>minas</strong></span> <span class='ocrx_word' id='word_1_207' title='bbox 1251 2583 1390 2636; x_wconf 86' lang='lat' dir='ltr'><strong>atroces:</strong></span> <span class='ocrx_word' id='word_1_208' title='bbox 1424 2591 1552 2653; x_wconf 89' lang='lat' dir='ltr'><strong>poenam</strong></span> <span class='ocrx_word' id='word_1_209' title='bbox 1579 2574 1663 2646; x_wconf 87' lang='lat' dir='ltr'><strong>victi,</strong></span> 
     </span>
     <span class='ocr_line' id='line_1_26' title="bbox 312 2662 1662 2743; baseline -0.002 -18"><span class='ocrx_word' id='word_1_210' title='bbox 312 2664 465 2738; x_wconf 88' lang='lat' dir='ltr'><strong>roborem,</strong></span> <span class='ocrx_word' id='word_1_211' title='bbox 489 2662 627 2738; x_wconf 88' lang='lat' dir='ltr'><strong>vinnula,</strong></span> <span class='ocrx_word' id='word_1_212' title='bbox 652 2683 805 2734; x_wconf 86' lang='lat' dir='ltr'><strong>carceres,</strong></span> <span class='ocrx_word' id='word_1_213' title='bbox 832 2664 971 2726; x_wconf 84' lang='lat' dir='ltr'><strong>exilium:</strong></span> <span class='ocrx_word' id='word_1_214' title='bbox 1010 2682 1085 2742; x_wconf 91' lang='lat' dir='ltr'><strong>quae</strong></span> <span class='ocrx_word' id='word_1_215' title='bbox 1109 2664 1220 2726; x_wconf 88' lang='lat' dir='ltr'><strong>serium</strong></span> <span class='ocrx_word' id='word_1_216' title='bbox 1245 2663 1315 2743; x_wconf 88' lang='lat' dir='ltr'><strong>qnid</strong></span> <span class='ocrx_word' id='word_1_217' title='bbox 1338 2663 1537 2743; x_wconf 88' lang='lat' dir='ltr'><strong>pollicentur,</strong></span> <span class='ocrx_word' id='word_1_218' title='bbox 1576 2682 1612 2724; x_wconf 90' lang='lat' dir='ltr'><strong>ac</strong></span> <span class='ocrx_word' id='word_1_219' title='bbox 1637 2663 1662 2723; x_wconf 89' lang='lat' dir='ltr'><strong>si</strong></span> 
     </span>
     <span class='ocr_line' id='line_1_27' title="bbox 311 2751 1664 2832; baseline -0.001 -19"><span class='ocrx_word' id='word_1_220' title='bbox 311 2760 435 2832; x_wconf 87' lang='lat' dir='ltr'><strong>uterque</strong></span> <span class='ocrx_word' id='word_1_221' title='bbox 460 2771 549 2832; x_wconf 89' lang='lat' dir='ltr'><strong>super</strong></span> <span class='ocrx_word' id='word_1_222' title='bbox 573 2772 628 2814; x_wconf 92' lang='lat' dir='ltr'><strong>sua</strong></span> <span class='ocrx_word' id='word_1_223' title='bbox 651 2753 803 2814; x_wconf 88' lang='lat' dir='ltr'><strong>sententia</strong></span> <span class='ocrx_word' id='word_1_224' title='bbox 826 2753 919 2814; x_wconf 90' lang='lat' dir='ltr'><strong>veluti</strong></span> <span class='ocrx_word' id='word_1_225' title='bbox 943 2771 1032 2832; x_wconf 91' lang='lat' dir='ltr'><strong>snper</strong></span> <span class='ocrx_word' id='word_1_226' title='bbox 1055 2751 1116 2814; x_wconf 90' lang='lat' dir='ltr'><strong>aris</strong></span> <span class='ocrx_word' id='word_1_227' title='bbox 1140 2760 1171 2812; x_wconf 92' lang='lat' dir='ltr'><strong>et</strong></span> <span class='ocrx_word' id='word_1_228' title='bbox 1195 2752 1270 2814; x_wconf 88' lang='lat' dir='ltr'><strong>focis</strong></span> <span class='ocrx_word' id='word_1_229' title='bbox 1285 2752 1464 2830; x_wconf 56' lang='lat' dir='ltr'><strong>depugnata</strong></span> <span class='ocrx_word' id='word_1_230' title='bbox 1486 2752 1582 2832; x_wconf 89' lang='lat' dir='ltr'><strong>Atqui</strong></span> <span class='ocrx_word' id='word_1_231' title='bbox 1607 2771 1664 2812; x_wconf 88' lang='lat' dir='ltr'><strong>non</strong></span> 
     </span>
     <span class='ocr_line' id='line_1_28' title="bbox 310 2840 1664 2921; baseline -0.001 -19"><span class='ocrx_word' id='word_1_232' title='bbox 310 2849 359 2902; x_wconf 88' lang='lat' dir='ltr'><strong>eet</strong></span> <span class='ocrx_word' id='word_1_233' title='bbox 380 2859 455 2920; x_wconf 90' lang='lat' dir='ltr'><strong>opus</strong></span> <span class='ocrx_word' id='word_1_234' title='bbox 479 2841 590 2902; x_wconf 90' lang='lat' dir='ltr'><strong>moneri</strong></span> <span class='ocrx_word' id='word_1_235' title='bbox 615 2841 803 2903; x_wconf 91' lang='lat' dir='ltr'><strong>academicos</strong></span> <span class='ocrx_word' id='word_1_236' title='bbox 833 2840 942 2915; x_wconf 84' lang='lat' dir='ltr'><strong>(ceteri</strong></span> <span class='ocrx_word' id='word_1_237' title='bbox 965 2842 1076 2902; x_wconf 88' lang='lat' dir='ltr'><strong>saltem</strong></span> <span class='ocrx_word' id='word_1_238' title='bbox 1099 2841 1249 2921; x_wconf 86' lang='lat' dir='ltr'><strong>cogitent)</strong></span> <span class='ocrx_word' id='word_1_239' title='bbox 1274 2841 1344 2920; x_wconf 93' lang='lat' dir='ltr'><strong>quid</strong></span> <span class='ocrx_word' id='word_1_240' title='bbox 1368 2841 1409 2901; x_wconf 90' lang='lat' dir='ltr'><strong>sit</strong></span> <span class='ocrx_word' id='word_1_241' title='bbox 1432 2841 1664 2919; x_wconf 89' lang='lat' dir='ltr'><strong>positionem</strong></span> 
     </span>
     <span class='ocr_line' id='line_1_29' title="bbox 310 2929 1663 3012; baseline -0.001 -22"><span class='ocrx_word' id='word_1_242' title='bbox 310 2949 415 2992; x_wconf 84' lang='lat' dir='ltr'><strong>suern</strong></span> <span class='ocrx_word' id='word_1_243' title='bbox 439 2930 650 2992; x_wconf 88' lang='lat' dir='ltr'><strong>custodire:</strong></span> <span class='ocrx_word' id='word_1_244' title='bbox 676 2932 754 3012; x_wconf 92' lang='lat' dir='ltr'><strong>quod</strong></span> <span class='ocrx_word' id='word_1_245' title='bbox 778 2932 847 2992; x_wconf 93' lang='lat' dir='ltr'><strong>dum</strong></span> <span class='ocrx_word' id='word_1_246' title='bbox 872 2931 944 2991; x_wconf 86' lang='lat' dir='ltr'><strong>lacit</strong></span> <span class='ocrx_word' id='word_1_247' title='bbox 965 2931 1051 3004; x_wconf 88' lang='lat' dir='ltr'><strong>alter,</strong></span> <span class='ocrx_word' id='word_1_248' title='bbox 1075 2949 1133 2990; x_wconf 92' lang='lat' dir='ltr'><strong>non</strong></span> <span class='ocrx_word' id='word_1_249' title='bbox 1158 2937 1276 2990; x_wconf 87' lang='lat' dir='ltr'><strong>tantum</strong></span> <span class='ocrx_word' id='word_1_250' title='bbox 1299 2949 1372 2991; x_wconf 90' lang='lat' dir='ltr'><strong>vera</strong></span> <span class='ocrx_word' id='word_1_251' title='bbox 1396 2939 1427 2991; x_wconf 91' lang='lat' dir='ltr'><strong>et</strong></span> <span class='ocrx_word' id='word_1_252' title='bbox 1451 2937 1584 3009; x_wconf 89' lang='lat' dir='ltr'><strong>recepta,</strong></span> <span class='ocrx_word' id='word_1_253' title='bbox 1608 2929 1663 2989; x_wconf 89' lang='lat' dir='ltr'><strong>sed</strong></span> 
     </span>
     <span class='ocr_line' id='line_1_30' title="bbox 309 3017 1661 3099; baseline 0 -21"><span class='ocrx_word' id='word_1_254' title='bbox 309 3017 401 3079; x_wconf 85' lang='lat' dir='ltr'><strong>etiam</strong></span> <span class='ocrx_word' id='word_1_255' title='bbox 425 3019 575 3092; x_wconf 87' lang='lat' dir='ltr'><strong>absurda,</strong></span> <span class='ocrx_word' id='word_1_256' title='bbox 608 3020 688 3080; x_wconf 87' lang='lat' dir='ltr'><strong>falsa</strong></span> <span class='ocrx_word' id='word_1_257' title='bbox 712 3020 786 3092; x_wconf 92' lang='lat' dir='ltr'><strong>(imo</strong></span> <span class='ocrx_word' id='word_1_258' title='bbox 809 3019 838 3079; x_wconf 92' lang='lat' dir='ltr'><strong>in</strong></span> <span class='ocrx_word' id='word_1_259' title='bbox 862 3019 974 3080; x_wconf 91' lang='lat' dir='ltr'><strong>scholis</strong></span> <span class='ocrx_word' id='word_1_260' title='bbox 998 3036 1089 3097; x_wconf 90' lang='lat' dir='ltr'><strong>saepe</strong></span> <span class='ocrx_word' id='word_1_261' title='bbox 1113 3019 1205 3080; x_wconf 89' lang='lat' dir='ltr'><strong>etiam</strong></span> <span class='ocrx_word' id='word_1_262' title='bbox 1229 3017 1328 3097; x_wconf 87' lang='lat' dir='ltr'><strong>impia,</strong></span> <span class='ocrx_word' id='word_1_263' title='bbox 1354 3019 1539 3099; x_wconf 88' lang='lat' dir='ltr'><strong>perniciosa,</strong></span> <span class='ocrx_word' id='word_1_264' title='bbox 1574 3019 1661 3079; x_wconf 86' lang='lat' dir='ltr'><strong>blas-</strong></span> 
     </span>
     <span class='ocr_line' id='line_1_31' title="bbox 310 3103 1662 3187; baseline -0.001 -21"><span class='ocrx_word' id='word_1_265' title='bbox 310 3105 434 3185; x_wconf 87' lang='lat' dir='ltr'><strong>phema)</strong></span> <span class='ocrx_word' id='word_1_266' title='bbox 458 3125 511 3186; x_wconf 92' lang='lat' dir='ltr'><strong>pro</strong></span> <span class='ocrx_word' id='word_1_267' title='bbox 535 3107 598 3169; x_wconf 87' lang='lat' dir='ltr'><strong>suis</strong></span> <span class='ocrx_word' id='word_1_268' title='bbox 622 3103 757 3187; x_wconf 88' lang='lat' dir='ltr'><strong>usurpat,</strong></span> <span class='ocrx_word' id='word_1_269' title='bbox 783 3127 895 3187; x_wconf 89' lang='lat' dir='ltr'><strong>eaque,</strong></span> <span class='ocrx_word' id='word_1_270' title='bbox 920 3117 954 3168; x_wconf 91' lang='lat' dir='ltr'><strong>ut</strong></span> <span class='ocrx_word' id='word_1_271' title='bbox 977 3108 1037 3167; x_wconf 86' lang='lat' dir='ltr'><strong>fert</strong></span> <span class='ocrx_word' id='word_1_272' title='bbox 1069 3107 1187 3169; x_wconf 91' lang='lat' dir='ltr'><strong>dicendi</strong></span> <span class='ocrx_word' id='word_1_273' title='bbox 1221 3107 1359 3182; x_wconf 88' lang='lat' dir='ltr'><strong>occasio,</strong></span> <span class='ocrx_word' id='word_1_274' title='bbox 1395 3108 1442 3169; x_wconf 88' lang='lat' dir='ltr'><strong>vel</strong></span> <span class='ocrx_word' id='word_1_275' title='bbox 1471 3108 1533 3168; x_wconf 85' lang='lat' dir='ltr'><strong>sibi</strong></span> <span class='ocrx_word' id='word_1_276' title='bbox 1567 3107 1662 3168; x_wconf 88' lang='lat' dir='ltr'><strong>videri</strong></span> 
     </span>
     <span class='ocr_line' id='line_1_32' title="bbox 308 3193 1664 3276; baseline 0.004 -25"><span class='ocrx_word' id='word_1_277' title='bbox 308 3193 359 3254; x_wconf 85' lang='lat' dir='ltr'><strong>rel</strong></span> <span class='ocrx_word' id='word_1_278' title='bbox 382 3213 415 3254; x_wconf 89' lang='lat' dir='ltr'><strong>se</strong></span> <span class='ocrx_word' id='word_1_279' title='bbox 434 3195 565 3270; x_wconf 86' lang='lat' dir='ltr'><strong>credere,</strong></span> <span class='ocrx_word' id='word_1_280' title='bbox 591 3217 624 3257; x_wconf 88' lang='lat' dir='ltr'><strong>ee</strong></span> <span class='ocrx_word' id='word_1_281' title='bbox 639 3204 793 3271; x_wconf 87' lang='lat' dir='ltr'><strong>statuere,</strong></span> <span class='ocrx_word' id='word_1_282' title='bbox 819 3216 852 3256; x_wconf 89' lang='lat' dir='ltr'><strong>se</strong></span> <span class='ocrx_word' id='word_1_283' title='bbox 866 3197 993 3276; x_wconf 89' lang='lat' dir='ltr'><strong>probare</strong></span> <span class='ocrx_word' id='word_1_284' title='bbox 1008 3196 1056 3255; x_wconf 86' lang='lat' dir='ltr'><strong>vel</strong></span> <span class='ocrx_word' id='word_1_285' title='bbox 1072 3197 1265 3276; x_wconf 85' lang='lat' dir='ltr'><strong>probaturum</strong></span> <span class='ocrx_word' id='word_1_286' title='bbox 1282 3197 1448 3275; x_wconf 86' lang='lat' dir='ltr'><strong>profitetur,</strong></span> <span class='ocrx_word' id='word_1_287' title='bbox 1474 3215 1540 3257; x_wconf 93' lang='lat' dir='ltr'><strong>cnm</strong></span> <span class='ocrx_word' id='word_1_288' title='bbox 1562 3215 1664 3258; x_wconf 90' lang='lat' dir='ltr'><strong>secum</strong></span> 
     </span>
     <span class='ocr_line' id='line_1_33' title="bbox 310 3281 1665 3359; baseline 0.001 -17"><span class='ocrx_word' id='word_1_289' title='bbox 310 3281 385 3344; x_wconf 90' lang='lat' dir='ltr'><strong>nihil</strong></span> <span class='ocrx_word' id='word_1_290' title='bbox 407 3283 503 3345; x_wconf 87' lang='lat' dir='ltr'><strong>minus</strong></span> <span class='ocrx_word' id='word_1_291' title='bbox 527 3283 649 3359; x_wconf 88' lang='lat' dir='ltr'><strong>credat,</strong></span> <span class='ocrx_word' id='word_1_292' title='bbox 679 3293 796 3346; x_wconf 89' lang='lat' dir='ltr'><strong>tautum</strong></span> <span class='ocrx_word' id='word_1_293' title='bbox 820 3293 853 3346; x_wconf 92' lang='lat' dir='ltr'><strong>ut</strong></span> <span class='ocrx_word' id='word_1_294' title='bbox 875 3285 1074 3346; x_wconf 89' lang='lat' dir='ltr'><strong>exercitatum</strong></span> <span class='ocrx_word' id='word_1_295' title='bbox 1105 3285 1214 3346; x_wconf 84' lang='lat' dir='ltr'><strong>reddat</strong></span> <span class='ocrx_word' id='word_1_296' title='bbox 1247 3286 1374 3346; x_wconf 88' lang='lat' dir='ltr'><strong>alterum</strong></span> <span class='ocrx_word' id='word_1_297' title='bbox 1408 3285 1436 3346; x_wconf 93' lang='lat' dir='ltr'><strong>in</strong></span> <span class='ocrx_word' id='word_1_298' title='bbox 1469 3285 1665 3346; x_wconf 86' lang='lat' dir='ltr'><strong>defendenda</strong></span> 
     </span>
     <span class='ocr_line' id='line_1_34' title="bbox 311 3369 1665 3454; baseline 0.003 -24"><span class='ocrx_word' id='word_1_299' title='bbox 311 3369 452 3432; x_wconf 87' lang='lat' dir='ltr'><strong>veritate.</strong></span> <span class='ocrx_word' id='word_1_300' title='bbox 499 3373 644 3452; x_wconf 85' lang='lat' dir='ltr'><strong>Adeoque</strong></span> <span class='ocrx_word' id='word_1_301' title='bbox 667 3374 763 3452; x_wconf 89' lang='lat' dir='ltr'><strong>major</strong></span> <span class='ocrx_word' id='word_1_302' title='bbox 787 3381 835 3434; x_wconf 91' lang='lat' dir='ltr'><strong>est</strong></span> <span class='ocrx_word' id='word_1_303' title='bbox 860 3373 1010 3434; x_wconf 79' lang='lat' dir='ltr'><strong>festivitas</strong></span> <span class='ocrx_word' id='word_1_304' title='bbox 1043 3374 1262 3447; x_wconf 75' lang='lat' dir='ltr'><strong>contentioniS,</strong></span> <span class='ocrx_word' id='word_1_305' title='bbox 1298 3375 1323 3436; x_wconf 91' lang='lat' dir='ltr'><strong>si</strong></span> <span class='ocrx_word' id='word_1_306' title='bbox 1355 3373 1520 3453; x_wconf 89' lang='lat' dir='ltr'><strong>simplicior</strong></span> <span class='ocrx_word' id='word_1_307' title='bbox 1555 3373 1665 3454; x_wconf 88' lang='lat' dir='ltr'><strong>aliquis</strong></span> 
     </span>
     <span class='ocr_line' id='line_1_35' title="bbox 313 3459 1665 3541; baseline 0.004 -20"><span class='ocrx_word' id='word_1_308' title='bbox 313 3460 351 3521; x_wconf 92' lang='lat' dir='ltr'><strong>de</strong></span> <span class='ocrx_word' id='word_1_309' title='bbox 375 3459 504 3521; x_wconf 89' lang='lat' dir='ltr'><strong>veritate</strong></span> <span class='ocrx_word' id='word_1_310' title='bbox 528 3462 612 3521; x_wconf 83' lang='lat' dir='ltr'><strong>velut</strong></span> <span class='ocrx_word' id='word_1_311' title='bbox 635 3460 671 3520; x_wconf 91' lang='lat' dir='ltr'><strong>de</strong></span> <span class='ocrx_word' id='word_1_312' title='bbox 705 3469 788 3522; x_wconf 88' lang='lat' dir='ltr'><strong>statu</strong></span> <span class='ocrx_word' id='word_1_313' title='bbox 821 3481 873 3522; x_wconf 89' lang='lat' dir='ltr'><strong>sno</strong></span> <span class='ocrx_word' id='word_1_314' title='bbox 908 3463 1048 3524; x_wconf 88' lang='lat' dir='ltr'><strong>contrarii</strong></span> <span class='ocrx_word' id='word_1_315' title='bbox 1082 3463 1246 3541; x_wconf 90' lang='lat' dir='ltr'><strong>improvisa</strong></span> <span class='ocrx_word' id='word_1_316' title='bbox 1278 3463 1445 3524; x_wconf 85' lang='lat' dir='ltr'><strong>assertione</strong></span> <span class='ocrx_word' id='word_1_317' title='bbox 1477 3463 1665 3528; x_wconf 82' lang='lat' dir='ltr'><strong>deturbetur.</strong></span> 
     </span>
    </p>
   </div>
   <div class='ocr_carea' id='block_1_4' title="bbox 223 3547 1520 3631">
    <p class='ocr_par' dir='ltr' id='par_1_8' title="bbox 223 3547 1520 3631">
     <span class='ocr_line' id='line_1_36' title="bbox 223 3547 1520 3631; baseline 0.002 -22"><span class='ocrx_word' id='word_1_318' title='bbox 223 3553 226 3558; x_wconf 90' lang='lat'>&#39;</span> <span class='ocrx_word' id='word_1_319' title='bbox 307 3547 509 3628; x_wconf 88' lang='lat' dir='ltr'><strong>jubeatnrque</strong></span> <span class='ocrx_word' id='word_1_320' title='bbox 534 3549 703 3625; x_wconf 80' lang='lat' dir='ltr'><strong>defendere,</strong></span> <span class='ocrx_word' id='word_1_321' title='bbox 729 3550 807 3629; x_wconf 90' lang='lat' dir='ltr'><strong>qnod</strong></span> <span class='ocrx_word' id='word_1_322' title='bbox 831 3550 1014 3624; x_wconf 84' lang='lat' dir='ltr'><strong>defensionis</strong></span> <span class='ocrx_word' id='word_1_323' title='bbox 1038 3568 1126 3629; x_wconf 87' lang='lat' dir='ltr'><strong>egere</strong></span> <span class='ocrx_word' id='word_1_324' title='bbox 1151 3551 1520 3631; x_wconf 73' lang='lat' dir='ltr'><strong>nunqnameogitaverat.</strong></span> 
     </span>
    </p>
   </div>
   <div class='ocr_carea' id='block_1_5' title="bbox 267 3635 1665 4694">
    <p class='ocr_par' dir='ltr' id='par_1_9' title="bbox 267 3635 1665 4337">
     <span class='ocr_line' id='line_1_37' title="bbox 399 3635 1663 3720; baseline 0.002 -22"><span class='ocrx_word' id='word_1_325' title='bbox 399 3635 487 3708; x_wconf 86' lang='lat' dir='ltr'><strong>Quod</strong></span> <span class='ocrx_word' id='word_1_326' title='bbox 511 3638 633 3699; x_wconf 87' lang='lat' dir='ltr'><strong>tertium</strong></span> <span class='ocrx_word' id='word_1_327' title='bbox 656 3647 747 3718; x_wconf 85' lang='lat' dir='ltr'><strong>ceput</strong></span> <span class='ocrx_word' id='word_1_328' title='bbox 770 3639 947 3718; x_wconf 87' lang='lat' dir='ltr'><strong>objectionis</strong></span> <span class='ocrx_word' id='word_1_329' title='bbox 972 3639 1100 3711; x_wconf 89' lang='lat' dir='ltr'><strong>attinet,</strong></span> <span class='ocrx_word' id='word_1_330' title='bbox 1135 3640 1270 3720; x_wconf 89' lang='lat' dir='ltr'><strong>equidem</strong></span> <span class='ocrx_word' id='word_1_331' title='bbox 1294 3641 1387 3703; x_wconf 85' lang='lat' dir='ltr'><strong>fucati</strong></span> <span class='ocrx_word' id='word_1_332' title='bbox 1411 3639 1485 3702; x_wconf 92' lang='lat' dir='ltr'><strong>nihil</strong></span> <span class='ocrx_word' id='word_1_333' title='bbox 1509 3641 1546 3701; x_wconf 91' lang='lat' dir='ltr'><strong>de</strong></span> <span class='ocrx_word' id='word_1_334' title='bbox 1571 3639 1663 3702; x_wconf 80' lang='lat' dir='ltr'><strong>Gali·</strong></span> 
     </span>
     <span class='ocr_line' id='line_1_38' title="bbox 309 3725 1663 3808; baseline 0.002 -21"><span class='ocrx_word' id='word_1_335' title='bbox 309 3725 375 3787; x_wconf 92' lang='lat' dir='ltr'><strong>laeo</strong></span> <span class='ocrx_word' id='word_1_336' title='bbox 399 3725 517 3805; x_wconf 89' lang='lat' dir='ltr'><strong>scripsi</strong></span> <span class='ocrx_word' id='word_1_337' title='bbox 564 3725 691 3806; x_wconf 88' lang='lat' dir='ltr'><strong>Semper</strong></span> <span class='ocrx_word' id='word_1_338' title='bbox 716 3728 792 3788; x_wconf 92' lang='lat' dir='ltr'><strong>hunc</strong></span> <span class='ocrx_word' id='word_1_339' title='bbox 816 3746 928 3789; x_wconf 89' lang='lat' dir='ltr'><strong>morem</strong></span> <span class='ocrx_word' id='word_1_340' title='bbox 953 3728 1050 3802; x_wconf 91' lang='lat' dir='ltr'><strong>tenui,</strong></span> <span class='ocrx_word' id='word_1_341' title='bbox 1086 3736 1118 3789; x_wconf 90' lang='lat' dir='ltr'><strong>ut</strong></span> <span class='ocrx_word' id='word_1_342' title='bbox 1142 3747 1217 3808; x_wconf 87' lang='lat' dir='ltr'><strong>quae</strong></span> <span class='ocrx_word' id='word_1_343' title='bbox 1243 3729 1318 3790; x_wconf 90' lang='lat' dir='ltr'><strong>bene</strong></span> <span class='ocrx_word' id='word_1_344' title='bbox 1343 3731 1380 3792; x_wconf 88' lang='lat' dir='ltr'><strong>ab</strong></span> <span class='ocrx_word' id='word_1_345' title='bbox 1404 3727 1472 3791; x_wconf 87' lang='lat' dir='ltr'><strong>aliis</strong></span> <span class='ocrx_word' id='word_1_346' title='bbox 1497 3729 1581 3791; x_wconf 88' lang='lat' dir='ltr'><strong>dicta</strong></span> <span class='ocrx_word' id='word_1_347' title='bbox 1604 3747 1663 3807; x_wconf 91' lang='lat' dir='ltr'><strong>pu-</strong></span> 
     </span>
     <span class='ocr_line' id='line_1_39' title="bbox 307 3815 1662 3896; baseline 0.001 -20"><span class='ocrx_word' id='word_1_348' title='bbox 307 3822 414 3883; x_wconf 86' lang='lat' dir='ltr'><strong>tarem,</strong></span> <span class='ocrx_word' id='word_1_349' title='bbox 439 3815 662 3889; x_wconf 81' lang='lat' dir='ltr'><strong>collaudarem,</strong></span> <span class='ocrx_word' id='word_1_350' title='bbox 687 3835 763 3896; x_wconf 88' lang='lat' dir='ltr'><strong>quae</strong></span> <span class='ocrx_word' id='word_1_351' title='bbox 787 3817 879 3889; x_wconf 87' lang='lat' dir='ltr'><strong>male,</strong></span> <span class='ocrx_word' id='word_1_352' title='bbox 905 3817 1092 3894; x_wconf 83' lang='lat' dir='ltr'><strong>refellerem3</strong></span> <span class='ocrx_word' id='word_1_353' title='bbox 1126 3836 1274 3896; x_wconf 89' lang='lat' dir='ltr'><strong>nunqnam</strong></span> <span class='ocrx_word' id='word_1_354' title='bbox 1299 3826 1474 3879; x_wconf 86' lang='lat' dir='ltr'><strong>contemtor</strong></span> <span class='ocrx_word' id='word_1_355' title='bbox 1491 3827 1544 3881; x_wconf 90' lang='lat' dir='ltr'><strong>aut</strong></span> <span class='ocrx_word' id='word_1_356' title='bbox 1567 3818 1662 3878; x_wconf 88' lang='lat' dir='ltr'><strong>dissi-</strong></span> 
     </span>
     <span class='ocr_line' id='line_1_40' title="bbox 267 3895 1662 4009; baseline 0.001 -45"><span class='ocrx_word' id='word_1_357' title='bbox 267 3917 270 3924; x_wconf 78' lang='grc'>’</span> <span class='ocrx_word' id='word_1_358' title='bbox 306 3903 437 3965; x_wconf 90' lang='lat' dir='ltr'><strong>mulator</strong></span> <span class='ocrx_word' id='word_1_359' title='bbox 473 3904 590 3965; x_wconf 89' lang='lat' dir='ltr'><strong>alienae</strong></span> <span class='ocrx_word' id='word_1_360' title='bbox 623 3903 787 3980; x_wconf 84' lang='lat' dir='ltr'><strong>scientiae,</strong></span> <span class='ocrx_word' id='word_1_361' title='bbox 826 3895 887 3966; x_wconf 91' lang='lat' dir='ltr'><strong>ubi</strong></span> <span class='ocrx_word' id='word_1_362' title='bbox 908 3904 1029 3984; x_wconf 87' lang='lat' dir='ltr'><strong>propria</strong></span> <span class='ocrx_word' id='word_1_363' title='bbox 1062 3905 1242 3979; x_wconf 68' lang='lat' dir='ltr'><strong>caruissem</strong></span> <span class='ocrx_word' id='word_1_364' title='bbox 1281 3925 1431 4009; x_wconf 88' lang='lat' dir='ltr'><strong>nunquam</strong></span> <span class='ocrx_word' id='word_1_365' title='bbox 1467 3905 1516 3968; x_wconf 91' lang='lat' dir='ltr'><strong>vel</strong></span> <span class='ocrx_word' id='word_1_366' title='bbox 1553 3925 1662 3968; x_wconf 89' lang='lat' dir='ltr'><strong>servus</strong></span> 
     </span>
     <span class='ocr_line' id='line_1_41' title="bbox 306 3990 1665 4074; baseline 0.001 -22"><span class='ocrx_word' id='word_1_367' title='bbox 306 3990 436 4054; x_wconf 88' lang='lat' dir='ltr'><strong>aliorum</strong></span> <span class='ocrx_word' id='word_1_368' title='bbox 458 3994 507 4054; x_wconf 91' lang='lat' dir='ltr'><strong>vel</strong></span> <span class='ocrx_word' id='word_1_369' title='bbox 530 3993 587 4054; x_wconf 90' lang='lat' dir='ltr'><strong>mei</strong></span> <span class='ocrx_word' id='word_1_370' title='bbox 612 3993 784 4072; x_wconf 83' lang='lat' dir='ltr'><strong>negligens,</strong></span> <span class='ocrx_word' id='word_1_371' title='bbox 819 3994 845 4053; x_wconf 89' lang='lat' dir='ltr'><strong>si</strong></span> <span class='ocrx_word' id='word_1_372' title='bbox 878 3993 948 4074; x_wconf 92' lang='lat' dir='ltr'><strong>qnid</strong></span> <span class='ocrx_word' id='word_1_373' title='bbox 980 3994 1099 4073; x_wconf 93' lang='lat' dir='ltr'><strong>proprio</strong></span> <span class='ocrx_word' id='word_1_374' title='bbox 1123 3995 1264 4056; x_wconf 90' lang='lat' dir='ltr'><strong>Marte</strong></span> <span class='ocrx_word' id='word_1_375' title='bbox 1256 3997 1438 4056; x_wconf 83' lang='lat' dir='ltr'><strong>ruvenissem</strong></span> <span class='ocrx_word' id='word_1_376' title='bbox 1469 3995 1576 4056; x_wconf 90' lang='lat' dir='ltr'><strong>melius</strong></span> <span class='ocrx_word' id='word_1_377' title='bbox 1611 4003 1665 4055; x_wconf 88' lang='lat' dir='ltr'><strong>ant</strong></span> 
     </span>
     <span class='ocr_line' id='line_1_42' title="bbox 307 4078 1663 4160; baseline 0.003 -21"><span class='ocrx_word' id='word_1_378' title='bbox 307 4078 397 4158; x_wconf 91' lang='lat' dir='ltr'><strong>prior.</strong></span> <span class='ocrx_word' id='word_1_379' title='bbox 434 4080 540 4160; x_wconf 87' lang='lat' dir='ltr'><strong>Neque</strong></span> <span class='ocrx_word' id='word_1_380' title='bbox 564 4090 646 4160; x_wconf 89' lang='lat' dir='ltr'><strong>puto,</strong></span> <span class='ocrx_word' id='word_1_381' title='bbox 671 4088 788 4144; x_wconf 88' lang='lat' dir='ltr'><strong>tantum</strong></span> <span class='ocrx_word' id='word_1_382' title='bbox 808 4081 845 4142; x_wconf 90' lang='lat' dir='ltr'><strong>de</strong></span> <span class='ocrx_word' id='word_1_383' title='bbox 864 4101 910 4142; x_wconf 92' lang='lat' dir='ltr'><strong>me</strong></span> <span class='ocrx_word' id='word_1_384' title='bbox 927 4080 1080 4144; x_wconf 88' lang='lat' dir='ltr'><strong>Germano</strong></span> <span class='ocrx_word' id='word_1_385' title='bbox 1095 4081 1265 4144; x_wconf 85' lang='lat' dir='ltr'><strong>Galilaeum</strong></span> <span class='ocrx_word' id='word_1_386' title='bbox 1289 4085 1397 4146; x_wconf 87' lang='lat' dir='ltr'><strong>Italum</strong></span> <span class='ocrx_word' id='word_1_387' title='bbox 1422 4101 1489 4144; x_wconf 88' lang='lat' dir='ltr'><strong>esse</strong></span> <span class='ocrx_word' id='word_1_388' title='bbox 1513 4083 1663 4156; x_wconf 89' lang='lat' dir='ltr'><strong>meritum,</strong></span> 
     </span>
     <span class='ocr_line' id='line_1_43' title="bbox 309 4168 1662 4250; baseline 0.002 -22"><span class='ocrx_word' id='word_1_389' title='bbox 309 4175 343 4228; x_wconf 93' lang='lat' dir='ltr'><strong>nt</strong></span> <span class='ocrx_word' id='word_1_390' title='bbox 365 4168 392 4228; x_wconf 91' lang='lat' dir='ltr'><strong>ei</strong></span> <span class='ocrx_word' id='word_1_391' title='bbox 416 4170 549 4230; x_wconf 84' lang='lat' dir='ltr'><strong>vicissim</strong></span> <span class='ocrx_word' id='word_1_392' title='bbox 574 4170 754 4232; x_wconf 88' lang='lat' dir='ltr'><strong>adulandum</strong></span> <span class='ocrx_word' id='word_1_393' title='bbox 780 4170 923 4232; x_wconf 87' lang='lat' dir='ltr'><strong>fueritin</strong></span> <span class='ocrx_word' id='word_1_394' title='bbox 947 4171 1087 4232; x_wconf 91' lang='lat' dir='ltr'><strong>veritatis</strong></span> <span class='ocrx_word' id='word_1_395' title='bbox 1112 4179 1165 4232; x_wconf 86' lang='lat' dir='ltr'><strong>ant</strong></span> <span class='ocrx_word' id='word_1_396' title='bbox 1186 4171 1393 4250; x_wconf 85' lang='lat' dir='ltr'><strong>peritissimae</strong></span> <span class='ocrx_word' id='word_1_397' title='bbox 1426 4191 1510 4235; x_wconf 91' lang='lat' dir='ltr'><strong>meae</strong></span> <span class='ocrx_word' id='word_1_398' title='bbox 1535 4181 1662 4234; x_wconf 89' lang='lat' dir='ltr'><strong>senteu-</strong></span> 
     </span>
     <span class='ocr_line' id='line_1_44' title="bbox 308 4255 619 4337; baseline 0.003 -20"><span class='ocrx_word' id='word_1_399' title='bbox 308 4255 371 4318; x_wconf 85' lang='lat' dir='ltr'><strong>tiae</strong></span> <span class='ocrx_word' id='word_1_400' title='bbox 394 4258 619 4337; x_wconf 89' lang='lat' dir='ltr'><strong>praejudicium.</strong></span> 
     </span>
    </p>

    <p class='ocr_par' dir='ltr' id='par_1_10' title="bbox 308 4345 1664 4694">
     <span class='ocr_line' id='line_1_45' title="bbox 399 4345 1664 4427; baseline 0.002 -20"><span class='ocrx_word' id='word_1_401' title='bbox 399 4345 495 4407; x_wconf 92' lang='lat' dir='ltr'><strong>Nemo</strong></span> <span class='ocrx_word' id='word_1_402' title='bbox 520 4353 621 4408; x_wconf 89' lang='lat' dir='ltr'><strong>tamen</strong></span> <span class='ocrx_word' id='word_1_403' title='bbox 646 4346 807 4422; x_wconf 83' lang='lat' dir='ltr'><strong>existimet,</strong></span> <span class='ocrx_word' id='word_1_404' title='bbox 832 4365 878 4408; x_wconf 91' lang='lat' dir='ltr'><strong>me</strong></span> <span class='ocrx_word' id='word_1_405' title='bbox 903 4347 967 4427; x_wconf 78' lang='lat' dir='ltr'><strong>hac¹</strong></span> <span class='ocrx_word' id='word_1_406' title='bbox 984 4367 1051 4408; x_wconf 88' lang='lat' dir='ltr'><strong>mea</strong></span> <span class='ocrx_word' id='word_1_407' title='bbox 1085 4348 1269 4409; x_wconf 87' lang='lat' dir='ltr'><strong>liberalitate</strong></span> <span class='ocrx_word' id='word_1_408' title='bbox 1302 4348 1486 4411; x_wconf 87' lang='lat' dir='ltr'><strong>assentiendi</strong></span> <span class='ocrx_word' id='word_1_409' title='bbox 1512 4346 1664 4418; x_wconf 87' lang='lat' dir='ltr'><strong>Galilaea,</strong></span> 
     </span>
     <span class='ocr_line' id='line_1_46' title="bbox 308 4433 1663 4518; baseline 0.004 -24"><span class='ocrx_word' id='word_1_410' title='bbox 308 4433 506 4496; x_wconf 88' lang='lat' dir='ltr'><strong>dissentiendi</strong></span> <span class='ocrx_word' id='word_1_411' title='bbox 539 4435 578 4496; x_wconf 89' lang='lat' dir='ltr'><strong>ab</strong></span> <span class='ocrx_word' id='word_1_412' title='bbox 611 4435 677 4514; x_wconf 89' lang='lat' dir='ltr'><strong>ipso</strong></span> <span class='ocrx_word' id='word_1_413' title='bbox 701 4435 874 4497; x_wconf 89' lang='lat' dir='ltr'><strong>libertatem</strong></span> <span class='ocrx_word' id='word_1_414' title='bbox 898 4435 966 4496; x_wconf 89' lang='lat' dir='ltr'><strong>aliis</strong></span> <span class='ocrx_word' id='word_1_415' title='bbox 990 4443 1124 4514; x_wconf 89' lang='lat' dir='ltr'><strong>ereptum</strong></span> <span class='ocrx_word' id='word_1_416' title='bbox 1148 4437 1201 4498; x_wconf 90' lang='lat' dir='ltr'><strong>ire.</strong></span> <span class='ocrx_word' id='word_1_417' title='bbox 1250 4435 1343 4499; x_wconf 88' lang='lat' dir='ltr'><strong>Salvo</strong></span> <span class='ocrx_word' id='word_1_418' title='bbox 1377 4439 1518 4518; x_wconf 92' lang='lat' dir='ltr'><strong>cujusque</strong></span> <span class='ocrx_word' id='word_1_419' title='bbox 1547 4437 1663 4518; x_wconf 84' lang='lat' dir='ltr'><strong>judicio</strong></span> 
     </span>
     <span class='ocr_line' id='line_1_47' title="bbox 308 4520 1662 4607; baseline 0.006 -27"><span class='ocrx_word' id='word_1_420' title='bbox 308 4520 392 4584; x_wconf 90' lang='lat' dir='ltr'><strong>illum</strong></span> <span class='ocrx_word' id='word_1_421' title='bbox 414 4521 546 4584; x_wconf 86' lang='lat' dir='ltr'><strong>laudari.</strong></span> <span class='ocrx_word' id='word_1_422' title='bbox 594 4521 751 4598; x_wconf 83' lang='lat' dir='ltr'><strong>Quinimn,</strong></span> <span class='ocrx_word' id='word_1_423' title='bbox 776 4525 803 4585; x_wconf 89' lang='lat' dir='ltr'><strong>si</strong></span> <span class='ocrx_word' id='word_1_424' title='bbox 828 4543 887 4604; x_wconf 87' lang='lat' dir='ltr'><strong>qna</strong></span> <span class='ocrx_word' id='word_1_425' title='bbox 910 4523 957 4584; x_wconf 89' lang='lat' dir='ltr'><strong>hic</strong></span> <span class='ocrx_word' id='word_1_426' title='bbox 981 4523 1073 4585; x_wconf 89' lang='lat' dir='ltr'><strong>etiam</strong></span> <span class='ocrx_word' id='word_1_427' title='bbox 1095 4525 1218 4606; x_wconf 88' lang='lat' dir='ltr'><strong>propria</strong></span> <span class='ocrx_word' id='word_1_428' title='bbox 1243 4527 1387 4606; x_wconf 89' lang='lat' dir='ltr'><strong>dogmata</strong></span> <span class='ocrx_word' id='word_1_429' title='bbox 1410 4527 1530 4607; x_wconf 87' lang='lat' dir='ltr'><strong>suscepi</strong></span> <span class='ocrx_word' id='word_1_430' title='bbox 1554 4528 1662 4588; x_wconf 87' lang='lat' dir='ltr'><strong>deleu-</strong></span> 
     </span>
     <span class='ocr_line' id='line_1_48' title="bbox 309 4607 1663 4694; baseline 0.007 -26"><span class='ocrx_word' id='word_1_431' title='bbox 309 4607 415 4684; x_wconf 88' lang='lat' dir='ltr'><strong>denda,</strong></span> <span class='ocrx_word' id='word_1_432' title='bbox 441 4610 577 4692; x_wconf 87' lang='lat' dir='ltr'><strong>quamvis</strong></span> <span class='ocrx_word' id='word_1_433' title='bbox 601 4611 632 4672; x_wconf 92' lang='lat' dir='ltr'><strong>id</strong></span> <span class='ocrx_word' id='word_1_434' title='bbox 655 4612 793 4674; x_wconf 84' lang='lat' dir='ltr'><strong>veritatis</strong></span> <span class='ocrx_word' id='word_1_435' title='bbox 818 4610 956 4691; x_wconf 90' lang='lat' dir='ltr'><strong>opinione</strong></span> <span class='ocrx_word' id='word_1_436' title='bbox 980 4614 1117 4693; x_wconf 87' lang='lat' dir='ltr'><strong>serioque</strong></span> <span class='ocrx_word' id='word_1_437' title='bbox 1142 4614 1241 4676; x_wconf 91' lang='lat' dir='ltr'><strong>animo</strong></span> <span class='ocrx_word' id='word_1_438' title='bbox 1266 4615 1341 4691; x_wconf 84' lang='lat' dir='ltr'><strong>feci,</strong></span> <span class='ocrx_word' id='word_1_439' title='bbox 1376 4635 1435 4678; x_wconf 91' lang='lat' dir='ltr'><strong>non</strong></span> <span class='ocrx_word' id='word_1_440' title='bbox 1463 4623 1563 4678; x_wconf 76' lang='lat' dir='ltr'><strong>tarum</strong></span> <span class='ocrx_word' id='word_1_441' title='bbox 1588 4633 1663 4694; x_wconf 81' lang='lat' dir='ltr'><strong>gra-</strong></span> 
     </span>
    </p>
   </div>
   <div class='ocr_carea' id='block_1_6' title="bbox 309 4694 1663 4866">
    <p class='ocr_par' dir='ltr' id='par_1_11' title="bbox 309 4694 1663 4866">
     <span class='ocr_line' id='line_1_49' title="bbox 311 4694 1663 4784; baseline 0.009 -32"><span class='ocrx_word' id='word_1_442' title='bbox 311 4694 404 4757; x_wconf 85' lang='lat' dir='ltr'><strong>vatim</strong></span> <span class='ocrx_word' id='word_1_443' title='bbox 428 4700 534 4761; x_wconf 89' lang='lat' dir='ltr'><strong>eadem</strong></span> <span class='ocrx_word' id='word_1_444' title='bbox 552 4719 599 4760; x_wconf 92' lang='lat' dir='ltr'><strong>me</strong></span> <span class='ocrx_word' id='word_1_445' title='bbox 615 4700 770 4784; x_wconf 74' lang='lat' dir='ltr'><strong>polliceor</strong></span> <span class='ocrx_word' id='word_1_446' title='bbox 784 4700 982 4779; x_wconf 90' lang='lat' dir='ltr'><strong>abjecturum,</strong></span> <span class='ocrx_word' id='word_1_447' title='bbox 1007 4701 1133 4779; x_wconf 90' lang='lat' dir='ltr'><strong>primurn</strong></span> <span class='ocrx_word' id='word_1_448' title='bbox 1157 4711 1247 4783; x_wconf 82' lang='lat' dir='ltr'><strong>atque</strong></span> <span class='ocrx_word' id='word_1_449' title='bbox 1271 4705 1343 4767; x_wconf 89' lang='lat' dir='ltr'><strong>milri</strong></span> <span class='ocrx_word' id='word_1_450' title='bbox 1363 4704 1530 4766; x_wconf 87' lang='lat' dir='ltr'><strong>doctiorum</strong></span> <span class='ocrx_word' id='word_1_451' title='bbox 1554 4704 1663 4784; x_wconf 85' lang='lat' dir='ltr'><strong>aliquis</strong></span> 
     </span>
     <span class='ocr_line' id='line_1_50' title="bbox 309 4786 1359 4866; baseline 0.01 -24"><span class='ocrx_word' id='word_1_452' title='bbox 309 4798 441 4846; x_wconf 85' lang='lat' dir='ltr'><strong>errorem</strong></span> <span class='ocrx_word' id='word_1_453' title='bbox 463 4786 600 4866; x_wconf 81' lang='lat' dir='ltr'><strong>legitima</strong></span> <span class='ocrx_word' id='word_1_454' title='bbox 624 4787 764 4850; x_wconf 88' lang='lat' dir='ltr'><strong>methodo</strong></span> <span class='ocrx_word' id='word_1_455' title='bbox 789 4789 1052 4851; x_wconf 89' lang='lat' dir='ltr'><strong>demonstraverit.</strong></span> <span class='ocrx_word' id='word_1_456' title='bbox 1355 4813 1359 4821; x_wconf 60' lang='lat'><strong><em>‘</em></strong></span> 
     </span>
    </p>
   </div>
   <div class='ocr_carea' id='block_1_7' title="bbox 869 4911 1106 4927">
    <p class='ocr_par' dir='ltr' id='par_1_12' title="bbox 869 4911 1106 4927">
     <span class='ocr_line' id='line_1_51' title="bbox 869 4911 1106 4927; baseline 0 0"><span class='ocrx_word' id='word_1_457' title='bbox 869 4911 1106 4927; x_wconf 66' lang='grc' dir='ltr'><strong>Ι-ι-κ--ο---ι-ι--ι-</strong></span> 
     </span>
    </p>
   </div>
   <div class='ocr_carea' id='block_1_8' title="bbox 0 0 1828 5530">
    <p class='ocr_par' dir='ltr' id='par_1_13' title="bbox 0 0 1828 5530">
     <span class='ocr_line' id='line_1_52' title="bbox 0 0 1828 5530; baseline 0 3"><span class='ocrx_word' id='word_1_458' title='bbox 0 0 1828 5530; x_wconf 95' lang='lat' dir='ltr'><strong> </strong></span> 
     </span>
    </p>
   </div>
  </div>
 </body>
</html>
