3476 5532
656 271 739 324 noae
756 273 871 324 unca.
1156 307 1159 312 .
1369 271 1434 341 325

69 437 120 492 56⁰
138 438 199 506 ⁴0⁴)
219 449 387 500 correximus.
417 448 531 514 Denique
543 448 645 515 Kepleri
662 451 750 515 parali.
769 452 837 518 lnng.
852 451 885 504 ed
896 447 928 501 0⁰
940 445 969 514 ‚d
981 467 1008 492 =
1021 447 1064 501 ΒΨ
1076 448 1129 502 δι”
1146 451 1242 516 prodire
1259 451 1345 504 debuit
1362 451 1434 512 falsa,
1469 507 1471 514 Α

69 529 127 566 cum
148 516 183 568 ed
203 533 264 570 earn
284 521 466 573 inveniendam
483 522 574 574 falsam
593 520 635 571 st‘
655 519 707 572 35¹¹
726 523 872 574 adhibuerit.
1262 553 1266 570 ·

162 589 282 642 Tabulae
295 592 436 658 Uergini,
453 587 628 657 quibus'utitur
640 593 771 658 Keplerus,
783 596 925 660 prodierant
937 595 1050 649 venetiis
1061 591 1136 645 stol.
1149 595 1292 660 inscriptae:
1308 595 1435 657 „Tabulae

68 661 143 724 primi
161 661 272 722 mobilis,
293 679 359 730 quas
380 664 548 714 Directionum
565 665 637 731 vulgo
656 666 748 717 dicunt.
785 668 826 718 Ad
843 669 907 733 Aug.
926 667 989 731 Imp.
1007 667 1164 732 Rudolphum
1180 665 1231 716 11³⁴

161 738 211 804 28)
230 760 256 808 p.
280 743 345 795 671.
384 744 436 801 Vir,
455 759 531 810 quem
545 745 585 795 hic
603 747 726 811 Keplerus
743 753 817 798 tanta
840 749 937 798 ιιοιιιιι
956 748 1106 814 ignominia,
1125 754 1164 798 est
1181 749 1338 798 Antonius
1356 749 1433 800 La'u-

68 814 206 864 rentins
235 815 447 874 Politianns‚
481 821 549 880 cujus
574 816 683 868 libellum
710 819 740 868 de
767 818 848 869 Stella
874 817 945 868 Nova
975 818 1163 869 Hervartns
1190 819 1435 882 Keplercmiserat.

69 879 170 950 (Comp.
194 885 319 951 Opticam
337 905 365 953 p.
384 885 426 938 tt.
464 887 572 939 Titulum
597 890 652 939 libri
679 891 782 940 diximus
807 905 895 955 supra,
925 903 982 940 auu.
1002 887 1040 946 3.)
1075 891 1130 955 Ipse
1152 889 1275 954 Keplems
1293 890 1435 957 Breuggero

67 960 204 1019 quaerenti
230 959 335 1009 indicat
362 961 406 1008 viri
438 975 528 1011 nomen
554 962 579 1012 in
613 961 689 1011 literis
717 963 749 1014 ad
774 963 816 1012 Br.
844 963 927 1020 datis,
958 977 1020 1028 quas
1045 963 1072 1012 in
1098 963 1253 1027 praefatione
1286 963 1435 1014 exhibuimus

68 1023 103 1088 (v.
123 1043 187 1095 pag.
209 1027 297 1092 5903
327 1029 355 1081 in
382 1032 590 1096 „Hyperaspiste“
610 1031 733 1096 Tychcnis
760 1035 872 1084 nominat
899 1049 955 1084 eum
973 1035 1033 1084 Διιι.
1052 1034 1187 1084 Fabritium
1204 1033 1435 1098 Moutepolitauum,

67 1100 187 1150 addens:
208 1103 346 1166 pueriliter
362 1103 541 1153 hallucinatum
560 1119 606 1170 ego
624 1119 666 1168 pro
685 1107 778 1156 menda
796 1107 845 1158 suis
864 1108 959 1169 accepi.

161 1173 237 1224 Idem
268 1174 422 1225 Laurentius
450 1175 527 1225 edidit
553 1190 618 1226 anno
645 1173 722 1227 ltus.
751 1177 851 1228 Parisiis
880 1177 984 1228 alterum
1015 1192 1087 1242 quem
1113 1176 1236 1242 Keplems
1254 1176 1314 1228 dicit
1339 1177 1435 1234 librum,

64 1243 239 1309 inscriptum:
269 1245 320 1302 De
340 1245 491 1307 Numero,
521 1247 640 1298 Ordine
664 1255 696 1298 et
717 1249 806 1300 Motu
830 1249 1013 1306 coelorum,
1033 1249 1149 1300 adversus
1168 1251 1325 1300 recentiores.
1361 1249 1436 1300 Hunc

65 1315 160 1369 libmm
182 1319 227 1376 ,in
257 1319 370 1383 gratiam
397 1319 509 1383 patroni*
529 1326 601 1370 taxat
624 1320 748 1384 Keplercs
776 1322 891 1386 pluribus.
927 1320 1139 1385 Deprehendimus
1164 1322 1190 1372 in
1215 1319 1436 1384 manuscriptorum

66 1386 325 1453 Petropolitanorum
343 1391 399 1440 Vol.
420 1390 451 1439 V.
472 1391 637 1456 fragmentum
655 1393 796 1450 literarum,
822 1394 886 1458 quod
911 1393 1028 1456 heudab
1046 1408 1072 1442 re
1090 1394 1230 1457 putarimus
1254 1393 1294 1442 hic
1319 1395 1435 1442 inserere.

67 1457 132 1518 Quis
155 1462 318 1525 „patronus”
339 1462 380 1512 ille
399 1462 481 1520 fuerit,
500 1455 549 1511 ndu
568 1471 674 1514 constat.
712 1463 859 1530 Inscriptum
878 1471 916 1514 est
936 1465 1117 1530 fragmentum:

180 1537 531 1593 Animadversioues
557 1539 705 1609 Kepleri
726 1539 761 1593 iu
781 1541 910 1594 librum
934 1539 1122 1593 Laurentii
1146 1539 1327 1596 Politiaui.

160 1617 323 1673 insidiatur
351 1618 488 1674 homiuum
519 1622 662 1675 commodis
693 1620 781 1675 malus
809 1621 919 1692 quidam
948 1619 1062 1692 genius,
1093 1623 1260 1675 conturbans
1282 1638 1332 1686 ea,
1364 1637 1435 1694 quae

70 1697 231 1754 dilucidant
253 1700 340 1764 docti,
362 1698 399 1753 ibi
421 1699 539 1754 maxime
561 1717 669 1767 nocens,
692 1702 740 1756 ubi
761 1700 865 1755 assidui
885 1702 1003 1756 maxime
1024 1701 1156 1756 homiues.

160 1781 240 1836 Finis
263 1781 514 1854 investigatoribus
540 1788 585 1836 cst
609 1783 766 1852 propositus
790 1781 903 1835 humaui
924 1781 1036 1853 generis
1058 1781 1173 1835 eruditio
1195 1789 1225 1835 et
1242 1780 1435 1852 disciplina'in

68 1863 156 1918 rebus
180 1865 340 1920 abstrusis:
366 1863 439 1918 huuc
464 1863 544 1917 finem
564 1869 596 1917 ιιι
616 1863 750 1933 impediat
775 1863 915 1916 maleficus
943 1863 1004 1926 ille,
1038 1863 1110 1915 solet
1138 1863 1309 1932 philosophis
1337 1864 1433 1933 paucis

69 1947 268 2000 interfundere
290 1943 428 1998 simiarum
447 1943 576 2014 ingentes
597 1961 713 2017 greges,
742 1949 855 2014 quorum
881 1943 994 2014 quisque
1015 1943 1154 2013 propriam
1175 1943 1329 2013 opinionem
1349 1946 1382 1998 dc
1402 1963 1433 1998 re

70 2029 172 2091 eadem
204 2027 316 2081 excitet
336 2031 365 2079 et
393 2031 566 2096 propugnet,
598 2032 630 2078 ut
658 2024 814 2095 opinionum
844 2024 982 2078 varietate
1013 2023 1103 2077 obruti
1123 2024 1246 2078 homiues
1272 2023 1300 2078 iu
1327 2023 1432 2079 incerto
1526 2033 1530 2042 '

70 2115 210 2184 maneant
227 2109 394 2176 tandemque
409 2106 500 2159 omnia
512 2113 611 2160 vocent
626 2105 653 2159 iu
667 2105 784 2159 dubium.
813 2105 922 2176 Vulgus
938 2103 1039 2176 quippe
1055 2122 1108 2157 uon
1123 2105 1431 2171 rationibusmovetur,

70 2189 121 2241 sed
144 2188 380 2253 auctoritatibus,
410 2204 496 2257 peues
524 2193 603 2258 qu'em
631 2187 713 2240 facile
739 2193 783 2256 est
809 2202 891 2241 uuam
921 2199 1014 2238 veram
1045 2183 1199 2254 opinionem
1229 2187 1322 2240 decem
1354 2186 1432 2240 falsis

71 2269 215 2338 oppositis
238 2268 370 2323 incertam
391 2269 512 2322 reddere.
547 2269 604 2321 Nec
624 2267 724 2340 legunt
744 2267 923 2336 philosophos
945 2271 976 2319 ut
996 2265 1133 2318 rationum
1155 2273 1361 2331 monstratores,
1384 2267 1433 2320 sed
1529 2275 1531 2290 ¹

68 2355 103 2402 ιιι
124 2347 283 2420 magistros
305 2348 469 2417 exceptione
490 2347 617 2416 majores,
640 2348 662 2400 si
683 2348 729 2400 vel
749 2348 840 2400 nullas
862 2347 984 2400 rationes
1006 2347 1124 2399 afferant
1145 2348 1319 2417 dogmatum,
1342 2348 1387 2400 vel
1408 2347 1432 2400 si

68 2437 204 2500 pugnent
226 2428 301 2484 iuter
317 2447 355 2492 se,
376 2435 506 2498 utrosque
528 2443 614 2498 aeque
635 2428 789 2496 explodunt
809 2435 838 2480 et
852 2427 984 2479 derident.
1015 2425 1121 2479 Sufficit
1141 2434 1172 2481 ut
1186 2430 1308 2489 credaut,
1330 2443 1432 2482 vanum

61 2527 134 2582 ‚esse
158 2511 375 2580 dogmatistam,
402 2509 425 2560 si
446 2513 561 2571 constet,
590 2507 756 2561 contrarium
785 2506 916 2560 affirmari
937 2522 955 2558 a
976 2506 1120 2558 recentiori
1149 2507 1251 2578 aliquo.
1294 2507 1346 2570 Qui
1368 2514 1432 2562 suut

70 2606 142 2659 ergo
166 2589 299 2642 veritatis
321 2593 462 2650 amantes,
494 2588 595 2641 debent
625 2603 736 2656 operam
761 2589 839 2649 dare,
869 2592 901 2639 ut
921 2586 1029 2639 fucosae
1055 2584 1210 2655 hujusmodi
1238 2587 1431 2657 philosophias

72 2669 254 2737 opprimant,
285 2667 429 2721 inculcatis
461 2666 511 2730 iis,
543 2683 614 2738 quae
644 2667 796 2720 certissima
822 2673 902 2729 suut;
938 2667 1010 2737 quod
1038 2666 1066 2718 iu
1096 2667 1282 2721 recentissimo
1316 2677 1430 2722 auctore

71 2752 155 2801 Ant.
178 2749 284 2804 Laur.
305 2746 485 2801 Politiauo
507 2747 534 2801 in
554 2763 685 2818 praeseus
707 2747 771 2800 mihi
793 2747 876 2800 eumsi
896 2747 1102 2817 praestandum.

169 2829 302 2899 Capite
323 2827 347 2882 1:
375 2829 499 2890 Veteres,
523 2829 570 2892 ait,
587 2827 671 2880 fuisse
686 2833 830 2880 contentos
844 2824 864 2882 8
877 2827 969 2890 coelis,
990 2827 1157 2880 recentiores
1179 2826 1314 2882 addidisse
1329 2843 1430 2883 nouum

73 2915 104 2962 et
126 2908 264 2963 decimum
285 2906 332 2963 dec.
372 2909 449 2961 Mala
469 2909 529 2962 lide.
571 2908 622 2971 uui
644 2903 663 2960 8
683 2914 875 2972 numerarunt,
897 2925 991 2961 eorum
1012 2908 1117 2961 animus
1143 2907 1196 2962 fuit
1223 2908 1292 2962 inire
1319 2925 1423 2963 nume·

72 3007 148 3044 rum
180 3005 287 3054 eorum,
319 3005 390 3059 quae
425 2995 598 3042 morerentur
632 2989 659 3042 iu
689 2989 766 3042 coelo
797 2988 853 3042 suis
883 2987 1008 3060 qnodque
1034 2989 1170 3050 motibus;
1201 2987 1315 3043 inventa
1343 2989 1429 3062 igitur

73 3071 133 3135 Sol,
156 3071 248 3134 Luna,
270 3069 388 3140 quinque
407 3069 549 3138 planetae,
572 3076 601 3123 et
615 3086 765 3122 convexum
781 3069 848 3122 illud
869 3069 958 3122 stellis
979 3067 1097 3139 nudique
1119 3068 1260 3122 consitum.
1291 3070 1342 3132 Qui
1363 3087 1428 3124 rere

73 3167 208 3204 causas
236 3150 441 3220 investigarunt
466 3150 561 3203 horum
581 3156 717 3212 motuum,
746 3167 800 3203 uon
819 3150 944 3204 conteuti
964 3150 1075 3202 fuerunt
1096 3145 1115 3202 8
1136 3150 1262 3213 orbibus,
1285 3167 1338 3204 nou
1360 3167 1427 3204 saue

71 3232 253 3286 Aristoteles.
299 3231 417 3302 Falsum·
436 3229 522 3300 igitur
546 3229 618 3283 dixit
643 3229 820 3284 Laurentius.
867 3230 957 3302 Igitur
984 3229 1107 3283 hodierni
1135 3231 1229 3283 eodem
1252 3229 1317 3298 jure
1341 3229 1427 3286 iutro·

73 3315 219 3366 duxeruut
240 3326 339 3364 nouam
361 3316 391 3363 et
411 3311 539 3364 decimam
562 3311 724 3380 sphaeram,
754 3327 807 3380 quo
827 3309 889 3379 jure
909 3309 1075 3363 Aristoteles
1100 3309 1253 3364 introduxit
1274 3312 1353 3365 orbes
1376 3307 1423 3368 55.

168 3394 251 3462 Cap.
274 3393 307 3446 11.
349 3393 478 3460 Apparet
499 3393 532 3444 ad
555 3391 670 3454 oculum,
693 3392 769 3444 coelo
791 3389 912 3444 stellato
927 3390 1041 3461 ejusque
1063 3391 1208 3460 conspicuo
1230 3391 1323 3470 aliquo
1345 3393 1425 3464 signo

76 3467 164 3542 (puta
186 3473 257 3541 apud
279 3473 349 3542 quod
374 3472 513 3524 iuvenitur
540 3473 656 3541 planeta
682 3467 796 3542 aliquis)
817 3471 941 3542 perdici
962 3471 1080 3539 spatium
1108 3472 1233 3525 revoluto
1256 3470 1295 3524 ad'
1311 3476 1426 3527 eandem

75 3561 196 3617 metam,
224 3568 304 3621 quam
325 3551 350 3604 ei
371 3551 430 3622 quis
451 3551 478 3606 iu
500 3553 586 3605 Terra
610 3552 696 3620 ponit,
723 3553 851 3620 planetas
872 3556 904 3604 ut
930 3551 1074 3620 plurimum
1100 3552 1206 3622 quidem
1232 3552 1350 3616 tardius,
1374 3553 1424 3607 ali·

77 3635 187 3702 quaudo
209 3640 300 3685 tamen
321 3632 441 3685 velocius
462 3633 550 3686 redire
573 3634 607 3686 ad
628 3633 705 3685 illam
726 3639 841 3695 ιιιιιιιιι,
870 3633 941 3684 unde
961 3631 1019 3684 illic
1040 3628 1243 3700 ὖιιολειπτικοι,
1269 3633 1315 3686 hic
1337 3653 1426 3707 προη-

75 3733 216 3786 γουμενοι
238 3712 318 3773 dicti;
344 3711 383 3764 sic
403 3711 435 3764 dt
453 3713 527 3766 fixae
553 3729 644 3767 omnes
670 3713 765 3766 eodem
788 3719 862 3767 motu
888 3712 1079 3776 revolvantur,
1108 3711 1249 3783 quaelihet
1270 3713 1376 3784 quidem
1397 3714 1426 3768 iu

76 3811 128 3846 suo
149 3793 301 3863 parallelo,
323 3809 338 3844 e
361 3791 480 3860 planetis
501 3809 566 3846 rere
587 3795 722 3848 Saturnus
750 3792 887 3846 minimum
911 3792 1084 3862 relinquatur
1104 3809 1122 3846 a
1140 3793 1216 3856 fixis,
1238 3793 1318 3847 Luna
1338 3795 1424 3863 pluri·

75 3892 165 3938 mum;
188 3875 290 3943 itaque,
312 3873 381 3942 quod
402 3871 526 3926 diurnum
546 3881 646 3926 motum
668 3874 777 3937 attinet,
797 3874 877 3928 Luna
893 3872 1050 3926 tardissima
1064 3873 1108 3936 sit,
1126 3872 1259 3928 Saturnus
1273 3871 1424 3929 velocitate

74 3957 142 4009 fixis
164 3955 289 4025 proxime
310 3967 369 4021 par.
412 3953 442 4006 iu
462 3953 516 4006 hac
536 3953 633 4007 diuma
652 3954 823 4007 revolutione
845 3971 899 4007 non
919 3960 1026 4008 tantum
1047 3953 1164 4022 planeta
1184 3953 1300 4025 quilibet
1321 3955 1339 4009 a
1359 3955 1423 4009 reli·

76 4037 136 4106 quis
153 4035 276 4090 omnibus
291 4039 320 4087 et
334 4049 352 4085 a
365 4033 426 4086 fixis
441 4033 539 4096 differt,
561 4036 609 4086 sed
623 4034 681 4103 ipse
697 4051 803 4104 quoque
817 4035 923 4088 nullam
936 4050 1055 4104 uuquam
1075 4034 1271 4090 revolutionem
1286 4043 1422 4106 praestat,

75 4135 149 4188 quae
179 4116 329 4184 cuicunque
358 4113 442 4181 priori
463 4130 481 4166 a
506 4131 535 4167 se
563 4114 655 4167 iactae
681 4131 732 4184 per
760 4115 850 4168 omnia
878 4121 1033 4186 congruat:
1064 4121 1113 4168 aut
1141 4115 1211 4168 euim
1236 4116 1346 4187 longior
1373 4125 1423 4172 aut

75 4199 196 4260 brevior,
221 4201 270 4250 aut
290 4195 319 4248 in
339 4193 431 4247 altiori
454 4194 550 4248 autin
573 4193 707 4247 humiliori
729 4195 865 4264 parallelo
887 4195 991 4264 spirali.

157 4279 322 4333 iudicarunt
335 4275 422 4345 igitur
443 4275 599 4337 astronomi,
621 4275 693 4328 hunc
706 4275 830 4328 diurnum
850 4275 981 4344 planetae
995 4278 1097 4328 motum
1118 4275 1240 4345 componi
1256 4295 1293 4332 ex
1307 4280 1420 4344 duobus,

75 4377 191 4432 quorum
212 4359 285 4412 alter
306 4357 342 4408 sit
364 4355 388 4408 ei
410 4355 555 4408 communis
576 4371 635 4408 cum
658 4355 730 4419 fixis,
753 4357 825 4408 alter
845 4354 905 4422 ejus
926 4356 1061 4425 proprius.
1096 4357 1155 4419 Quo
1177 4357 1250 4410 facto
1271 4361 1421 4422 astronomi

76 4443 250 4502 invenerunt,
273 4436 383 4507 quinam
404 4443 478 4489 esset
498 4436 630 4504 planetae
650 4443 739 4490 motus
761 4435 914 4505 aequabilis
936 4441 965 4489 et
978 4452 1028 4505 per
1049 4451 1140 4490 omnes
1160 4437 1346 4492 revolutiones
1368 4435 1420 4494 sibi

77 4523 182 4578 similis.
223 4518 284 4575 Nisi
311 4533 401 4571 rerum
426 4521 528 4570 natura
557 4515 655 4569 fuisset
682 4532 779 4586 passa,
810 4531 946 4586 nunquam
975 4517 1061 4571 talem
1092 4517 1266 4587 aequabilem
1286 4519 1314 4573 iu
1339 4527 1421 4576 tauta

75 4601 285 4672 perturbatione
315 4598 471 4669 potuissent
507 4595 638 4650 invenire.
696 4597 734 4650 Et
767 4595 819 4649 nisi
857 4596 1037 4661 invenissent,
1071 4613 1209 4668 uunquam
1238 4606 1420 4668 apparentem

76 4685 208 4752 planetae
229 4683 318 4735 locum
337 4678 494 4748 potuissent
517 4674 636 4731 numeris
663 4676 791 4748 consequi
811 4681 842 4730 et
860 4677 1018 4747 praedicere
1038 4676 1067 4730 in
1087 4678 1209 4733 futurum
1231 4685 1345 4748 tempus,
1368 4691 1418 4738 aut

76 4763 258 4832 praeteritum
277 4759 431 4830 exprimere
452 4759 486 4812 ad
509 4757 729 4812 observationum
750 4757 906 4812 habitarum
926 4758 1136 4829 praescriptum.

164 4845 249 4899 Porro
270 4841 298 4896 iu
318 4843 404 4906 modo,
432 4855 484 4912 quo
505 4857 543 4894 ex
563 4839 668 4892 duobus
694 4845 901 4908 componeretur
920 4839 1038 4894 motibus
1063 4855 1120 4892 uua
1143 4840 1256 4894 diurnae
1283 4839 1417 4909 planetae
