3464 5524
272 269 317 342 25
694 275 794 328 Literss
811 277 913 342 Kepleri
932 277 1082 344 aliammqne
1100 290 1201 338 mutuas

273 452 461 529 substantie,
491 451 644 532 multoque
674 451 806 530 ipsomm
829 456 1011 520 auctoritate
1035 462 1145 541 magis,
1177 463 1254 543 qnod
1285 463 1375 528 nullis
1403 463 1472 526 aliis
1504 463 1629 545 experi-

273 541 382 606 mentis
407 543 469 606 tale
493 541 563 622 quid
587 540 667 604 circa
690 539 793 604 Solem
817 544 1077 619 animadvertitur,
1109 552 1245 631 quodque
1269 553 1424 616 commode
1447 553 1504 614 hou
1527 553 1627 634 phae-

274 649 433 696 nomenum
454 629 486 694 in
509 631 587 694 alias
610 649 717 692 causas
742 637 833 692 antea
856 633 886 694 in
910 643 1019 700 natura
1040 646 1218 717 praesentes
1241 641 1398 703 transferri
1421 647 1535 721 potest.

364 719 525 785 Sumamus
541 719 618 782 enirn
643 718 733 781 tertio
757 719 822 781 loco
846 721 999 788 Terram
1022 725 1053 788 in
1076 745 1195 802 manus,
1221 747 1297 809 quae
1322 729 1418 792 tribus
1432 729 1528 792 modis
1553 749 1630 792 cau-

164 823 166 828 ’
277 831 344 874 sam
366 807 563 890 phaenomeni
585 807 730 887 praebere
754 815 867 888 potest.
900 813 1035 892 Primus,
1059 816 1085 879 si
1109 816 1258 890 dicamus,
1283 820 1407 881 Terram
1429 837 1496 881 curn
1521 819 1631 882 ambe-

276 907 347 962 unte
378 897 527 960 crassiore
554 903 642 974 parte
666 896 746 958 airis
764 897 869 976 jacere
892 902 1043 979 umbram,
1075 905 1104 968 in
1128 925 1216 985 quam
1239 907 1377 986 ingressa
1391 908 1478 969 Inna
1502 908 1632 970 claritu-

277 989 377 1050 dinem
399 986 535 1048 amittat:
562 984 626 1063 jam
650 1002 724 1046 vero
745 993 862 1065 partem
887 991 967 1052 aeris
990 994 1168 1056 crassiorem
1192 997 1397 1058 transmittere
1421 997 1523 1058 radios
1548 995 1633 1059 Solis

275 1081 438 1155 exparte,
474 1071 580 1153 quibus
613 1072 782 1136 obscuratis
815 1079 909 1140 radiis
941 1081 1031 1143 rubor
1060 1083 1110 1144 ille
1135 1083 1296 1160 efficiatur,
1330 1103 1397 1146 cum
1428 1103 1500 1164 pars
1524 1086 1634 1148 Lunae

277 1165 410 1228 existens
434 1162 464 1224 in
488 1161 542 1222 illa
563 1161 682 1236 umbra,
708 1181 798 1242 quam
817 1167 895 1247 jacit
918 1169 1013 1232 Terra
1035 1169 1189 1234 soliditate
1213 1193 1281 1247 sua,
1311 1174 1431 1254 penitus
1454 1183 1634 1237 evanescat.

276 1255 388 1316 Posset
412 1250 532 1332 quidem
564 1257 597 1311 et
619 1251 677 1314 iste
701 1253 806 1316 modus
830 1258 962 1320 nonnihil
991 1260 1186 1336 satisfacere,
1219 1262 1272 1322 sed
1297 1270 1444 1342 repugnat
1466 1263 1511 1324 illi
1534 1264 1636 1343 primo

460 1375 516 1442 pig,
540 1371 581 1424 15,
779 1346 928 1420 calculus,
961 1367 1119 1411 assumens
1142 1349 1373 1413 crassitudinem
1405 1351 1528 1412 umbrae
1553 1351 1636 1414 Ter-

780 1435 886 1497 restris
904 1435 1083 1517 KM,'quae
1106 1447 1189 1500 esset
1212 1446 1329 1500 tantum
1348 1439 1413 1513 LN,
1439 1447 1471 1501 et
1492 1441 1538 1502 sic
1562 1440 1637 1502 dia-

780 1533 906 1586 metrum
921 1525 1031 1587 Terrae
1047 1527 1162 1601 dicens,
1188 1546 1264 1607 quae
1280 1535 1363 1587 esset
1387 1527 1534 1589 diameter
1553 1527 1637 1590 Ter‘-

780 1635 833 1678 rae
856 1632 923 1675 cum
947 1615 1117 1692 vaporibus.
1156 1613 1244 1684 Quod
1263 1615 1342 1676 enim
1357 1615 1527 1678 differentia
1551 1616 1639 1679 inter

780 1711 936 1784 utramque
961 1703 1072 1764 dictam
1105 1702 1283 1764 diametrum
1310 1703 1399 1764 valde
1422 1705 1569 1768 notabilis
1594 1705 1639 1766 sit

781 1795 889 1865 futura,
915 1791 1015 1870 arguit
1028 1791 1182 1853 rubedinis
1205 1792 1235 1852 in
1258 1791 1346 1853 Luna
1368 1793 1554 1872 magnitudo,
1581 1802 1637 1856 te-

780 1899 855 1960 gens
882 1879 999 1942 Lunam
1030 1882 1093 1941 iere
1123 1880 1287 1942 dimidiam.
1333 1881 1450 1942 Deinde
1482 1878 1641 1962 repugnat

780 1969 849 2032 huic
872 1969 961 2030 modo
985 1968 1219 2048 experimentum
1244 1969 1273 2029 iu
1298 1988 1347 2042 eo,
1373 1971 1451 2049 quod
1474 1971 1556 2032 iuter
1580 1991 1639 2032 ru-

660 2136 662 2139 .
780 2058 919 2120 bedinem
942 2065 1095 2120 strueres
1119 2057 1261 2120 tenebras
1291 2057 1388 2120 nullus
1420 2066 1520 2121 certus
1543 2059 1641 2120 limes

782 2147 931 2229 apparuit.
977 2147 1024 2210 At
1046 2146 1094 2208 hio
1117 2147 1196 2209 inter
1218 2164 1327 2209 causas
1350 2145 1505 2226 utriusque
1530 2155 1640 2210 certus

781 2246 814 2298 et
845 2237 934 2297 valde
966 2235 1110 2297 notabilis
1134 2236 1219 2297 limes
1250 2235 1386 2299 interest.
1433 2235 1513 2298 Nam
1537 2237 1577 2298 ab
1602 2237 1643 2297 Μ

782 2327 820 2386 ad
844 2325 872 2388 N
897 2325 955 2386 etsi
978 2325 1189 2404 inaequaliter,
1225 2341 1344 2402 semper
1372 2331 1472 2386 tamen
1502 2341 1642 2404 vapores

783 2415 835 2476 lux
856 2421 1010 2494 penetrat,
1035 2421 1068 2474 at
1091 2415 1120 2474 in
1135 2414 1165 2474 N
1179 2413 1278 2474 subito
1301 2412 1438 2492 disparet
1461 2415 1558 2476 omnis
1584 2415 1644 2475 lux

783 2512 815 2564 et
843 2510 1006 2581 sequuntur
1037 2521 1137 2564 merae
1169 2502 1321 2564 tenebrae.
1367 2501 1411 2563 Et
1438 2501 1482 2564 sic
1510 2520 1569 2564 non
1604 2511 1643 2564 ut

783 2592 812 2652 in
836 2591 923 2652 Luna
953 2591 1041 2651 rubor
1072 2598 1104 2652 et
1133 2590 1291 2662 tenebrae,
1324 2589 1370 2651 sic
1401 2590 1449 2652 hic
1472 2591 1550 2667 MN,
1576 2591 1643 2652 LN

783 2681 848 2742 sine
872 2685 954 2740 certo
978 2687 1009 2740 et
1028 2679 1138 2740 visibili
1162 2677 1287 2739 termino
1311 2679 1482 2754 cohaerent,
1506 2679 1560 2741 sed
1587 2686 1646 2740 est

783 2768 857 2831 inN
880 2767 1057 2828 manifestus
1082 2768 1192 2840 saltus,
1218 2765 1289 2846 quia
1312 2767 1350 2828 ad
1374 2769 1491 2831 oculum
1513 2767 1643 2831 discre-

783 2865 859 2938 pant
882 2875 1008 2935 opacum
1032 2865 1064 2917 et
1085 2854 1276 2935 pellucidum.

850 2945 940 3007 Alter
969 2944 1088 3018 modus,
1122 2945 1148 3005 si
1173 2943 1321 3018 dicamus,
1355 2961 1484 3021 vapores
1516 2943 1646 3022 quidem

784 3033 865 3097 circa
888 3034 1011 3094 Terram
1035 3033 1161 3094 extimos
1178 3031 1285 3112 juvare
1309 3033 1402 3092 etiam
1427 3033 1466 3094 ad
1489 3031 1648 3106 umbram,

785 3122 907 3202 ejusque
931 3121 1140 3184 extremitates
1159 3122 1279 3200 jacere,
1313 3121 1367 3181 sed
1399 3113 1508 3201 postea
1531 3119 1648 3182 radios

785 3209 866 3272 Solis
889 3211 919 3271 in
943 3209 1017 3289 ipsis
1041 3207 1202 3290 vaporibus
1218 3218 1248 3270 et
1267 3209 1408 3271 crassiori
1423 3215 1492 3270 aere
1511 3207 1649 3288 refringi

785 3300 956 3362 introrsum.
994 3299 1037 3363 Ut
1060 3312 1111 3378 ψω
1135 3304 1184 3359 est
1206 3297 1362 3360 crassities
1377 3297 1498 3359 umbrae
1522 3298 1553 3359 in
1569 3298 1648 3360 oal-

785 3388 865 3462 culo,
887 3388 975 3466 jacta
998 3388 1036 3448 ab
1061 3387 1204 3448 extremis
1219 3387 1329 3447 Terrae
1354 3385 1526 3466 vaporibus.
1575 3385 1649 3448 Sed

779 3479 844 3562 jam
868 3477 934 3537 sola
956 3477 1054 3555 portio
1079 3472 1132 3547 ευζ
1147 3484 1195 3535 est
1227 3475 1364 3536 immunis
1394 3475 1432 3536 ab
1457 3472 1650 3536 omnimodis

784 3565 866 3628 Solis
896 3565 1002 3634 radiis,
1036 3564 1178 3644 quidquid
1206 3565 1285 3624 inter
1307 3585 1350 3624 vor
1384 3572 1416 3625 et
1438 3575 1483 3643 up
1507 3569 1572 3637 est,
1608 3562 1649 3625 id

785 3655 992 3732 frequentatur
1006 3672 1025 3712 a
1039 3652 1130 3714 radiis
1155 3651 1295 3713 refractis
1309 3669 1364 3730 per
1386 3669 1515 3730 vapores
1532 3659 1649 3712 trans-

784 3741 932 3804 euntibus.
979 3741 1057 3804 Nam
1080 3738 1113 3820 γζ
1131 3740 1307 3818 refringitur
1330 3740 1358 3800 in
1374 3736 1408 3811 ζυ
1432 3747 1464 3800 et
1487 3741 1523 3818 βε
1547 3740 1578 3800 in
1596 3761 1647 3803 ev.

784 3833 890 3909 ltaque
918 3829 944 3889 si
968 3829 1056 3890 Luna
1082 3835 1131 3890 est
1160 3829 1241 3889 intra
1267 3824 1320 3900 ευζ
1345 3847 1456 3890 meram
1491 3828 1650 3900 umbram,

785 3927 870 3982 caret
884 3919 963 3979 omni
987 3918 1071 3979 radio
1095 3917 1187 3990 Solis,
1212 3935 1269 3978 nec
1292 3917 1350 3977 nisi
1373 3935 1428 3996 per
1450 3915 1647 3980 illustratio-

784 4027 851 4072 nem
881 4007 1038 4069 stellarum
1064 4005 1129 4067 Soli
1159 4005 1323 4067 vicinarum
1348 4006 1487 4067 cernitur.
1535 4005 1581 4068 At
1616 4005 1651 4068 si

784 4104 833 4160 est
855 4113 946 4174 supra
969 4118 996 4166 v,
1021 4093 1224 4156 illustratura
1240 4093 1417 4173 quibusdam
1437 4092 1520 4156 Solis
1545 4092 1652 4155 radiis

784 4183 936 4256 refractis,
970 4183 1058 4262 idque
1092 4201 1126 4244 eo
1150 4183 1247 4261 magis
1271 4181 1428 4257 continue,
1457 4199 1516 4261 quo
1542 4181 1653 4262 magis

785 4275 825 4336 ad
840 4273 1049 4334 extremitates
1063 4284 1136 4348 cap
1151 4271 1324 4333 accesserit.
1348 4270 1451 4350 Atque
1466 4269 1537 4331 huic
1552 4271 1652 4332 modo

785 4363 823 4424 ad
848 4361 991 4422 amussim
1014 4360 1176 4438 respondet
1199 4367 1332 4420 nostrum
1352 4359 1501 4438 eclipseos
1517 4359 1652 4438 experi-

784 4459 926 4514 mentum.
973 4449 1039 4512 Nec
1077 4447 1153 4522 scio,
1195 4447 1264 4525 quid
1295 4467 1333 4510 ex
1364 4448 1432 4510 aliis
1469 4446 1653 4527 disciplinis

783 4541 827 4602 illi
852 4538 951 4619 possit
974 4537 1078 4617 objici,
1102 4535 1160 4597 nisi
1184 4535 1256 4608 hoc,
1286 4538 1365 4616 quod
1388 4535 1495 4597 umbra
1518 4535 1606 4597 circa
1624 4559 1651 4598 or

784 4631 873 4706 longe
897 4625 1006 4688 clarior
1029 4626 1083 4700 sit,
1116 4643 1203 4704 quam
1228 4631 1261 4684 ut
1284 4633 1382 4687 atram
1405 4624 1489 4685 illam
1514 4624 1653 4686 rubedi-

784 4735 852 4778 nem
881 4715 1037 4795 producat.
1083 4713 1125 4774 Et
1157 4731 1223 4773 oum
1257 4713 1370 4775 nullum
1403 4719 1520 4774 certum
1553 4713 1655 4774 lineru

784 4804 917 4866 habeant
953 4819 1082 4882 vapores
1115 4801 1196 4864 circa
1229 4799 1368 4878 Terram,
1407 4799 1463 4864 sed
1497 4801 1655 4866 continue
