3464 5524
317 275 360 346 54
737 280 838 332 Litarac
856 279 957 345 chleri
976 279 1124 344 aliorumque
1143 283 1244 329 mutuas

317 462 417 511 risibilis
428 461 488 511 duos
501 463 591 520 radios,
606 461 667 510 duas
688 462 782 524 species
802 459 839 509 rel
852 459 933 523 plures
955 475 1002 510 uno
1017 461 1087 510 oculo
1107 462 1182 524 recipi
1196 466 1221 509 et
1233 461 1319 510 sentiri
1332 456 1411 508 simul.
1447 455 1537 520 Neque
1550 455 1601 505 hoc
1613 457 1670 506 a'l'c

318 533 512 584 demonstratum
526 539 593 596 puto,
613 546 669 589 nec,
693 533 740 580 nisi
758 531 805 580 duo
818 545 913 596 organa
934 532 1024 585 risoris
1044 532 1077 580 ibi
1093 531 1225 596 tingamus,
1244 531 1270 580 id
1292 531 1343 581 lieri
1363 541 1435 593 posse
1447 528 1507 578 mihi
1529 540 1670 590 nnuman
1724 531 1725 576 i

316 606 405 655 habeo.
444 603 517 665 Quod
530 619 585 654 cero
598 603 674 653 otiam
688 603 775 665 capitis
787 605 920 652 motionem
932 604 1054 666 proponis,
1073 604 1156 661 miror,
1176 617 1231 653 cum
1244 603 1307 654 haec
1320 599 1380 652 nibil
1393 599 1505 649 conterat
1525 599 1559 648 ad
1573 597 1669 648 locatio·
1724 597 1725 664 l

319 690 376 726 nem
388 676 511 740 imaginis,
531 675 575 725 sed
588 673 621 724 ad
638 673 684 722 loci
698 673 908 736 dijudicationem,
932 688 995 738 quae
1009 680 1115 738 estopas
1128 675 1239 724 rationis.
1277 673 1322 722 Est
1336 678 1420 722 autem
1434 669 1502 738 aliud
1514 670 1603 718 locare
1615 671 1669 719 ims-
1724 695 1725 712 1

319 749 412 812 ginem,
435 745 502 796 aliud
524 746 604 795 locum
622 751 648 794 et
667 745 739 793 situm
754 747 807 807 ejus
830 746 962 794 aestimare
976 745 1168 808 distantiamque
1189 751 1273 794 mente
1292 745 1381 794 metiri.
1419 741 1458 790 Ad
1477 741 1525 791 hoc
1545 755 1600 789 non
1613 755 1670 806 nego
1724 763 1725 804 i

320 819 432 867 conterre
452 817 598 866 dualitatem
620 815 745 865 oculomm
761 823 787 864 et
808 817 895 880 capitis
908 823 998 876 motus,
1020 817 1052 866 ad
1071 816 1131 865 illud
1143 831 1199 866 vero
1213 815 1280 864 nibil.
1318 815 1421 877 Insuper
1439 814 1491 876 ipsc
1513 824 1592 861 casus
1614 811 1670 861 a'l'c
1724 835 1725 872 ι

320 885 386 953 (cap.
400 887 448 946 111,
463 885 485 935 2.
499 903 567 952 prop.
583 883 626 948 18)
638 888 776 950 propositus
789 889 939 936 senteutiam
953 893 1023 936 tuam
1035 888 1065 937 de
1079 901 1198 937 concursu
1211 887 1378 936 mctatrioium
1391 885 1486 934 avortit
1511 883 1582 932 biam
1597 883 1670 947 iuragc
1724 879 1725 924 ξ

319 963 345 1010 in
356 960 402 1010 tali
414 959 537 1008 oculomm
550 959 599 1007 situ
610 973 661 1006 non
672 963 775 1020 apparet
787 959 863 1007 unica
876 956 951 1022 (quod
969 959 1067 1008 omnino
1081 959 1225 1023 contingere
1239 964 1369 1021 oporteret,
1383 957 1404 1004 si
1416 958 1469 1018 ejus
1483 955 1551 1004 locus
1573 956 1671 1003 essetin
1724 961 1725 998 t

320 1035 410 1094 puncto
430 1043 561 1079 concursus
575 1027 600 1078 S.
619 1027 660 1092 fig.
676 1025 736 1088 53),
753 1028 798 1078 sed
819 1031 927 1094 gemina.
966 1027 1038 1089 Quod
1060 1030 1186 1092 explorare
1209 1028 1276 1084 licet,
1299 1031 1319 1077 si
1341 1028 1394 1092 quis
1414 1025 1484 1076 oculo
1506 1023 1525 1075 C
1544 1027 1670 1076 remotiore

320 1102 412 1158 clauso.
427 1100 531 1150 alterum
543 1099 568 1150 Η
586 1099 686 1164 speculo
706 1101 847 1150 viciniorem
868 1107 980 1163 apertum
997 1101 1098 1166 imagini
1119 1101 1247 1164 apparenti
1264 1099 1366 1149 firmiter
1377 1097 1478 1146 infixum
1495 1097 1668 1160 immotumque

319 1177 413 1228 teneat.
434 1171 522 1221 deinde
540 1173 644 1220 alterum
662 1169 792 1220 o'culumC
810 1171 920 1221 clausum
937 1173 1028 1221 sensim
1046 1171 1149 1236 aperiat.
1193 1169 1235 1220 Sic
1255 1171 1321 1220 enim
1340 1169 1432 1219 ridebit
1449 1173 1549 1232 praeter
1570 1168 1668 1230 priorem

318 1243 386 1293 illam
407 1255 496 1291 novam
517 1243 573 1290 oriri
594 1241 728 1306 imaginem
748 1243 773 1290 in
791 1241 846 1291 loco
868 1241 1024 1306 profundiore
1045 1241 1147 1306 speculi.
1183 1240 1256 1302 Quae
1278 1241 1430 1305 experientia
1451 1245 1518 1289 ccrtc
1537 1239 1667 1292 convincit.
1724 1243 1725 1272 i

319 1313 394 1364 cnivis
415 1312 485 1362 oculo
505 1313 658 1376 peculiarem
679 1312 760 1363 offerri
783 1314 916 1377 imaginem
939 1320 965 1363 st
986 1315 1151 1362 trustrancum
1173 1327 1228 1364 esse
1244 1319 1314 1362 tuum
1332 1311 1497 1362 metaaiciuac
1516 1323 1667 1359 concursum.

318 1385 348 1434 ln
370 1397 478 1434 concavo
497 1385 597 1448 speculo
616 1383 680 1434 haec
698 1383 787 1434 clarius
805 1390 947 1434 comuntur.
985 1383 1102 1436 Luoeatis
1116 1385 1203 1434 Lunae
1225 1383 1262 1433 rel
1279 1383 1395 1432 lucernae
1408 1381 1447 1431 vel
1460 1381 1562 1430 altanus
1576 1381 1613 1430 rei
1626 1381 1668 1430 eri·

319 1455 399 1506 dentis
413 1469 504 1520 quaere
517 1457 651 1520 imaginem
673 1455 698 1504 in
720 1455 848 1518 sphaerico
869 1469 994 1505 concavo:
1017 1469 1056 1518 ea,
1078 1456 1098 1503 si
1116 1470 1191 1504 unum
1203 1461 1300 1504 tantum
1316 1454 1396 1518 aperis
1409 1452 1515 1508 oculum,
1528 1457 1570 1501 est
1583 1453 1668 1502 unies:

318 1527 357 1575 sin
380 1526 484 1576 alterum
504 1540 599 1591 qnoque
622 1527 711 1589 aperis,
733 1531 836 1590 apparet
857 1525 965 1591 gemina,
987 1527 1108 1575 dexterior
1119 1526 1217 1590 quidem
1229 1526 1335 1585 sinistro,
1355 1525 1491 1574 sinisterior
1504 1523 1593 1572 dextro
1608 1523 1669 1571 occulo

319 1595 427 1656 offertur,
442 1597 479 1647 vel
492 1599 621 1646 cranesoit
632 1611 661 1646 eo
674 1597 767 1646 clauso.
804 1596 853 1646 Ubi
873 1598 947 1662 igitur
965 1597 1006 1647 bio
1017 1597 1059 1646 illc
1077 1597 1241 1647 metatricium
1255 1593 1406 1646 concursus?
1442 1593 1500 1644 Noli
1520 1591 1584 1642 milui
1596 1593 1669 1643 denuo

318 1667 425 1731 objicere
446 1668 556 1732 pupillae
576 1667 744 1717 latitudinem:
767 1668 901 1717 nonenim
919 1669 1036 1728 concedo,
1058 1669 1090 1718 ab
1111 1682 1162 1718 una
1183 1683 1208 1716 rs
1228 1667 1315 1716 visibili
1336 1666 1398 1716 duas
1419 1666 1517 1729 species
1537 1665 1669 1714 unioculo
1724 1697 1725 1740 ,

318 1739 422 1803 imprimi
440 1740 529 1789 ceteris
546 1739 653 1803 paribus,
677 1745 704 1788 et
717 1753 773 1788 oum
786 1739 874 1801 opticis
895 1741 967 1788 nnius
979 1740 1113 1804 pyramidis
1126 1739 1239 1788 radicare
1257 1753 1333 1788 unum
1345 1743 1442 1786 tantum
1455 1751 1527 1786 uem
1548 1751 1603 1784 non
1616 1735 1670 1784 dnos
1724 1741 1725 1744 ’

319 1816 410 1860 statuo.
447 1809 502 1859 Nec
515 1810 626 1874 estquod
637 1809 701 1860 torte
713 1810 851 1873 suspiceris,
871 1811 992 1875 imagines
1009 1811 1081 1860 modo
1095 1811 1174 1859 dictas
1187 1823 1306 1873 apparere
1319 1809 1417 1873 quidem
1437 1807 1482 1856 sed
1500 1821 1550 1856 non
1569 1807 1668 1855 locatas.

318 1879 384 1930 Nam
405 1881 611 1944 quamadmodum
632 1880 702 1929 nulla
717 1882 800 1945 imago
815 1888 950 1944 spectatur,
971 1895 1034 1946 quae
1053 1896 1101 1930 non
1119 1882 1151 1930 sit
1163 1885 1258 1944 quanta
1270 1885 1296 1928 ct
1309 1879 1425 1946 figurata,
1447 1879 1484 1927 ita
1496 1877 1566 1928 nulls
1579 1891 1669 1942 qnoque

264 1962 267 1968 ·
320 1957 425 2016 apparet
437 1967 487 2000 non
497 1952 589 2009 locata,
609 1951 728 2014 siquidem
740 1951 805 2002 baec
818 1953 866 2000 tria
875 1953 1014 2002 necessario
1033 1959 1058 2002 et
1070 1952 1216 2002 naturaiiter
1229 1952 1377 2001 comitantur
1388 1951 1531 2015 imaginem,
1552 1948 1669 2014 quemad·

318 2023 418 2073 modurn
438 2023 598 2088 magnitudo,
629 2021 708 2087 figura
730 2030 756 2072 ει
776 2023 846 2072 locus
867 2023 1064 2086 inseparabiliter
1083 2023 1221 2076 adbaerent
1241 2023 1276 2072 rei
1298 2021 1392 2072 visibili.
1429 2019 1500 2075 Scio.
1525 2034 1628 2070 sensnm
1648 2027 1670 2068 et

319 2095 442 2144 rationem
462 2095 488 2143 in
507 2093 646 2156 judicanda
663 2093 798 2144 distantiae
817 2109 933 2144 mensura
952 2094 1024 2144 facila
1042 2094 1130 2158 decipi,
1154 2093 1219 2158 quod
1240 2099 1267 2142 tu
1287 2093 1398 2156 exemplo
1411 2091 1616 2142 domunculamm
1630 2107 1669 2156 per

318 2164 442 2214 foramina
460 2169 486 2214 et
507 2165 581 2214 nanas
601 2164 726 2214 caleamm
749 2167 919 2228 apparentium
941 2165 1053 2216 declaras
1073 2163 1108 2228 (p,
1122 2162 1178 2226 ta).
1215 2165 1250 2214 At
1270 2163 1317 2214 hoc
1345 2163 1405 2213 nihil
1424 2161 1533 2214 detrahit
1553 2161 1669 2212 locationi

318 2234 447 2299 imaginis,
464 2236 538 2284 sicuti
552 2241 577 2285 et
590 2235 645 2284 loco
658 2235 746 2284 Lunae
761 2242 786 2285 ει
795 2236 920 2285 stellarum
933 2235 993 2285 nibil
1005 2237 1063 2285 inde
1076 2236 1221 2292 detrahitur,
1241 2235 1339 2284 etiamsi
1357 2236 1422 2284 risus
1434 2236 1499 2284 ratio
1508 2232 1670 2283 hallucinatur

319 2307 346 2355 in
365 2306 523 2355 aestimanda
543 2320 628 2356 earnm
647 2307 774 2355 distantia.
813 2305 897 2364 Haec,
923 2308 956 2355 mi
975 2307 1098 2370 Keplerc.
1125 2307 1232 2357 candide
1250 2312 1279 2355 ut
1296 2307 1389 2363 santio,
1417 2319 1468 2354 non
1486 2304 1668 2354 contradicendi

320 2375 402 2426 studio
421 2377 515 2440 scripsi,
544 2377 688 2441 exquibus,
716 2383 745 2426 ut
763 2379 856 2440 opinor,
881 2379 936 2441 ipsc
956 2391 1085 2442 agnosces,
1109 2383 1178 2428 inam
1196 2377 1347 2426 senmntiam
1377 2376 1408 2426 dc
1425 2376 1594 2425 mctatriciam
1614 2391 1666 2425 oon·

320 2460 393 2498 cursu
421 2448 555 2498 consistere
579 2463 628 2497 non
647 2462 727 2512 posse.
764 2448 802 2498 Tu
827 2449 954 2512 posteriori
978 2449 1096 2498 adscribis
1115 2449 1179 2512 qnod
1202 2454 1241 2497 est
1258 2448 1352 2510 prioris,
1379 2446 1437 2497 dum
1455 2445 1571 2496 dualitati
1591 2446 1666 2496 oculo-

318 2533 372 2568 rum
392 2517 477 2568 tribuis
496 2519 603 2570 oitioium
622 2519 721 2570 locandi
740 2520 883 2584 imaginem,
909 2520 973 2584 quod
991 2519 1117 2569 reflexioni
1136 2519 1239 2569 debetur
1258 2533 1361 2582 eamque
1385 2518 1526 2568 necessario
1545 2517 1666 2582 consequi·

319 2597 376 2647 tur;
396 2587 485 2639 deiude
504 2591 568 2640 oculi
588 2591 621 2640 ad
638 2591 756 2641 visionem
775 2605 802 2640 se
820 2582 915 2640 habcht
931 2592 1029 2654 passive
1046 2605 1095 2639 non
1115 2591 1204 2645 active,
1225 2595 1252 2638 at
1269 2589 1403 2654 imaginem
1421 2588 1505 2638 locsrc
1524 2593 1563 2637 est
1581 2587 1668 2652 aliquid

321 2674 405 2726 agero,
425 2675 474 2710 non
492 2662 552 2724 pati.
589 2660 647 2711 Non
665 2665 731 2724 puto,
751 2676 792 2712 mc
809 2661 858 2712 hac
876 2663 902 2710 iu
922 2677 949 2712 re
968 2676 1059 2720 errare,
1081 2667 1193 2711 attamen
1211 2662 1233 2710 si
1251 2659 1290 2709 rol
1309 2675 1326 2710 a
1343 2660 1378 2708 Τε
1396 2661 1504 2708 monitus
1522 2658 1559 2708 rel
1578 2659 1669 2722 proprio

319 2731 448 2781 ratiocinio
468 2732 588 2782 adductus
608 2746 713 2783 errorem
732 2731 840 2796 aliquem
859 2733 1050 2798 deprehendero.
1069 2738 1157 2796 spouts
1176 2732 1294 2782 desistam
1312 2737 1339 2780 et
1350 2725 1489 2787 veritatem,
1508 2743 1581 2795 quam
1598 2729 1670 2780 unica

321 2807 421 2868 appeto,
440 2804 563 2853 sectabor.
601 2803 702 2853 Vitellio
721 2819 818 2854 mecum
837 2805 922 2862 sentit,
941 2807 982 2868 qui
999 2819 1072 2854 omna
1088 2806 1129 2865 jus
1147 2809 1173 2853 st
1190 2805 1318 2866 imperium
1330 2803 1356 2851 in
1369 2802 1490 2865 imagines
1503 2802 1564 2849 asni
1577 2800 1668 2856 adimit,

319 2871 420 2938 quando
439 2874 465 2922 in
484 2874 638 2938 praefatione
657 2875 711 2924 libri
730 2875 759 2924 X.
779 2875 877 2926 scribit:
904 2875 997 2934 ,risira
1015 2874 1122 2940 cognitio
1141 2875 1239 2940 signum
1258 2879 1305 2930 est,
1331 2889 1380 2922 non
1399 2885 1485 2922 causa.
1524 2869 1580 2922 Non
1605 2873 1670 2921 euim

322 2945 383 3010 qnia
400 2945 467 2994 visus
485 2946 520 2994 sic
539 2946 614 3004 videt,
633 2946 744 3016 ideolsic
763 2947 855 2996 accidit
873 2947 898 2994 in
917 2946 999 2995 formis
1017 2961 1098 2996 rerum
1116 2945 1153 2996 sic
1171 2947 1310 3010 agentium:
1335 2943 1380 2996 sod
1398 2944 1457 3009 quia
1473 2943 1511 2993 sic
1530 2947 1605 3008 agunt
1625 2943 1668 2992 ior·

318 3028 375 3064 mac
394 3016 531 3074 naturales,
552 3017 608 3068 ideo
626 3018 693 3081 ipsas
711 3018 748 3066 sic
767 3023 871 3082 agentes
889 3017 957 3066 videt
974 3016 1063 3066 risus“.

406 3104 610 3185 Keplerus:
642 3105 779 3167 Adoriris
803 3124 901 3170 meam
926 3104 1127 3168 definitionem
1152 3105 1209 3167 loci
1241 3103 1390 3182 imaginis.
1437 3101 1523 3165 Nihil
1545 3099 1668 3182 trepido,

319 3194 448 3255 confisus
471 3193 602 3256 bonitati
630 3213 750 3256 causae.
797 3194 869 3257 Ais:
904 3195 1051 3255 neminem
1083 3195 1248 3272 opticornm
1273 3191 1426 3266 docuisse,
1460 3190 1547 3253 unius
1570 3189 1669 3270 puncti
1724 3219 1725 3267 p

319 3281 394 3344 duos
417 3280 518 3343 radios
549 3300 606 3343 uno
639 3281 724 3344 occid
755 3283 864 3362 recipi,
903 3281 1122 3346 convincendus
1154 3296 1191 3343 ex
1214 3279 1368 3362 principiis
1393 3280 1521 3360 optioes.
1566 3279 1667 3343 Nonne

319 3387 404 3432 omne
419 3377 560 3450 punctum
579 3371 722 3433 radiatio
738 3379 833 3433 totum
849 3370 1121 3450 hemisphaerium?
1143 3371 1250 3434 Nonne
1266 3369 1395 3430 latitudo
1415 3369 1547 3448 pupillae
1561 3373 1666 3446 puncto
1724 3367 1725 3418 i

320 3458 363 3521 ilii
387 3458 545 3538 oppositae
567 3466 614 3522 εει
636 3477 707 3539 pars
731 3459 963 3541 hemisphaerii?
1007 3459 1114 3523 Nonne
1138 3465 1250 3539 puncta
1264 3457 1390 3537 aliquus
1414 3456 1580 3537 superficiei
1601 3461 1668 3515 sunt

322 3547 459 3610 infinita?
505 3546 612 3611 Nonne
627 3549 720 3629 igitur
734 3556 804 3610 sunt
827 3550 913 3612 nnius
936 3547 1039 3629 puncti
1063 3548 1092 3610 in
1112 3547 1257 3629 pupillam
1271 3547 1407 3608 cadentis
1421 3545 1555 3607 infinitae
1569 3543 1667 3606 radia-

320 3635 436 3700 tiones?
483 3637 587 3717 ltaque
612 3657 669 3700 non
695 3643 758 3698 tam
782 3638 871 3700 facile
904 3637 1057 3700 concuties
1082 3657 1181 3698 meam
1211 3635 1393 3698 sententiam
1416 3635 1456 3696 dc
1479 3633 1575 3696 officio
1597 3632 1665 3694 lati-

320 3724 434 3788 tudinis
458 3725 536 3786 oculi
559 3725 588 3786 in
612 3727 746 3788 notanda
769 3725 924 3790 distantia.
971 3727 1080 3802 Putas,
1114 3727 1153 3787 ad
1183 3726 1256 3786 dnos
1287 3724 1389 3786 radios
1419 3723 1463 3785 rei
1491 3723 1576 3785 unius
1598 3736 1666 3800 opus
1724 3725 1725 3784 i

319 3833 387 3876 csse
412 3813 526 3876 dnobus
550 3815 687 3893 organis:
722 3815 831 3898 partim
852 3815 928 3877 bene
953 3813 1042 3889 dicis,
1075 3814 1187 3894 partim
1215 3815 1303 3875 male.
1350 3812 1433 3874 Male
1456 3811 1486 3873 in
1511 3829 1561 3884 eo,
1593 3808 1666 3890 quod

319 3903 451 3985 speciem
475 3909 508 3964 et
533 3903 649 3964 radium
674 3903 845 3979 conlundis;
869 3903 971 3966 radius
996 3911 1044 3965 est
1065 3903 1182 3985 puncti,
1208 3903 1325 3982 species
1341 3908 1463 3962 constat
1486 3917 1524 3961 ex
1547 3895 1665 3979 siugulis
1724 3921 1725 3938 2

319 3999 372 4055 aut
394 3991 474 4054 binis
490 3991 618 4052 omnium
634 3991 761 4053 visibilis
784 4000 961 4071 punctorum
984 3992 1092 4068 radiis,
1118 3993 1176 4054 imo
1196 4007 1233 4053 ex
1253 3989 1438 4069 singulorum
1450 3989 1582 4062 inlicitis,
1604 4002 1664 4056 sen,
1724 4029 1725 4054 ,

319 4088 354 4143 ut
375 4081 420 4142 ita
443 4081 557 4154 dicam,
587 4079 824 4160 superficialibus
844 4081 952 4158 radiis,
986 4079 1036 4162 qui
1060 4089 1161 4143 tamen
1186 4079 1366 4142 refractione
1390 4078 1420 4140 in
1444 4093 1533 4141 unum
1555 4075 1663 4138 retinas
1724 4069 1725 4160 i

319 4176 460 4250 punctum
484 4168 593 4249 singuli
617 4170 842 4234 contrahuntur.
890 4171 973 4232 Bene
996 4189 1068 4232 vero
1093 4170 1181 4244 diois,
1207 4177 1279 4249 quot
1302 4167 1379 4229 radii
1402 4183 1523 4229 sensnm
1546 4181 1663 4226 moren-

320 4269 367 4320 tes
391 4265 438 4320 tot
462 4277 530 4321 esse
553 4265 665 4337 puncta
688 4258 878 4321 instrumenti
902 4259 1039 4322 censorii.
1086 4259 1166 4322 Nam
1194 4265 1227 4320 ut
1258 4255 1375 4337 pupilla
1404 4255 1483 4318 oculi
1506 4249 1663 4334 superficiei

320 4355 436 4426 partem
460 4353 596 4427 occupat,
622 4367 698 4428 quae
722 4356 770 4409 est
791 4348 973 4411 infinitorum
986 4355 1174 4427 punctorum,
1197 4347 1241 4408 sic
1265 4347 1295 4407 in
1310 4351 1429 4407 essunt
1451 4341 1544 4406 etiam
1564 4337 1663 4403 inanit
1724 4335 1725 4420 J

321 4434 411 4509 radii3
437 4443 468 4496 tu
492 4437 528 4498 de
553 4435 667 4498 duobus
692 4455 724 4498 es
748 4437 906 4499 sollicitus.
953 4435 1092 4508 Quassas
1116 4443 1147 4498 et
1170 4433 1332 4498 motionem
1350 4432 1475 4514 capitis,
1499 4443 1662 4512 quamsae-
1724 4432 1725 4504 j

321 4524 485 4586 centuriavt
510 4523 650 4587 dualitati
676 4525 842 4612 oculornm3
867 4545 961 4606 negas
985 4526 1085 4588 facere
1109 4526 1148 4587 ad
1172 4524 1353 4588 locationem
1377 4520 1530 4601 imaginis,
1555 4517 1605 4582 ¹sed
1625 4511 1663 4574 ad
1724 4529 1725 4592 ι

322 4611 379 4673 1οεὶ
412 4611 666 4692 dijudicationem.
713 4615 777 4676 Imo
810 4615 867 4677 loci
899 4609 1074 4696 dijudicatio
1104 4621 1151 4676 est
1182 4612 1306 4676 locatio.
1353 4608 1528 4673 Locationis
1559 4618 1663 4686 genera

323 4699 397 4760 duo:
435 4717 537 4776 unum,
570 4704 688 4782 quando
713 4703 750 4765 ad
775 4703 899 4782 primum
924 4705 1034 4766 nictum
1060 4703 1161 4785 aliqua
1184 4700 1323 4782 imaginis
1347 4697 1506 4762 collocatio
1529 4689 1658 4778 patescit,
1724 4769 1725 4776 ἵ

322 4795 355 4851 ut
377 4805 430 4870 per
454 4788 528 4851 duos
552 4793 668 4867 oculos3
694 4793 804 4869 altera,
831 4793 949 4878 quando
964 4801 1097 4879 temporo
1113 4811 1188 4877 opus
1208 4799 1257 4854 est
1279 4790 1319 4853 ad
1342 4790 1440 4852 locum
1463 4784 1596 4867 imaginis
1607 4797 1658 4842 tt·
1724 4866 1725 4882 χ
