3464 5524
668 278 700 328 de
717 279 791 330 rebus
809 278 912 343 Optlcis·
1422 279 1469 348 23

103 441 199 495 uh
213 449 327 509 propser
349 463 466 504 ceusu
485 465 563 516 supra
579 448 693 514 allatu),
712 452 823 517 ssquitm
840 451 941 504 robam
952 467 1057 518 sequens
1075 455 1169 518 positam
1182 447 1209 520 3)
1224 457 1368 520 apparentis
1387 457 1420 508 sd
1434 455 1471 522 Θ.

1 507 2 571 ff
106 513 234 578 iapshdpic
254 523 343 582 atque
365 521 430 574 fine
452 523 562 588 eclipsis.
600 521 708 584 Quodsi
727 523 873 574 ducatoris
892 537 923 574 aa
941 525 982 574 ria
1000 517 1043 587 J),
1069 526 1165 590 patebit
1189 529 1265 576 etiarn
1282 529 1377 590 positus
1396 522 1422 592 )
1442 530 1469 579 iu

3 2612 11 2797 l

108 585 164 670 qudo
178 587 300 648 ciusdem.
346 591 419 653 Qua
440 595 612 644 delineatione
629 595 776 657 conspicitur
793 595 914 645 maximus
928 595 1039 645 delectus
1057 597 1151 648 ultrab
1166 598 1263 662 digitos.
1285 594 1404 659 (Schema
1421 599 1468 650 hot

110 657 167 708 mlo
181 665 219 708 sat
234 659 374 714 schemati
394 660 547 716 Pressas.
567 661 766 728 cranihom.)
1337 691 1342 699 ⁴

176 729 221 780 ffis
234 731 316 796 igitur
336 742 409 800 puto
430 743 496 786 tuas
514 737 625 801 petitioni
643 735 798 786 satisfactum
816 749 879 786 esse.
917 736 1035 787 Videmus
1047 753 1071 786 u.
1086 751 1159 802 quam
1171 740 1279 800 proxime
1290 739 1338 790 iste
1357 739 1471 790 calculus

115 803 256 852 mucul
274 813 423 872 congruat.
465 808 506 857 Ah
524 821 597 871 qaam
616 807 745 857 dolendum
764 813 816 864 est,
836 807 900 871 quod
913 810 1096 858 observationes
1111 808 1142 858 ab
1159 809 1230 858 initio
1243 810 1276 860 ad
1293 811 1369 860 tinem
1386 816 1468 860 cartas

115 875 189 924 babere
203 890 252 924 nou
269 881 423 938 potuimus,
444 895 496 928 uon
516 879 600 928 dubito
618 879 675 942 quin
695 877 817 928 calculum
836 879 987 929 sufficienter
998 881 1135 941 praecisum
1148 894 1282 942 proponere
1294 881 1467 944 potuissemus.

120 946 204 996 lateu'm
220 947 316 1011 gaudeo
340 964 461 1014 acusque
483 965 539 998 aum
568 949 720 998 satisfacere.
742 972 777 982 —
805 947 877 1008 Quod
900 957 983 998 sutem
1001 950 1146 1014 magnitudo
1170 951 1250 1000 minor
1268 952 1360 1014 prodit,
1391 965 1466 1014 quam

122 1017 270 1068 obsurah'ons
284 1021 391 1077 vidisti,
410 1035 464 1070 uon
482 1021 569 1077 miror,
588 1019 715 1083 multiplex
734 1035 760 1068 u.
779 1033 857 1068 cansa
875 1022 900 1069 iu
913 1026 1011 1084 promtu
1027 1027 1076 1070 est:
1100 1017 1126 1082 l)
1137 1020 1167 1070 de
1185 1021 1273 1070 initiali
1288 1022 1466 1078 observatione.

123 1105 184 1154 qaam
199 1085 345 1156 positum)
369 1091 406 1142 ad
432 1088 466 1152 Θ
486 1096 600 1154 respectu
617 1091 739 1141 verticalis
762 1089 846 1140 circuli
865 1091 993 1148 habuerit,
1017 1097 1110 1140 certum
1129 1097 1154 1140 te
1171 1091 1225 1141 fieri
1243 1093 1321 1141 cubos
1337 1092 1467 1154 prohibue-

127 1167 182 1210 rant.
214 1159 282 1210 cono
302 1157 373 1226 si)
396 1162 534 1212 australior
552 1169 673 1226 ponatur,
695 1161 797 1212 scherus
816 1162 891 1212 etiam
911 1163 1030 1224 majorem
1049 1163 1173 1212 delectum
1191 1162 1286 1224 prodet.
1314 1158 1341 1222 2)
1361 1163 1469 1226 Tempus

30 1230 35 1277 ἰ
128 1233 196 1295 ipsu
214 1231 307 1284 dubium
327 1234 385 1282 luia
424 1231 454 1294 3)
480 1232 607 1293 Quantam
631 1233 800 1282 diversitatem
822 1233 848 1281 ia
875 1232 997 1297 parallaxi
1018 1232 1156 1283 latitudinis
1183 1226 1209 1295 j)
1235 1231 1323 1282 subeat
1349 1229 1424 1296 (quae
1443 1234 1468 1280 in

131 1303 193 1352 huss
211 1309 246 1351 est
260 1301 398 1364 mutabilis)
417 1305 488 1368 ipsas
508 1303 618 1353 Tabulae
636 1303 698 1352 satis
716 1303 842 1353 evidenter
860 1303 958 1353 docent.
997 1304 1079 1368 Atque
1096 1303 1143 1352 hoc
1165 1303 1245 1365 ipsum
1265 1307 1318 1363 est,
1340 1303 1404 1364 quod
1422 1302 1469 1351 hoo

136 1373 216 1424 ululo
231 1375 348 1436 expediri,
377 1375 443 1441 quod
462 1375 489 1424 in
507 1373 682 1437 Disputatione
704 1387 762 1423 mos
787 1373 818 1424 de
846 1374 930 1436 eclipsi
950 1375 1023 1439 attigi
1040 1375 1135 1438 potius,
1160 1386 1234 1437 quam
1260 1372 1294 1421 ibi
1317 1372 1470 1422 sufficienter

137 1449 266 1508 petram
281 1447 348 1510 posui
364 1453 411 1496 sut
429 1445 514 1496 dabui.

212 1513 262 1563 h'on
277 1517 373 1572 dubito,
396 1517 418 1564 si
440 1515 537 1565 coelum
554 1528 667 1564 saranum
684 1513 786 1571 luisset,
806 1514 957 1578 quinetiam
975 1506 1000 1578 Ω
1019 1526 1125 1564 ueoncu
1144 1512 1241 1577 aliquae
1259 1511 1323 1562 aliae
1337 1511 1425 1562 stellae
1442 1527 1469 1563 se

140 1585 300 1648 conspiciendas
318 1586 473 1636 obtulissent.
512 1584 561 1634 Sed
584 1585 641 1648 quid
663 1585 730 1634 ultra
754 1584 784 1633 de
810 1583 857 1631 illis
873 1583 931 1632 mihi
960 1583 1057 1633 somuls
1076 1582 1165 1648 fingo?
1202 1582 1317 1632 Gratulor
1347 1581 1416 1631 nobis
1442 1585 1469 1632 te

142 1655 220 1738 ahquid
233 1657 260 1705 ds
279 1656 429 1748 hac'eclipsi·
442 1656 546 1714 vidisse,
567 1667 612 1721 ego
631 1657 698 1706 enim
717 1655 777 1704 nihil
796 1653 942 1718 quidquam,
961 1654 1026 1720 quod
1047 1654 1151 1716 alicujus
1171 1654 1288 1702 momenti
1306 1667 1360 1702 csse
1381 1653 1468 1716 possit,

143 1734 350 1848 ωηὲιιιεμιιιῦιι
369 1803 415 1846 tus
437 1799 544 1861 conjugo
568 1803 594 1845 et
617 1795 692 1845 filiolo
715 1795 769 1845 sale
794 1794 906 1844 feliciter.
943 1795 1013 1844 Deus
1035 1801 1060 1845 ts
1085 1800 1203 1858 tuosque,
1227 1794 1371 1859 praesertim
1399 1798 1468 1843 tunm

142 1867 211 1917 ssus
225 1875 350 1924 conservet.
367 1876 395 1918 ut
413 1869 500 1918 rideas
519 1867 667 1932 aliquando.
688 1867 775 1930 quibus
793 1865 889 1915 affatim
906 1865 1056 1918 exhilareris.
1094 1867 1182 1915 Amen.

219 1937 281 1990 Vale
307 1939 390 1990 Veloci
409 1953 452 2006 pro
471 1953 538 1987 more
554 1951 608 1986 meo
627 1937 732 1986 calamo.
766 1935 819 1986 Der
835 1937 895 1986 Bott
916 1938 948 1985 ist
967 1952 1014 1986 oue
1037 1937 1082 1985 das
1098 1937 1179 1987 achior
1193 1937 1301 1999 unwillig
1318 1947 1350 1983 su
1366 1940 1468 1985 uastam

217 2009 307 2061 Postrid.
317 2010 370 2062 Cal.
380 2009 443 2072 hlaji
454 2005 531 2058 1598.
553 2007 615 2059 Heri
633 2015 731 2059 creatus
749 2015 787 2058 ost
805 2013 885 2058 roctm
905 2009 1050 2073 magnificus
1068 2007 1100 2076 D.
1115 2007 1226 2058 ioannes
1244 2006 1402 2056 llochmaan.

1188 2147 1224 2200 ss.
1241 2077 1325 2198 iias.

219 2293 344 2357 lssmiptic:
363 2293 521 2348 Clarissimo,
539 2293 633 2356 pietate
653 2297 678 2341 et
700 2290 836 2341 eruditione
858 2291 1070 2354 praestantissimo
1091 2291 1163 2347 Viro,
1192 2289 1225 2338 D.
1241 2219 1277 2339 li.
1293 2289 1331 2340 Jo.
1350 2287 1473 2352 Keplero,
1559 2277 1561 2282 ’

141 2363 299 2416 isaurorum
317 2365 340 2414 iu
357 2364 506 2414 Graetseusi
521 2363 606 2413 schola
625 2363 757 2412 Professori
774 2363 940 2412 celeberrimo.
964 2361 1009 2410 D0·
1027 2368 1053 2411 et
1071 2363 1151 2410 amico
1173 2376 1219 2444 suo
1231 2367 1348 2424 perpetuo
1359 2359 1469 2409 colenda

217 2506 251 2556 lt
261 2506 301 2556 has
310 2505 436 2556 blasstlioi
453 2505 538 2554 literas
556 2504 682 2568 respoudit
695 2503 779 2567 Kepl
788 2517 859 2555 erus
873 2429 1477 2565 d.ll.Juu.1598(giriffligddglisglegriddlr

216 2577 337 2660 Eclipsis
359 2577 477 2640 calculo
501 2577 661 2638 cumulasti
686 2576 847 2648 beneficia,
887 2593 962 2654 quae
994 2573 1094 2635 vorbis
1125 2574 1225 2635 hercle
1248 2572 1389 2652 persequi
1411 2589 1473 2632 uon

137 2683 252 2744 possuru
292 2667 387 2730 Unum
413 2667 514 2738 deest,
549 2665 626 2744 quud
657 2664 769 2726 videris
797 2663 918 2725 nimium
948 2661 1046 2724 lacere
1071 2663 1212 2740 angulum
1235 2660 1379 2727 sectionis
1401 2658 1471 2720 viae

135 2755 339 2834 Jappsreutis
362 2773 431 2816 cum
454 2753 504 2814 ria
527 2751 579 2831 Θ.
625 2753 704 2815 Nam
727 2752 756 2813 iu
780 2753 863 2814 nulla
886 2751 991 2830 eclipsi
1014 2768 1103 2830 quam
1118 2751 1259 2828 Maginus
1282 2747 1473 2826 computavit
1499 2740 1502 2750 ’

135 2852 228 2904 urus
246 2852 301 2906 eat.
347 2845 397 2907 An
422 2843 514 2922 igitur
536 2861 642 2903 censes
666 2841 714 2902 hic
737 2840 944 2920 corrigendum
963 2838 1129 2901 calculum?
1161 2839 1213 2898 An
1236 2837 1274 2897 ob
1296 2835 1468 2915 parallaxin

132 2939 247 3011 augetur
267 2932 410 3012 angulus?
434 2931 500 2992 Imo
522 2931 623 3010 potius
645 2929 767 2991 videtur.
787 2928 972 2990 minuendus.
1019 2925 1145 2988 Gaudeo
1170 2931 1280 2998 eutem,
1304 2942 1388 2986 meas
1412 2941 1467 2982 co-

128 3019 280 3099 gitationes
301 3027 399 3082 tecum
423 3019 591 3081 conformes
615 3019 652 3080 de
675 3037 769 3080 caasa
788 3017 935 3079 defectus.
973 3015 1053 3078 Nam
1077 3013 1307 3087 cumviderem,
1340 3010 1470 3089 eclipses

128 3127 199 3189 quse
220 3109 302 3171 citius
318 3116 483 3170 evenerunt
504 3106 677 3187 plerumque
701 3127 721 3167 a
744 3121 776 3172 ea
799 3125 853 3186 per
876 3115 923 3172 α
947 3104 976 3166 iu
999 3107 1049 3180 ᾖ,
1072 3104 1127 3164 has
1150 3119 1221 3163 vero
1237 3102 1311 3162 duas
1326 3107 1359 3160 et
1372 3117 1468 3178 oppo-

21 3248 22 3251 ,
125 3198 258 3260 sitioucm
280 3197 371 3258 etiam
395 3215 471 3277 quae
503 3195 626 3274 eclipsin
661 3195 718 3256 fuit
740 3202 847 3256 secuta
869 3193 916 3254 die
940 3193 1095 3274 paschatis
1119 3189 1264 3253 nostratis
1288 3190 1373 3262 (uam
1396 3205 1469 3249 coe-

123 3287 182 3350 lum
204 3285 343 3348 mediavit
366 3285 541 3356 oestrum)
558 3283 694 3364 praecise
718 3301 784 3345 cum
806 3279 843 3358 b)
866 3283 1031 3353 tardiores,
1055 3287 1086 3342 ct
1109 3281 1152 3341 sic
1176 3287 1208 3340 et
1231 3277 1307 3338 alias
1322 3277 1469 3348 Lunares,

122 3375 181 3437 vidi
198 3393 315 3437 oausam
329 3373 442 3436 esseio
456 3378 714 3452 ιιροςθαφαιρισιι
728 3369 821 3433 Solis.
857 3369 935 3441 Sed,
958 3375 992 3430 ut
1014 3389 1079 3431 sum
1103 3369 1213 3441 audax,
1236 3367 1299 3428 tale
1314 3365 1470 3426 theorema

122 3465 195 3526 ieci:
218 3465 331 3526 blotum
353 3463 459 3526 Lunae
483 3461 611 3523 medium
635 3459 792 3540 aequalem
815 3457 945 3540 incipere
969 3479 988 3518 a
1011 3457 1221 3536 conjunctione
1244 3453 1335 3516 modii
1359 3452 1416 3518 loci
1439 3453 1466 3522 b

122 3571 187 3615 cua
209 3569 277 3614 sero
300 3553 366 3614 loco
390 3548 432 3627 Θ
457 3559 488 3612 et
511 3551 551 3611 ad
574 3549 700 3611 eundem
724 3547 894 3611 terminari:
925 3555 959 3608 ut
982 3546 1026 3608 ita
1047 3546 1077 3606 in
1100 3542 1260 3606 noviluniis
1285 3548 1316 3604 et
1337 3539 1469 3621 plenilu-

123 3641 178 3703 niis
200 3642 278 3703 veris
300 3638 509 3719 computandis
533 3639 713 3716 negligenda
736 3638 777 3700 sit
791 3636 910 3696 omuino
934 3634 1110 3713 prosthaph.
1137 3629 1187 3709 Θ.
1220 3633 1287 3693 Hoc
1310 3629 1470 3691 videbatur

122 3749 187 3792 cusu
204 3729 353 3811 principiis
377 3728 451 3789 meis
482 3727 520 3788 de
550 3727 674 3788 metrice
705 3726 816 3787 virtute
845 3723 1000 3788 conciliari
1028 3741 1135 3802 posse:
1169 3729 1203 3782 ut
1225 3721 1331 3781 Lunae
1361 3732 1469 3777 sensus

123 3819 194 3882 insit
213 3836 271 3880 uon
293 3817 383 3880 medii
414 3816 469 3878 sed
501 3814 565 3876 veri
588 3815 646 3877 loci
669 3811 766 3888 Solis,
801 3813 840 3874 ad
870 3831 956 3892 quem
981 3809 1165 3894 aequalitate
1189 3807 1302 3871 reditus
1326 3804 1467 3866 collimet.

124 3905 183 3972 Sed
206 3907 262 3970 etsi
283 3907 341 3968 hoc
363 3923 430 3968 cuns
455 3904 611 3984 speciebus
634 3903 805 3967 defectuum
832 3902 863 3962 in
894 3900 1055 3980 eclipsibus
1087 3897 1241 3969 convenit,
1273 3894 1303 3954 in
1333 3899 1468 3970 tempore

124 4006 220 4060 umen
243 4011 300 4056 nou
323 3994 474 4056 convenit.
520 3991 692 4055 Deficerant
715 3991 792 4053 enim
816 3990 907 4050 horae
930 3987 1040 4060 alicubi
1060 3989 1122 4049 iere
1146 3982 1177 4048 4.
1217 3981 1343 4045 Gaudeo
1366 3977 1467 4058 igitur,

125 4095 152 4147 te
173 4083 211 4146 de
231 4082 408 4164 prosthsph.
432 4081 546 4144 vitiosa
577 4079 734 4160 suspicari.
781 4079 847 4140 Hoc
875 4099 905 4140 n.
930 4097 1002 4157 ego,
1036 4075 1192 4155 imperitus
1216 4066 1467 4138 observationum,

125 4193 179 4236 uos
201 4173 242 4236 ini
265 4192 366 4236 ausus.
412 4171 516 4250 Atque
540 4187 593 4242 en,
626 4188 715 4232 uunru
739 4187 896 4248 quaeram:
931 4175 1016 4228 estne
1040 4164 1116 4226 alius
1139 4159 1244 4223 modus
1267 4151 1469 4219 constituendi

126 4261 202 4326 Solis
224 4261 448 4342 apogaeitatem
462 4258 529 4321 nisi
551 4277 590 4319 ex
608 4257 818 4320 observatione
838 4273 940 4318 morae
954 4253 1036 4318 Solis
1059 4253 1088 4315 in
1111 4245 1329 4328 hemisphaerio
1353 4241 1469 4304 aestivo
1535 4293 1538 4298 .

127 4359 211 4432 atque
230 4349 380 4432 hyemali?
427 4347 462 4410 Si
485 4347 585 4410 nullus
608 4345 685 4408 alius
707 4347 813 4408 modus
837 4351 898 4406 est:
922 4361 994 4423 crgo
1017 4343 1151 4404 videmus
1171 4335 1359 4398 manifestum
1384 4348 1468 4392 erro-

127 4458 195 4514 rem3
217 4437 299 4502 atsi
321 4438 456 4512 dicatur,
481 4453 556 4516 quae
571 4435 613 4497 sit
625 4435 779 4516 proportio
802 4431 945 4514 temporis
969 4431 1131 4510 utriusque,
1157 4425 1283 4487 eandem
1306 4439 1372 4482 esse
1395 4437 1468 4500 pro-

128 4528 282 4608 portionem
303 4543 430 4590 arcuum
453 4525 482 4586 iu
508 4543 564 4586 ano
588 4532 621 4586 et
643 4523 673 4585 in
697 4523 794 4586 altero
817 4519 1049 4601 hemisphaerio.
1079 4518 1143 4579 Iuro
1159 4529 1217 4574 uon
1241 4508 1397 4610 sequitur,
1415 4505 1470 4610 eqd

128 4635 176 4698 par
194 4625 255 4693 ssi,
287 4625 323 4680 ut
345 4615 441 4677 etiam
465 4613 494 4675 iu
518 4611 613 4675 Terra
635 4613 732 4674 locum
754 4611 868 4673 habeat
899 4608 977 4672 ratio
1000 4604 1121 4668 virtutis
1145 4597 1294 4699 moventis
1317 4603 1351 4658 ct
1368 4614 1417 4698 sic
1439 4613 1468 4696 ιιι

129 4706 242 4770 meabas
268 4704 421 4770 dimidius*
444 4708 561 4764 tantum
589 4719 732 4764 excessus
762 4699 905 4779 temporis
929 4701 1095 4764 seruator,
1126 4697 1162 4750 ut
1193 4705 1219 4746 ss
1241 4691 1397 4764 proportio
1428 4690 1471 4784 ιιι

129 4795 256 4878 temporis
277 4803 315 4858 ut
339 4789 410 4858 179
433 4790 476 4852 sd
499 4785 575 4864 185,
605 4791 663 4854 erit
685 4787 837 4873 proportio
858 4804 980 4850 arcuum
997 4787 1031 4845 ut
1056 4772 1157 4860 180¹),
1186 4775 1226 4836 ad
1251 4769 1374 4858 1847„
1419 4769 1479 4834 Sic.
