3694 5528
709 226 979 318 crixi-numi.
1456 233 1520 338 54⁸⁷

169 437 299 502 visibile.
323 440 409 502 'Dino
424 441 540 502 oculum
557 439 581 503 G
596 444 785 507 remotiorem
809 443 914 521 majori
937 445 1046 524 angulo
1070 444 1203 524 indigere
1226 445 1268 507 ed
1288 445 1369 509 idem
1391 444 1519 522 visibile,

169 527 195 588 si
220 527 310 590 fuerit
333 527 532 607 longinquum,
559 531 876 610 comprehendendum.

256 615 431 678 Educentur
454 616 532 680 euim
556 636 592 680 ex
615 619 657 694 D,
681 619 708 680 Ε
731 619 854 681 refracti
878 638 970 698 usque
994 619 1032 678 ad
1055 619 1173 682 visibile
1196 619 1267 697 Du,
1291 620 1357 682 ΕΗ.
1405 619 1521 691 Quodsi

170 722 207 764 ex
232 701 257 764 C
285 723 343 764 nou
373 704 480 783 majori
513 706 621 786 angulo
654 707 805 770 videbitur
829 707 903 768 illud
933 706 1050 768 visibile
1083 709 1203 788 lougin-

169 811 277 872 qnnm,
310 791 449 855 videatur
481 792 572 872 igitur
601 795 737 876 aequali,
770 801 803 856 et
834 795 906 874 ipsis
934 795 1007 870 ΕΙ),
1036 795 1089 856 ΕΕ
1117 795 1203 859 exO
1284 779 1353 892 Ji}
1373 777 1414 830 ¹⁵·

168 880 334 958 parallelae
365 880 395 942 iu
429 882 614 961 superficiem
648 883 795 944 ducantur
819 881 892 956 CA,
918 880 984 956 OB,
1010 881 1150 947 uraca
1175 892 1207 946 et
1423 867 1445 902 ¹¹

168 967 250 1030 DFE
273 968 335 1030 sint
358 970 511 1048 aequales.
551 968 626 1032 Cum
646 970 736 1050 igitur
751 969 817 1044 CA,
840 969 892 1033 CB
911 970 1007 1050 magis
1027 971 1206 1036 inclinentur

169 1074 258 1136 snper
281 1057 466 1134 superficiem
489 1057 544 1118 AB
570 1078 656 1138 quam
680 1059 744 1134 FD,
768 1057 836 1130 FE,
859 1059 955 1138 magis
980 1058 1071 1138 igitur
1093 1060 1204 1124 refrin-

168 1151 276 1224 geutur
305 1143 375 1218 CA,
400 1143 452 1207 CB
486 1165 573 1225 quam
605 1147 674 1220 FD,
699 1146 759 1222 TE,
785 1166 839 1227 per
860 1147 901 1210 X.
949 1144 1049 1216 Quare
1082 1148 1206 1210 refracti
1314 1145 1317 1160 '

169 1231 300 1310 ipsorum
327 1231 392 1307 CA,
418 1232 471 1295 OB
497 1235 543 1307 (et
566 1243 689 1314 propter
721 1235 777 1296 hoo
801 1243 832 1296 et
861 1254 915 1315 per
937 1233 1106 1310 XXXIV.)
1131 1256 1205 1298 con-

168 1329 288 1382 current
311 1340 377 1382 oum
400 1322 540 1384 refractis
564 1323 695 1402 ipsorum
714 1324 779 1396 ΕΙ),
794 1322 856 1396 ΗΕ,
882 1323 1025 1386 alternis:
1052 1324 1120 1403 quia
1136 1321 1201 1393 CA.

166 1408 221 1468 FD
244 1409 391 1486 paralleli,
418 1418 450 1470 ut
473 1417 505 1470 et
528 1406 590 1484 ΟΒ,
615 1411 678 1474 FE.
727 1399 928 1486 Concurrent,
953 1419 985 1472 et
1008 1411 1069 1474 sint
1091 1419 1205 1492 puncta
1290 1415 1303 1446 ¹

167 1514 362 1558 concursuum
387 1496 426 1573 G,
445 1499 484 1560 Η.
522 1497 563 1560 Et
586 1499 718 1578 ipsorum
738 1498 804 1574 CA,
831 1498 884 1564 CB
908 1500 1029 1562 refracti
1054 1497 1202 1570 sintAG,

166 1583 233 1646 BH.
281 1583 356 1646 Cum
380 1585 471 1666 igitur
493 1587 625 1667 positum
644 1587 694 1662 sit,
718 1588 836 1649 visibile
860 1587 955 1650 videri
979 1588 1087 1668 angulo
1107 1586 1201 1660 AOB,

166 1669 319 1734 videbitur
343 1681 374 1734 et
401 1675 669 1754 comprehendetur
699 1676 840 1738 refractis
863 1674 933 1748 AG,
959 1675 1025 1736 BH.
1073 1676 1204 1739 Videtur

166 1779 237 1822 vero
262 1767 293 1822 et
326 1763 587 1842 comprehenditur
617 1763 708 1825 etiarn
740 1765 879 1826 refractis
909 1761 979 1839 DG,
1007 1763 1074 1826 ΕΗ.
1120 1763 1202 1842 Ergo

168 1848 293 1910 visibilis
327 1843 446 1912 termini
478 1852 649 1914 necessario
683 1861 770 1913 erunt
794 1851 833 1929 G,
856 1854 895 1914 Η.
943 1851 984 1914 Et
1013 1853 1058 1914 sic
1089 1851 1207 1913 visibile
1237 1868 1295 1910 nou
1329 1849 1519 1930 longinquum

168 1937 227 1997 erit
250 1938 302 1999 sed
325 1939 542 2018 propinquum
572 1941 649 2019 qnod
674 1948 722 2001 est
745 1949 852 2004 contre
875 1948 1020 2002 assumta.
1066 1939 1135 2002 Non
1159 1937 1274 2000 videbit
1302 1937 1393 2015 igitur
1416 1939 1519 2000 oculus

1365 1737 1380 1778 d

165 2025 195 2084 iu
220 2023 245 2088 O
269 2025 386 2088 visibile
416 2025 473 2088 hoc
506 2027 598 2089 radiis
624 2024 689 2104 CA,
716 2026 768 2090 OB
793 2037 825 2091 et
848 2029 957 2108 angulo
981 2025 1066 2090 AOB
1097 2027 1217 2108 aequali
1248 2025 1306 2106 ipsi
1334 2023 1433 2100 DFE,
1466 2027 1519 2088 sed
1641 2017 1645 2022 ¹

165 2113 253 2174 lineis
286 2115 501 2198 exterioribus,
535 2124 609 2194 puta
634 2114 683 2190 01,
710 2113 767 2180 CK
795 2124 827 2178 et
856 2116 964 2195 angulo
989 2114 1081 2186 ICK,
1114 2115 1222 2196 majori
1245 2133 1333 2194 quam
1363 2110 1446 2176 ACB
1470 2115 1519 2176 vel

164 2201 265 2262 Dru:
291 2210 324 2262 ut
347 2202 478 2282 ipsorum
503 2201 555 2277 Ol,
576 2202 631 2266 CK
655 2205 776 2266 refracti
800 2205 854 2278 IL,
870 2204 933 2266 ΚΜ
956 2205 1168 2284 propemodum
1191 2201 1336 2284 paralleli
1354 2201 1428 2281 ipsis
1447 2200 1517 2278 DG,

164 2289 223 2350 ΕΗ
247 2308 402 2352 excurrere
430 2293 549 2372 possint
573 2293 612 2353 ad
636 2293 930 2373 comprehensionem
957 2301 1133 2372 punctorum
1162 2299 1361 2353 extremorum
1391 2291 1519 2354 visibilis

165 2378 326 2457 longinqui.

153 2455 155 2468 '
252 2465 431 2530 LXXXIII.
478 2467 704 2547 Propositio.
752 2465 866 2530 Oculus
896 2469 1022 2531 eandem
1050 2487 1113 2530 rem
1145 2465 1294 2530 visibilem
1327 2466 1519 2548 longinquam

164 2554 357 2634 conspicatus
380 2573 434 2633 per
458 2556 531 2617 dues
555 2557 654 2617 lentes
678 2575 828 2618 convenas
853 2557 987 2635 singulas
1018 2556 1163 2618 seorsim:
1194 2555 1342 2636 siquidem
1366 2555 1518 2636 utriusque

164 2641 309 2703 distantia
324 2642 362 2703 ab
378 2643 463 2704 oculo
479 2643 570 2706 fuerit
589 2645 617 2705 in
633 2645 738 2704 eadem
757 2645 950 2724 proportione
966 2645 1004 2706 ed
1024 2664 1096 2706 suae
1111 2642 1315 2706 convexitatis
1331 2642 1518 2718 diametrum,

163 2749 211 2812 res
236 2729 362 2790 visibilis
385 2749 440 2810 per
463 2739 617 2812 utramque
641 2733 752 2794 lentem
772 2731 898 2796 seorsim
921 2732 1072 2794 videbitur
1092 2731 1196 2792 eedem
1221 2731 1446 2810 magnitudine:
1472 2734 1517 2796 siu

162 2817 280 2878 variata
298 2817 358 2878 'erit
380 2821 543 2898 proportio,
570 2822 713 2902 majorem
733 2819 849 2882 videbit
862 2839 924 2882 rem
939 2839 993 2900 per
1008 2821 1120 2881 lentem
1143 2819 1236 2894 illam,
1262 2820 1347 2898 cujus
1372 2820 1518 2883 distentia

164 2905 192 2966 in
216 2907 409 2985 proportione
434 2907 523 2970 fuerit
545 2909 651 2989 major.

252 2992 300 3056 Sit
333 2992 445 3056 oculus·
467 2995 510 3071 0,
541 2994 596 3066 PQ
628 2997 693 3064 lens
722 3014 851 3075 magua,
883 3003 986 3057 centro
1017 2994 1047 3056 R
1079 2991 1241 3074 descripte.
1289 2991 1516 3061 Conuectentur

160 3089 274 3161 puncta
297 3079 386 3158 P,Q
418 3102 484 3146 curn
508 3083 550 3162 Ο,
582 3093 614 3146 et
637 3085 667 3146 iu
690 3075 809 3165 punctis
841 3084 946 3146 harum
979 3082 1123 3144 linearum
1156 3083 1196 3144 sit

160 3169 255 3235 minor
279 3171 342 3232 lens
366 3169 426 3245 ST,
454 3192 534 3253 quae
568 3174 684 3235 eductis
712 3191 766 3253 per
789 3171 822 3249 S,
847 3173 873 3234 T
894 3179 1008 3252 puncta
1040 3170 1195 3250 parallelis

161 3257 234 3337 ipsis
258 3259 322 3334 PR,
341 3257 409 3333 QR,
436 3278 511 3340 quae
535 3262 597 3322 siut
621 3261 686 3336 SV,
710 3261 774 3334 TV,
801 3280 838 3322 ex
862 3267 974 3340 puncto
1000 3279 1102 3321 eornm
1127 3277 1200 3319 con·
1242 3306 1244 3315 .

159 3366 264 3409 cursus
280 3347 311 3408 V
326 3347 526 3411 describatur.
564 3349 608 3410 Et
628 3349 811 3428 refringatur
826 3347 889 3426 OP,
907 3346 975 3424 OQ,
996 3348 1025 3412 in
1039 3347 1117 3421 PW,
1131 3345 1199 3418 Qx.

250 3434 325 3502 Cum
349 3436 440 3515 igitur
455 3435 510 3499 VS
531 3444 562 3498 et
576 3437 631 3500 ΕΡ
651 3438 713 3499 sint
735 3437 911 3517 parallelae,
932 3437 976 3499 sic
998 3443 1030 3498 et
1043 3436 1109 3511 VT,
1125 3434 1200 3506 RQ:

159 3522 327 3584 incidentes
352 3525 383 3584 iu
407 3545 459 3598 eas
484 3533 586 3588 rectae
608 3525 670 3600 OP,
688 3524 747 3596 OQ
771 3526 884 3587 facient
908 3525 1051 3605 aequales
1076 3525 1201 3604 angulos

162 3609 246 3672 OPR
270 3619 302 3672 et
325 3610 419 3686 OSV,
445 3613 489 3674 sic
514 3611 604 3684 OQR
628 3623 660 3674 et
684 3613 779 3675 0TV.
818 3613 880 3676 Sed
905 3619 937 3674 et
959 3610 1202 3700 vrserRQP
1430 3680 1433 3697 Ι

161 3707 232 3760 sunt
252 3700 403 3778 aequales,
430 3700 536 3781 quippe
558 3702 636 3764 inter
657 3703 754 3764 lentes
771 3712 802 3763 et
816 3707 918 3763 earum
942 3701 1199 3764 semidiernetros:
1311 3709 1315 3715 '
1402 3708 1406 3715 ’

161 3806 253 3867 quare
278 3795 308 3850 et
337 3784 417 3850 OTS
446 3796 477 3849 et
505 3787 598 3864 OQP,
628 3790 737 3871 anppe
762 3789 873 3851 ablatis
897 3789 1083 3870 aequalibus,
1114 3796 1201 3850 eruut
1381 3794 1383 3803 “

160 3876 313 3954 aequales.
361 3877 540 3957 Aequaliter
573 3878 665 3958 igitur
690 3878 746 3940 OT
776 3898 867 3959 super
891 3875 941 3940 TS
971 3887 1002 3939 et
1025 3873 1084 3946 OQ
1112 3896 1200 3957 super

158 3960 215 4033 QP
249 3965 329 4025 lente
368 3963 560 4030 inclinentur.
616 3965 717 4038 Quare
751 3975 781 4028 et
818 3965 1015 4029 refractioues
1052 3965 1198 4043 utrimque

159 4060 245 4112 erunt
274 4053 429 4133 aequales.
476 4053 617 4117 Refracti
649 4055 741 4134 igitur
765 4075 802 4115 ex
825 4055 862 4129 S,
889 4055 915 4115 T
941 4053 1080 4132 parelleli
1114 4059 1200 4113 eruut

158 4138 232 4218 ipsis
256 4139 336 4215 PW,
363 4138 437 4212 QX,
470 4143 531 4202 siut
554 4141 621 4216 SY,
647 4143 707 4206 TZ.
748 4143 797 4203 'Et
830 4161 895 4203 curu
924 4141 987 4202 siut
1015 4140 1191 4220 parallelae,

159 4228 285 4289 eandem
309 4228 403 4308 igitur
426 4229 465 4290 ed
489 4249 608 4291 sensum
637 4231 890 4312 comprehendent
914 4249 977 4290 rem
1000 4228 1158 4311 visibilem,
1183 4247 1239 4307 per¹
1254 4228 1373 4293 XXIII.
1400 4238 1431 4292 et
1455 4229 1509 4291 sub

159 4315 265 4378 eodem
298 4316 408 4396 angulo
431 4315 517 4388 POQ
545 4319 593 4379 vel
621 4317 719 4380 SOT:
756 4338 845 4399 quare
871 4319 976 4379 eadem
1005 4316 1208 4396 magnitudine
1241 4317 1421 4393 censebitur,
1456 4336 1510 4397 per

157 4403 274 4467 LXVI.
320 4403 380 4465 Est
404 4413 504 4466 autem
529 4405 619 4466 etiem
644 4414 677 4468 nt
699 4405 753 4468 VS
778 4405 1000 4469 semidiameter
1023 4404 1112 4466 lentis
1127 4402 1177 4464 ST
1200 4404 1237 4466 ad
1253 4403 1306 4467 SO
1331 4407 1506 4469 distantiam

158 4493 221 4574 ejus
245 4493 284 4554 ab
308 4492 409 4567 oculo,
442 4492 485 4554 sic
510 4493 565 4554 PR
588 4492 808 4556 semidiameter
841 4494 929 4556 lentis
954 4491 1009 4563 PQ
1033 4493 1070 4554 ad
1094 4489 1149 4556 ΡΟ
1174 4491 1349 4557 distantiam
1379 4495 1444 4576 ejus
1468 4494 1505 4556 ab

159 4581 242 4642 oculo
267 4590 299 4642 et
320 4579 524 4661 permutatim.
562 4582 654 4643 Petet
676 4582 766 4662 igitur
789 4583 871 4663 prior
893 4601 964 4663 pars
988 4580 1209 4661 propositionis.
1247 4581 1318 4644 Jem
1338 4583 1505 4646 dte-altera.

246 4668 322 4731 Dico
343 4669 415 4749 jam,
440 4669 466 4730 si
491 4668 552 4732 alia
575 4669 616 4730 sit
637 4670 789 4750 proportio
814 4669 1039 4745 distantiarum,
1064 4670 1125 4731 alia
1148 4668 1452 4746 semidiametrorum,
1475 4677 1508 4734 ut

160 4752 184 4812 si
210 4755 330 4817 alente
354 4755 405 4817 ST
433 4756 527 4818 distet
559 4757 661 4819 oculus
685 4756 712 4819 Ο
736 4757 894 4821 intervallo
919 4756 985 4833 SO,
1012 4779 1032 4818 a
1054 4759 1135 4819 lente
1168 4777 1238 4846 vero
1262 4756 1318 4829 PQ
1350 4761 1453 4823 oculus
1479 4759 1510 4818 V

830 4860 834 4868 ‘
1233 4859 1294 4912 ³5*

1291 3153 1345 3218 Flg.
1365 3150 1407 3204 ld.
