3566 5536
346 297 411 364 722
825 295 864 346 De
884 295 963 348 stella
980 293 1051 346 Nora
1069 293 1218 359 Serpentarii

351 477 429 561 quod
454 485 501 540 est
522 477 601 539 iuter
624 485 727 538 cetera
749 475 903 536 attrahere
926 473 1100 536 alimentum
1119 482 1151 536 et
1168 475 1321 538 materiam
1344 474 1456 556 pluviis
1480 481 1513 536 et
1531 471 1706 536 fluminibus

353 575 384 629 et
404 569 430 629 si
449 569 552 647 placet
572 565 663 627 etiam
687 583 879 644 concoquere.
918 565 1006 625 Anne
1030 564 1128 643 igitur,
1154 571 1361 645 praeterquam
1386 583 1458 626 curn-
1474 571 1549 625 suut
1568 571 1706 625 cornetae

349 665 381 718 et
404 657 547 735 eclipses,
576 655 862 716 continuo-ferveat
885 673 958 732 opus
983 653 1175 726 attractionis
1207 653 1466 734 concoctiouisque
1492 653 1654 714 humorum
1678 650 1704 710 in

346 746 490 807 Tellure?
520 745 568 806 An
593 751 664 806 suut
688 743 781 804 etiam
803 743 850 804 hic
880 762 989 803 causae
1019 743 1262 814 exstimulautes,
1292 744 1397 823 quihus
1426 743 1580 806 interdurn
1608 741 1706 802 fervor

348 835 405 896 iste
430 834 564 897 redditur
587 833 708 894 acrior?
732 832 862 894 Nescio:
887 832 944 893 uisi
970 832 1047 935 quod
1066 831 1130 909 jam
1153 839 1202 892 sut
1225 832 1408 894 celebratum
1427 840 1477 894 est
1496 832 1580 892 inter
1601 838 1704 891 astro-

347 920 442 1004 logos,
468 930 539 1026 post
562 942 688 1001 magnas
712 921 936 999 conjunctiones
956 921 1039 1000 sequi
1065 921 1179 983 fertiles
1199 939 1302 983 anuos.
1339 923 1406 983 Hoc
1426 923 1452 982 si
1472 939 1588 992 verum,
1616 919 1707 997 igitur

347 1011 514 1093 conjunctio
538 1012 723 1114 superiorum
746 1012 936 1090 planetarum
961 1009 1129 1071 stimulabit
1147 1009 1294 1072 Tellurem
1319 1012 1373 1071 ad'
1381 1009 1586 1072 attrahendas
1612 1029 1706 1088 aquas

347 1101 480 1164 marinas
499 1101 676 1180 juvabitque
696 1101 762 1180 ejus
781 1100 1015 1162 concoctionem.
1052 1099 1129 1160 Huic
1149 1099 1283 1178 dogmati
1302 1101 1360 1160 duro
1384 1086 1535 1161 accedunt
1559 1097 1708 1176 suffragia

348 1207 416 1252 ere
440 1191 609 1270 praesenti:
634 1189 859 1291 primumquod
885 1189 999 1250 fertiles
1019 1188 1087 1248 anui
1111 1207 1163 1270 per
1177 1189 1234 1250 Dei
1257 1190 1399 1294 gratiam
1409 1189 1505 1250 secuti
1532 1196 1609 1248 sunt
1634 1206 1705 1248 coo·

345 1279 533 1362 junctionem
557 1297 696 1358 magnam
720 1279 789 1339 anni
816 1274 909 1340 1603.
934 1277 1092 1339 Decembri
1125 1295 1225 1338 meuse
1258 1257 1399 1350 factam:
1423 1285 1456 1338 et
1485 1277 1549 1338 vini
1585 1277 1706 1357 quidem

348 1369 451 1431 vilitas
476 1369 513 1428 ad
533 1368 654 1430 Nicrum
679 1367 784 1429 eadem
809 1385 895 1447 pene,
920 1362 1327 1447 quaesuntsttsstttst.
1351 1367 1531 1448 postillam
1555 1367 1705 1445 conjunc-

349 1459 458 1520 tionem
487 1457 515 1517 in
539 1455 698 1518 Piscibus,
730 1457 789 1518 nisi
822 1462 963 1536 quantum
996 1456 1063 1534 ipsa
1094 1456 1220 1534 pecunia
1246 1457 1277 1518 iu
1309 1457 1373 1518 dies
1406 1457 1502 1518 vilior.
1551 1457 1705 1523 Alterum,

351 1547 428 1630 quod
452 1556 484 1608 et
506 1547 588 1625 prior
610 1547 705 1608 hiems
727 1551 798 1625 post
821 1553 992 1607 autumnum
1017 1544 1086 1606 anni
1114 1541 1208 1615 1603,
1231 1554 1262 1607 et
1285 1547 1359 1608 haec
1382 1545 1466 1626 ipsa,
1492 1565 1554 1626 qua
1579 1547 1621 1605 de
1646 1555 1706 1604 taru

350 1638 446 1699 ruulta
478 1635 621 1710 diximus,
655 1635 789 1697 ostendit
816 1635 940 1695 Terram
970 1633 1140 1695 humoribus
1173 1634 1265 1696 luisse
1296 1635 1579 1714 turgentissimarn;
1618 1643 1708 1694 autea

350 1727 442 1806 igitur
464 1725 520 1786 hoc
544 1731 661 1786 tautum
685 1723 817 1787 humoris
845 1724 1002 1797 hauserat,
1034 1730 1126 1784 antea
1148 1741 1219 1784 vero
1243 1732 1275 1786 et
1297 1724 1467 1804 conjunctio
1502 1743 1621 1803 magna
1645 1725 1708 1784 fuit.

350 1817 459 1894 Itaque
481 1815 556 1875 haec
580 1814 749 1894 conjunctio
773 1809 886 1874 Telluri
910 1812 1047 1874 stimulus
1071 1813 1109 1873 ed
1132 1811 1325 1878 hauriendum
1356 1813 1449 1874 luisse
1480 1813 1565 1875 credi
1590 1819 1704 1892 potest.

351 1905 447 1967 iidem
471 1903 563 1982 igitur
586 1902 703 1964 stimuli
722 1903 759 1963 ad
783 1901 976 1963 hauriendum
1002 1902 1093 1962 etad
1118 1903 1355 1963 excernendum?
1388 1901 1516 1976 Nescio,
1543 1902 1606 1974 nisi
1633 1901 1707 1980 quod

351 1993 442 2055 etiarn
464 1992 494 2054 in
520 1991 671 2052 animante
704 1991 781 2052 idern
815 1999 962 2070 cognatae
996 1990 1157 2052 animantis
1187 1999 1327 2070 aspectus
1355 1999 1387 2052 et
1414 1990 1541 2071 gignere
1576 1991 1709 2052 creditur

350 2083 503 2144 humorem
528 2081 690 2159 genitalem
715 2089 746 2141 et
768 2079 917 2140 interdurn
946 2098 1116 2140 excernere.
1163 2079 1249 2151 Quae
1277 2081 1443 2142 similitudo
1466 2081 1494 2142 si
1518 2081 1706 2152 conceditur,

352 2169 578 2232 distinctionem
593 2170 684 2232 etiarn
710 2168 918 2232 adhibebimus
935 2169 1023 2243 hanc,
1048 2167 1125 2248 qood
1139 2169 1215 2229 utin
1235 2170 1437 2234 animantibus
1452 2171 1554 2232 coctio
1574 2169 1707 2231 humoris

350 2257 494 2342 temporis
518 2258 611 2320 habet
633 2258 831 2332 latitudinem,
857 2258 989 2319 excretio
1009 2259 1220 2319 momentanea
1243 2267 1299 2335 est,
1324 2259 1368 2320 sic
1394 2258 1424 2320 iu
1441 2259 1566 2321 Tellure
1593 2277 1707 2338 quoque

353 2367 445 2410 causa
468 2347 628 2409 stimulans
652 2347 689 2408 ad
718 2347 930 2408 attrahendum
954 2355 985 2407 et
1007 2347 1201 2408 hauriendum
1225 2355 1257 2410 et
1273 2349 1459 2428 coquendum
1482 2348 1639 2430 prolixior
1662 2348 1706 2418 sit,

353 2456 447 2500 causa
470 2431 643 2498 stimulante
668 2436 706 2497 ad
730 2436 957 2498 excernendum.
995 2437 1042 2498 Ac
1066 2455 1129 2496 cum
1154 2445 1296 2515 aspectus
1318 2437 1451 2499 definitio
1477 2459 1496 2498 a
1515 2437 1707 2518 praecisione

352 2545 468 2590 summa
490 2526 635 2605 pendeat,
665 2545 741 2608 quae
771 2533 981 2586 momentanea
1004 2532 1070 2586 est:
1099 2525 1268 2604 conjunctio
1296 2526 1390 2605 igitur
1413 2546 1467 2588 seu
1497 2525 1708 2607 propinquitas

352 2614 476 2680 Saturni
500 2622 532 2677 et
553 2614 658 2689 Jovis,
683 2633 740 2676 uon
764 2624 798 2675 ut
822 2623 973 2694 aspectus,
1001 2613 1055 2674 sed
1079 2614 1425 2693 generalium-ratione.
1453 2627 1584 2696 propter
1615 2617 1709 2697 ipsam

352 2705 469 2770 scilicet
490 2705 743 2786 propinquitatem
768 2703 919 2775 luminum,
944 2704 1059 2764 dicetur
1073 2703 1211 2768 stimulus
1225 2704 1336 2766 Telluri
1361 2705 1462 2788 lactus
1486 2707 1524 2766 ad
1547 2707 1709 2766 attrahen-

353 2796 433 2867 dum,
457 2801 491 2855 ut
509 2793 553 2854 ita
577 2813 669 2855 causa
692 2793 742 2855 diu
762 2791 888 2854 durante
912 2793 1036 2854 effectus
1061 2810 1174 2871 quoque
1198 2791 1362 2854 diuturnior
1382 2813 1451 2854 esse
1476 2795 1589 2874 possit.
1627 2795 1709 2856 h'ora

354 2883 445 2945 stella
462 2901 528 2946 cum
549 2901 583 2942 eo
599 2882 665 2962 ipso
688 2889 822 2961 tempore
843 2881 933 2942 fuerit
946 2890 1023 2953 orta,
1047 2899 1104 2962 quo
1120 2881 1163 2942 sio
1179 2881 1342 2944 exuberare
1365 2883 1558 2962 incipiebant
1577 2883 1708 2944 latentes

353 2973 465 3034 Terrae
488 2970 586 3046 sinus,
615 2971 709 3050 igitur
730 2979 890 3051 postquam
912 2971 1044 3052 planetis
1067 2971 1210 3044 accessit,
1245 2971 1397 3032 stimulum
1422 2971 1503 3034 huno
1537 2973 1708 3033 attrahendi

356 3061 442 3123 auxit
464 3079 589 3142 eamque
614 3061 826 3122 attractionem
845 3059 1043 3133 continuavit,
1066 3067 1176 3121 utnon
1197 3060 1256 3121 cito
1280 3060 1432 3122 exhauriri
1458 3061 1568 3124 humor
1584 3062 1708 3122 Telluris

353 3157 468 3232 posset.
508 3149 631 3211 interim
651 3151 768 3230 quoties
786 3149 917 3229 planetis
942 3147 1190 3227 configurabatur,
1216 3149 1367 3212 stimulum
1392 3151 1555 3230 expultrici
1572 3150 1708 3212 facultati

356 3238 449 3310 dedit,
475 3247 564 3316 atque
588 3239 632 3300 ita
655 3239 792 3318 utrinque
817 3245 943 3318 operata
964 3237 1045 3299 credi
1067 3245 1180 3317 potest.

353 3355 355 3360 ¹
445 3327 547 3408 Atque
570 3327 645 3388 haec
669 3329 705 3386 de
730 3326 862 3406 generali
886 3327 939 3388 illa
963 3327 1106 3388 facultate
1130 3326 1209 3406 globi
1224 3325 1352 3387 Telluris
1377 3327 1504 3408 ejusque
1523 3347 1581 3408 per
1607 3347 1708 3412 noran

359 3417 478 3478 stellam
502 3416 720 3476 commotione:
749 3416 882 3478 dicamus
906 3425 937 3478 et
960 3417 997 3478 de
1021 3415 1149 3477 ceteris:
1181 3424 1213 3476 et
1234 3416 1335 3477 missis
1364 3415 1512 3496 stirpibus
1543 3419 1709 3496 ceterisque

359 3503 571 3578 animantibus,
595 3522 717 3584 quorum
742 3521 832 3583 opera
855 3513 926 3567 sunt
948 3505 1129 3576 obscuriora,
1152 3504 1304 3567 veniamus
1324 3505 1361 3565 ad
1381 3507 1550 3586 principem
1575 3508 1709 3568 animan-

357 3595 442 3670 tium,
467 3592 658 3674 hominem.
705 3592 823 3673 Duplex
847 3604 947 3655 autem
972 3602 1021 3656 est
1043 3591 1168 3654 hominis
1197 3593 1415 3669 consideratio,
1444 3597 1544 3675 prima
1567 3603 1607 3658 ut
1629 3615 1710 3658 orea-

357 3692 444 3746 turae
467 3682 634 3755 rationalis,
658 3681 755 3744 altera
777 3690 811 3744 ut
834 3702 871 3743 ea
895 3684 1040 3745 facurltate
1065 3683 1193 3745 naturali
1217 3682 1356 3762 praediti,
1381 3701 1459 3764 quae
1485 3694 1534 3746 est
1558 3685 1606 3746 illi
1632 3703 1710 3746 cour-

358 3773 456 3836 muuis
479 3790 545 3834 cum
568 3772 635 3850 ipso
658 3771 747 3850 globo
771 3770 914 3844 Telluris,
941 3771 1126 3852 percipiendi
1153 3771 1297 3833 coelestia
1321 3772 1399 3832 citra
1423 3775 1615 3845 discursum,
1640 3777 1711 3836 citra

360 3861 537 3934 doctrinam,
562 3861 638 3922 citra
656 3861 831 3940 protectum,
855 3861 933 3922 citra
951 3861 1046 3941 ipsam
1070 3860 1145 3921 adeo
1161 3861 1313 3939 suiipsius
1338 3861 1558 3942 cognitionem.
1594 3863 1711 3926 Dictum

360 3951 437 4011 enim
461 3958 511 4012 est
532 3967 623 4029 supra
645 3949 744 4033 capite
767 3949 808 4022 X,
833 3967 985 4011 commune
1010 3950 1065 4010 hoo
1089 3967 1156 4010 esse
1183 3968 1271 4011 cervo
1299 3967 1365 4010 cum
1391 3951 1553 4014 Actaeone
1575 3963 1614 4014 et
1636 3953 1712 4014 Mel-

360 4041 465 4112 thaeo,
497 4057 562 4100 cum
585 4037 759 4100 Ptolemaeo
789 4056 913 4119 cumque
936 4039 1134 4111 Aristoxeno,
1166 4048 1200 4100 ut
1227 4038 1265 4100 ab
1295 4059 1332 4100 ea
1364 4040 1486 4102 ratione
1517 4043 1712 4121 geometrica,

362 4147 438 4209 quae
461 4127 491 4188 in
516 4127 637 4188 vocibus
661 4137 709 4189 est
731 4128 809 4188 etin
829 4128 884 4189 hoc
908 4127 1044 4207 subjecto
1068 4115 1239 4189 harmonica
1261 4125 1380 4196 dicitur.
1405 4131 1544 4192 suaviter·
1567 4131 1714 4192 afliciatur

362 4217 550 4287 auscultans,
582 4216 717 4295 quamvis
747 4217 811 4296 ipse
843 4217 976 4296 ignoret,
1005 4217 1034 4278 id
1058 4217 1171 4296 quod
1163 4235 1259 4297 ipsum
1288 4217 1384 4279 afficit
1407 4237 1473 4282 rem
1497 4239 1568 4282 esse
1594 4237 1714 4322 geome-

362 4306 480 4380 tricam,
505 4322 559 4366 nec
582 4322 710 4385 unquam
733 4305 871 4366 didicerit
893 4305 1087 4385 geometriam
1112 4325 1165 4367 nec
1185 4305 1300 4367 discere
1322 4307 1434 4386 possit.
1474 4309 1603 4372 Dictum
1628 4310 1714 4370 etiarn

363 4403 422 4462 est,
445 4391 475 4453 iu
497 4391 589 4454 radiis
612 4393 800 4474 planetarum
824 4393 922 4455 inesse
945 4395 1070 4455 eandem
1092 4395 1253 4470 rationem,
1282 4413 1357 4476 quae
1381 4395 1413 4458 iu
1438 4399 1587 4471 vocibus,
1624 4415 1715 4479 eaque

364 4480 503 4543 similiter
525 4482 703 4543 commoveri
726 4482 850 4543 affectus
874 4491 914 4544 et
928 4483 953 4544 si
977 4483 1046 4564 quid
1070 4493 1118 4544 est
1140 4485 1169 4546 in
1185 4483 1311 4545 hominis
1335 4485 1436 4547 auimo
1462 4489 1617 4558 naturale,
1625 4485 1716 4569 quod

365 4569 547 4630 Aristoteles
579 4569 696 4631 brutum
721 4577 753 4630 et
774 4572 900 4633 mortale
932 4570 1150 4650 pronunciavit.
1196 4573 1254 4634 Pro
1285 4573 1414 4636 diversis
1447 4576 1497 4638 his
1528 4579 1716 4658 respectibus

365 4656 491 4718 hominis
524 4657 665 4720 distincte
697 4659 788 4720 etiam
821 4660 1085 4739 pronunciatio
1112 4662 1208 4741 primo
1235 4661 1307 4722 de
1298 4679 1370 4740 rpsa
1398 4665 1540 4742 ratione,
1576 4687 1638 4747 qua
1667 4684 1717 4726 nos

367 4743 495 4806 Creator
517 4747 647 4823 optimus
670 4748 708 4808 ad
732 4747 777 4806 sui
800 4749 1023 4811 similitudinem
1052 4749 1220 4830 impertitos
1248 4758 1313 4824 est,
1347 4770 1397 4812 res
1422 4773 1484 4815 non
1516 4765 1590 4835 eget
1623 4756 1718 4835 expli-

368 4829 496 4905 catione,
519 4835 687 4895 mortalium
712 4835 826 4896 animos
849 4839 1040 4898 vehementer
1063 4839 1155 4900 fuisse
1179 4847 1389 4901 consternatos
1415 4845 1456 4911 ad
1476 4846 1612 4924 primum
1636 4847 1717 4926 huJ'os
