3700 5530
756 331 787 382 ds
806 329 884 382 Stella
901 327 980 383 Nora.

281 509 321 562 Da
340 515 394 561 ortu
412 505 505 561 Stellae
523 522 602 560 norae
621 508 744 574 Keplerus
763 507 917 561 Sculteto
935 510 999 561 haec
1017 510 1108 560 refert:

525 599 601 664 Viro
626 599 812 679 amplissimo
835 608 868 661 et
890 598 1057 660 clarissimo
1081 597 1209 662 Domino

622 688 911 750 Bartholomaeo
942 687 1113 751 Sculteto

192 774 389 856 Reipublicae
414 771 607 838 Gbrlicianae
633 776 768 840 Oonsuli.
815 778 944 838 Domino
967 795 1033 838 meo
1057 777 1182 839 colendo
1206 774 1343 838 Salutem
1368 785 1399 837 et
1423 773 1542 837 Officia.

282 879 456 944 Clarissimo
482 881 547 944 Vir.
594 881 670 946 Cum
694 901 788 964 nuper
812 883 902 945 officii
926 903 1018 945 causa
1042 883 1212 946 invisissem
1237 881 1273 944 D.
1293 883 1330 944 D.
1346 881 1546 945 Sclrwalbium

192 981 313 1034 vestrae
328 968 510 1050 reipublicae
524 971 679 1047 medicum,
705 971 731 1034 is
755 971 826 1034 mihi
850 972 978 1052 plurima
1001 981 1032 1034 et
1050 973 1271 1052 jucundissimo
1287 973 1324 1034 de
1338 971 1546 1033 Excellentiae

180 1061 275 1124 ¹Tuae
291 1059 451 1138 dignitate,
475 1061 667 1136 auctoritate,
692 1061 855 1124 studiorum
876 1061 1128 1123 oblectationibus
1153 1070 1185 1122 et
1200 1062 1279 1124 felici
1293 1071 1384 1139 atque
1400 1061 1548 1139 longaeva

192 1159 316 1212 senecta
343 1147 494 1209 recensuit
527 1167 632 1229 meque
661 1150 812 1230 permovit
835 1151 897 1213 suis
922 1151 1193 1227 adhortationibus,
1219 1159 1251 1212 ut
1274 1153 1311 1213 ad
1327 1148 1547 1210 Excellentiam

192 1240 287 1301 Tuam
311 1237 482 1299 scriberem.

185 1365 189 1372 ·
281 1327 424 1406 Agnosco
447 1325 523 1389 Exc.
548 1326 630 1388 'lirae
653 1327 844 1406 prudentiam
868 1333 900 1387 et
932 1326 1101 1390 cautionem
1129 1293 1240 1389 infide
1266 1325 1547 1406 adhibendalongo

192 1435 290 1480 rerum
314 1435 369 1476 usu
393 1422 424 1476 et
446 1422 493 1476 tot
518 1415 583 1495 jam
615 1415 707 1477 variis
739 1415 909 1520 hujusmodi
942 1416 1107 1478 rumoribus
1141 1415 1254 1477 exercit
1241 1422 1348 1478 tatem.
1397 1413 1547 1487 Ceterum,

193 1505 271 1585 quod
295 1504 407 1566 attinet
429 1513 620 1582 praesentem
644 1523 809 1578 rumorem,
842 1505 868 1566 is
898 1523 987 1566 verus
1018 1513 1074 1568 est.
1052 1505 1272 1568 tVisat
1224 1513 1272 1566 est
1303 1523 1381 1565 nova
1405 1495 1526 1565 stella
1518 1523 1547 1564 m

192 1592 361 1673 Hispania,
394 1591 505 1662 Italia,
532 1593 698 1669 Bobemia,
722 1593 861 1668 hiantia,
888 1592 1034 1656 Ostfrisia
1066 1595 1172 1656 eodem
1205 1604 1355 1674 tempore;
1389 1612 1464 1673 quae
1498 1593 1547 1652 die

194 1679 226 1746 8.
252 1680 322 1744 Oct.
346 1700 404 1742 non
429 1682 504 1757 fuit,
529 1681 577 1742 die
603 1680 653 1746 10.
679 1683 744 1745 fuit.
792 1683 851 1744 Illa
873 1702 931 1746 non
961 1683 1018 1744 fuit
1042 1681 1210 1756 Saturnus,
1234 1682 1353 1762 Jupiter
1377 1689 1429 1742 aut
1452 1680 1546 1756 Mars,

194 1771 264 1852 quia
286 1789 391 1832 omnes
414 1777 478 1832 tres
496 1771 587 1850 juxta
610 1770 702 1840 illam,
727 1771 856 1832 ethaeo
881 1781 989 1850 quarta
1012 1773 1109 1851 maj0r
1132 1770 1267 1832 omnibus
1290 1771 1357 1832 visa
1376 1779 1433 1834 est.
1480 1768 1547 1832 Ob-

194 1861 342 1922 servando
367 1867 549 1939 compertum
574 1860 764 1922 sextantibus
788 1860 965 1942 Tychonicis
990 1862 1029 1921 ad
1052 1859 1213 1922 distantias
1237 1880 1256 1920 a
1278 1858 1354 1932 fixis,
1379 1867 1413 1920 ut
1426 1857 1547 1938 Aquila,

194 1949 294 2030 capite
309 1946 468 2028 Ophiuchi,
492 1967 570 2028 genu
594 1947 790 2029 Serpentarii,
815 1950 904 2011 corde
929 1947 1055 2030 scorpii,
1079 1950 1201 2012 humero
1216 1947 1374 2026 Sagittarii
1394 1947 1547 2020 adhibitis,

193 2037 277 2100 illam
302 2037 425 2099 haerere
450 2036 478 2098 in
505 2031 565 2101 17⁰
585 2033 640 2100 4¹¹
664 2043 703 2112 l,
729 2038 808 2100 latit.
837 2035 873 2100 1⁰
890 2035 945 2101 55¹
969 2039 1032 2100 bor.
1080 2036 1156 2101 Cum
1181 2044 1282 2100 autem
1305 2044 1368 2099 tum
1383 2035 1437 2098 Sol
1461 2036 1551 2098 fuerit

196 2127 226 2188 iu
253 2123 311 2190 18ο
334 2136 390 2198 2,
416 2144 487 2205 ergo
512 2144 607 2208 neque
631 2127 735 2188 Venus
759 2145 854 2208 neque
877 2127 1045 2190 Mercurius
1068 2127 1116 2188 hic
1140 2147 1207 2188 esse
1231 2126 1349 2206 potuit,
1377 2125 1448 2206 quia
1471 2143 1549 2185 nnn-

195 2233 283 2294 quom
308 2216 346 2277 ad
379 2209 440 2278 60⁰
462 2214 637 2276 distantiam
669 2236 689 2276 a
711 2213 784 2277 Sole
814 2216 982 2279 discedunt.
1033 2214 1155 2278 Occidit
1184 2215 1299 2277 beliaco
1331 2214 1410 2275 inter
1445 2209 1493 2275 16.
1520 2219 1551 2274 et

195 2301 249 2368 23.
274 2302 465 2366 Novembris.
512 2301 591 2365 Orto
615 2312 663 2365 est
694 2304 808 2366 beliaco
833 2301 885 2368 21.
909 2305 985 2367 Dec.
1031 2305 1130 2385 Major
1152 2304 1229 2366 Jove
1263 2304 1336 2378 fnit,
1366 2303 1432 2382 jam
1455 2301 1550 2362 minor

193 2391 326 2456 Saturno
351 2401 418 2467 eet,
453 2392 502 2472 qui
525 2393 659 2472 proxime
684 2393 766 2456 illam
790 2401 863 2456 stat.
910 2393 992 2455 Loco
1017 2412 1075 2455 non
1099 2401 1253 2468 movetur,
1289 2413 1325 2454 ne
1358 2392 1398 2453 ad
1432 2390 1550 2453 unicum

193 2483 313 2562 quidem
346 2481 501 2544 minutum.
547 2481 604 2543 Dic
634 2478 664 2546 9.
688 2482 763 2544 Dec.
796 2482 851 2545 Sol
884 2483 921 2544 ad
955 2482 1051 2563 ipsam
1088 2483 1189 2556 venit,
1227 2481 1275 2542 dic
1316 2477 1365 2544 13.
1391 2479 1550 2558 Saturnus,

193 2568 446 2644 tameworthe,
471 2565 522 2631 24.
548 2568 600 2635 25.
624 2571 693 2633 Jan.
717 2573 823 2634 Venus
848 2589 937 2650 snper
960 2571 1042 2632 illam
1070 2571 1202 2632 transiit.
1249 2570 1355 2651 ltaque
1389 2569 1549 2630 confirma-

201 2659 318 2721 tissima
341 2679 389 2721 res
413 2667 470 2733 cst,
495 2660 574 2738 quod
596 2669 715 2739 gratnm
739 2661 802 2721 fore
824 2659 930 2740 putavi
952 2659 1160 2722 Excellentiae
1184 2659 1278 2720 Tuae.

283 2748 362 2810 Vale
409 2747 539 2810 feliciter
583 2756 615 2810 et
655 2767 701 2810 me
734 2748 970 2831 Tychonicorum
1011 2748 1175 2810 studiorum
1209 2765 1353 2810 summum
1385 2753 1550 2807 amatorem

195 2855 295 2898 amare
319 2837 426 2916 incipe

282 2925 401 3006 Pragae
424 2923 475 2989 20.
500 2923 587 2988 Febr.
615 2920 709 2988 1605.

713 3013 797 3075 Tuae
819 3011 1028 3075 Excellentiae
1120 3033 1124 3041 ·
1182 3039 1185 3046 ·

1109 3100 1346 3164 officiosissimus
1388 3109 1391 3116 ’

1118 3190 1152 3253 J.
1181 3187 1331 3272 Keppler,

989 3277 1078 3341 Kais.
1107 3279 1183 3358 Maj.
1212 3277 1458 3340 Mathematicus.

282 3381 367 3434 Causa
383 3383 572 3449 perscripturum
591 3383 678 3434 harum
695 3383 822 3434 literarum
841 3383 873 3434 ad
893 3383 1098 3450 antesignatum
1114 3387 1191 3434 virum
1208 3389 1280 3450 patet
1298 3399 1328 3434 ex
1340 3385 1433 3434 ultimis
1445 3383 1549 3448 Keplcri

193 3455 281 3505 serbis.
307 3453 419 3518 'lychoni
437 3457 554 3505 diuturna
571 3457 784 3519 conjunctnssrst
803 3453 1058 3514 amicitieSoultetus,
1078 3463 1104 3506 et
1119 3457 1182 3506 torte
1199 3455 1241 3505 ille
1260 3470 1333 3520 quem
1352 3455 1412 3506 dicit
1425 3455 1549 3521 Keplerus

196 3526 308 3576 medicus
326 3526 475 3578 Gtrliceusis
492 3541 576 3577 senem
595 3527 664 3576 illum
681 3527 744 3577 bens
762 3527 895 3576 meritum
888 3541 914 3574 111
927 3526 1050 3577 laetitiam
1069 3529 1191 3592 conticere
1205 3527 1285 3577 soluit
1303 3527 1380 3578 literis
1397 3527 1436 3576 his
1455 3529 1549 3577 atocio

195 3596 319 3662 quondam
336 3598 471 3648 adadorum
489 3599 563 3648 amici
580 3597 704 3662 heltonis
722 3601 823 3662 ejusque
842 3611 992 3648 successore.

285 3666 357 3728 Quas
377 3669 408 3718 de
426 3667 596 3719 vitaSculteti
614 3675 737 3728 coustant,
756 3667 907 3718 haeosunt:
926 3673 1000 3719 natus
1018 3675 1134 3720 estanuo
1150 3666 1226 3726 1532,
1245 3645 1456 3718 mathematicam.
1467 3667 1552 3718 docuit
1611 3719 1614 3726 ,

196 3737 296 3801 Lipsiae
315 3743 341 3788 et
359 3737 528 3804 Wittebergas
552 3745 651 3790 secutus
675 3747 861 3805 praeceptorem
879 3739 1035 3799 Homclinm,
1061 3740 1117 3792 dein
1137 3740 1285 3792 Goerlicium
1303 3747 1472 3824 transgressus
1491 3753 1549 3788 con·

194 3809 253 3858 aulis
271 3809 423 3874 fungebatur
440 3824 549 3867 munero.
569 3817 595 3861 et
612 3825 662 3862 uon
680 3812 775 3862 omissis
793 3811 912 3876 prioribus
930 3811 1017 3861 studiis
1035 3826 1135 3875 operam
1154 3813 1229 3861 etiam
1248 3811 1353 3874 posuit‘
1346 3825 1372 3858 ιιι
1391 3807 1550 3859 conficiendis

195 3882 365 3930 instrumentis
393 3883 569 3932 astronomicis.
607 3883 681 3932 Anno
701 3881 776 3932 11172.
806 3884 922 3932 emissum
946 3887 985 3932 est
1003 3897 1063 3947 opus
1082 3884 1113 3933 ab
1130 3897 1159 3932 eo
1187 3882 1352 3944 couscriptum
1371 3880 1401 3930 de
1419 3879 1550 3947 horologiis

194 3949 361 4014 (Gnomonice
379 3949 544 4016 inscriptum),
565 3953 680 4004 adhibitis
693 3953 799 4004 flomelii
816 3955 990 4018 manuscriptis
1008 3953 1107 4004 relictis.
1134 3952 1325 4003 Observationes
1336 3965 1395 4002 suas
1408 3950 1439 4001 de
1452 3959 1551 4002 comata

194 4024 254 4074 anni
270 4019 346 4072 1577.
364 4023 456 4088 publici
471 4026 533 4086 juris
545 4024 605 4075 iecit
616 4025 642 4074 in
653 4025 715 4075 libro
733 4025 867 4088 inscripto:
887 4024 1031 4082 „Cometen
1050 4037 1116 4073 anno
1128 4023 1290 4073 humanitatis
1305 4020 1381 4071 1577.
1402 4037 1419 4072 a
1433 4019 1472 4070 iO.
1486 4021 1548 4072 Nos.

192 4109 236 4160 psr
254 4093 417 4144 Decembrem
434 4095 461 4144 in
483 4091 523 4144 13.
543 4095 600 4145 lau.
620 4097 680 4146 anui
703 4096 843 4160 sequentia,
872 4095 905 4145 55
925 4095 1010 4146 dicbus
1029 4095 1055 4144 in
1073 4095 1199 4144 sublunari
1221 4095 1321 4158 regione
1345 4095 1487 4157 apparentis
1506 4093 1549 4145 dc-

192 4166 301 4229 scriptio.
340 4165 420 4216 Goerl.
443 4163 537 4224 11178,1
558 4166 637 4233 deque
657 4182 685 4217 eo
704 4167 812 4230 pluribus
838 4169 891 4233 a't
909 4165 993 4228 Tycho
1010 4167 1037 4215 iu
1060 4181 1145 4229 opere:
1172 4165 1211 4214 De
1229 4164 1314 4214 muudi
1333 4163 1443 4214 aetherei
1461 4177 1549 4215 recem

193 4237 293 4286 tionibus
320 4235 498 4300 phaenomenis
523 4237 585 4288 liber
611 4239 741 4288 secundus.
788 4235 999 4288 Urauib.1588.
1047 4236 1122 4286 Teste
1148 4235 1279 4286 lescherio
1313 4235 1421 4285 coniecit
1448 4233 1550 4286 chartas

192 4306 313 4372 quasdam
331 4308 526 4372 geographicas,
556 4309 633 4359 edidit
651 4309 781 4373 epistolam
800 4307 938 4372 Tychouis,
962 4307 1092 4373 scripsit„
1095 4308 1171 4358 sitam
1193 4305 1283 4356 (1111111
1302 4312 1327 4357 et
1349 4306 1549 4400 Apostolorum&

195 4377 371 4429 Calendarium
389 4386 534 4442 perpetuum
553 4378 608 4436 dc..
628 4387 654 4430 et
671 4385 781 4430 mortuus
800 4387 838 4428 ost
858 4376 935 4428 11114.

281 4447 453 4500 Desumsimus
479 4450 581 4513 Kepleri
610 4450 695 4500 literas
714 4465 728 4502 e
746 4449 857 4501 Meistnri
875 4449 1013 4500 Annalibus
1032 4447 1236 4499 Goerlicieusibus
1257 4448 1344 4497 moniti
1361 4462 1406 4512 per
1424 4443 1548 4498 Schaube-

193 4519 260 4579 lium,
279 4519 321 4584 qui
338 4519 385 4570 has
403 4519 512 4570 literas'
505 4536 532 4570 rn
549 4520 736 4586 Bibliographin
753 4536 800 4572 sun
818 4523 986 4572 ethonomica
1003 4521 1073 4586 quasi
1094 4525 1237 4585 separatum
1252 4517 1327 4569 refert
1337 4517 1426 4568 librum
1438 4517 1548 4582 Kepleri.

282 4589 383 4640 Librum
401 4605 473 4642 suum
491 4593 557 4642 misit
574 4591 697 4655 Ksplerus
715 4592 957 4650 Maximiliano,
976 4591 1108 4644 Archiduci
1130 4591 1258 4648 austriae,
1277 4589 1315 4640 his
1341 4589 1432 4642 additis
1454 4589 1548 4640 literis:

283 4676 482 4740 Serenissime
497 4681 664 4754 Archidnx,
682 4679 826 4760 Princeps
842 4679 1095 4744 clementissime.
1132 4681 1223 4743 Alter
1240 4679 1303 4759 jam
1329 4697 1424 4740 annus
1449 4678 1549 4758 agitur

195 4781 314 4844 expuo
329 4764 396 4829 Ser.
412 4765 495 4830 Oels.
512 4769 578 4830 'lisa
599 4785 654 4848 per
670 4778 893 4847 procuratorem
917 4789 1003 4831 suum
1024 4769 1201 4832 Vischcrum
1220 4767 1291 4829 mihi
1315 4767 1548 4829 clementissime

196 4849 360 4928 mandavit,
385 4860 419 4915 nt
441 4857 467 4916 si
491 4873 581 4936 super
602 4855 809 4944 stellanova,
834 4877 910 4939 quae
935 4866 1005 4920 tunc
1028 4857 1181 4939 fulgebat,
1211 4862 1334 4938 praeter
1356 4855 1548 4918 vernaculum
