3700 5530
766 304 849 367 capu
866 303 910 352 vr.
930 303 954 352 0.
1474 301 1540 369 273

183 493 257 539 veru
279 481 457 545 verteretur,
482 477 692 540 menstruatim
716 479 755 542 ad
778 477 880 542 Solem
904 499 1031 542 essens:
1063 497 1098 541 eo
1123 481 1185 541 lere
1209 480 1311 555 modo,
1338 499 1395 561 000
1420 480 1539 560 00000-

184 566 267 628 01000
290 566 416 627 Terram
439 565 477 626 00
501 563 613 639 Solem,
639 586 693 628 000
717 569 754 629 00
779 569 886 648 ignem,
913 570 1016 631 dietim
1042 569 1177 632 converti
1201 571 1352 631 01000001
1377 570 1462 632 dixit.

269 654 357 715 Haec
381 655 418 716 de
441 655 657 716 illuminatione
680 656 784 718 Lunae
809 658 979 728 sententia,
1004 659 1048 718 uti
1072 667 1156 719 certe
1180 665 1230 718 001
1253 668 1398 738 extraque
1422 675 1539 720 omnem

185 743 378 806 dubitationis
393 745 499 816 aleam,
523 745 640 805 110000
656 744 824 820 defuerunt,
851 746 900 826 qui
916 747 1025 825 optiois
1041 748 1207 808 rationibus
1225 748 1459 826 impugnandam
1479 747 1538 808 sibi

184 841 344 894 sumerent.
382 829 515 902 Quorum
539 834 800 912 00010011001000
825 835 981 912 disputata
1004 842 1052 896 est
1080 837 1159 913 0000
1182 835 1375 897 Plutarchum
1400 837 1437 896 de
1462 836 1539 896 10010

183 923 297 995 Lunae,
321 929 354 983 01
377 921 508 1000 repetita
522 942 541 982 0
556 920 716 983 1110000000
733 923 783 984 lib.
800 923 841 984 11.
862 924 1013 1001 (quamvis
1029 923 1166 1001 Scaliger
1185 923 1261 983 hane
1277 925 1403 985 eandem
1418 925 1538 985 instan-

183 1010 255 1072 tiam
272 1010 370 1071 Arabi
385 1009 512 1084 cuidam,
532 1011 592 1072 lilio
608 1011 733 1072 Amram
749 1012 887 1083 tribuat).
913 1011 946 1072 Si
962 1009 1028 1084 Sol,
1055 1011 1198 1092 inquiunt,
1215 1011 1318 1072 Lunae
1343 1032 1428 1074 suum
1452 1031 1537 1074 com·

181 1098 432 1173 municatluoem,
462 1097 493 1158 id
516 1117 571 1177 per
593 1117 800 1179 repercussum
824 1101 863 1161 00
887 1117 941 1161 000
961 1099 1153 1173 derivabitur,
1177 1107 1212 1159 ut
1236 1117 1293 1161 non
1310 1102 1413 1162 Lunae
1439 1102 1537 1162 lumen

180 1205 348 1262 cernamus,
372 1188 427 1250 sed
450 1186 479 1247 in
495 1187 612 1249 Lunam
636 1188 758 1250 directis
782 1189 875 1249 oculis
892 1187 973 1249 Solis
997 1188 1090 1267 ipsius
1115 1188 1216 1248 radios
1236 1189 1429 1267 excipiamus.
1469 1187 1537 1258 Quo

180 1293 326 1338 00000000
350 1283 504 1355 00000100,
534 1276 652 1338 Lunam
675 1296 742 1338 esse
767 1279 919 1357 speculum
942 1294 1116 1338 convexum.
1166 1274 1266 1345 Quare
1290 1279 1320 1337 in
1345 1278 1431 1338 Luna
1455 1277 1536 1339 Solis

181 1365 341 1444 imaginem
360 1381 523 1426 cernemus.
548 1365 713 1427 Praeterea
736 1384 793 1427 non
819 1366 875 1426 erit
893 1365 1046 1444 possibile,
1071 1373 1105 1426 ut
1128 1365 1175 1424 vel
1199 1365 1228 1426 in
1253 1375 1318 1426 toto
1339 1367 1388 1427 vel
1411 1367 1440 1427 in
1457 1367 1535 1427 divi-

181 1453 258 1514 duae
273 1453 379 1514 Lunae
402 1452 558 1516 dimidiato
582 1471 705 1533 corpore
720 1453 801 1517 Solis
825 1455 927 1517 radios
950 1455 1142 1516 circumcirca
1165 1473 1331 1516 cernamus.
1366 1456 1432 1516 Lex
1456 1455 1535 1516 enim

180 1559 374 1622 repercussus
398 1542 472 1604 haec
496 1550 552 1617 est,
578 1550 611 1604 ut
634 1543 747 1605 abillo
770 1543 855 1604 unico
879 1551 991 1622 puncto
1015 1543 1147 1622 corporis
1171 1543 1232 1616 liat,
1259 1544 1308 1604 ubi
1324 1544 1434 1623 anguli,
1460 1561 1534 1623 quos

181 1630 256 1692 radii
282 1639 314 1693 et
336 1632 462 1711 illapsus
486 1640 518 1692 et
540 1649 733 1710 repercussus
757 1649 823 1692 cum
846 1633 977 1712 00100000
1001 1633 1124 1706 1001001,
1148 1643 1275 1711 possunt
1298 1650 1366 1692 0000
1381 1633 1533 1712 aequales.

181 1719 257 1783 (lum
280 1721 382 1800 itaque
407 1739 501 1800 neque
526 1719 607 1782 Solis
631 1721 790 1800 imaginem
812 1721 842 1781 in
868 1721 954 1782 Luna
977 1739 1147 1792 cernamus,
1176 1738 1270 1799 neque
1295 1721 1347 1781 ille
1371 1740 1427 1782 uno
1452 1728 1534 1781 certo

180 1811 256 1878 loco,
280 1809 311 1870 in
335 1827 393 1888 quo
411 1817 515 1889 potest
538 1827 606 1869 esse
626 1811 800 1888 angulorum
817 1810 993 1889 aequalitas,
1018 1809 1192 1882 illustretur,
1219 1810 1271 1869 000
1296 1809 1444 1870 interdum
1468 1817 1534 1870 toto

180 1915 325 1978 corpore,
349 1898 496 1959 interdum
531 1897 705 1968 dimidiata,
734 1899 883 1960 interdum
916 1906 947 1958 et
979 1899 1007 1958 in
1038 1897 1181 1959 extremis
1215 1897 1397 1976 marginibus
1422 1899 1537 1959 1010010

181 1995 346 2067 00000001,
382 1987 465 2066 00001
490 1986 685 2060 existimant,
710 1995 743 2048 ut
766 1987 853 2048 Luna
875 2005 932 2047 non
958 1987 1058 2048 luceat
1080 1985 1173 2048 radiis
1198 2007 1217 2046 0
1240 1985 1311 2047 Sole
1335 1987 1535 2048 venientibus.

269 2075 390 2138 Poterit
412 2076 487 2138 10000
510 2075 656 2136 1001001ἱο
679 2076 831 2154 negotium
855 2076 897 2136 illi
914 2077 1075 2148 lacessere,
1100 2075 1149 2154 001
1173 2093 1289 2136 omnem
1305 2075 1424 2136 omniuo
1440 2077 1536 2137 lucem

181 2167 211 2227 10
235 2166 395 2240 directam,
429 2183 637 2244 repercussam
670 2173 701 2224 et
733 2165 895 2226 retractam
920 2164 1087 2237 distribuit,
1125 2173 1261 2242 quartam
1296 2183 1355 2226 non
1388 2165 1537 2244 agnoscit.

183 2259 255 2321 1000
270 2263 328 2330 001,
353 2255 432 2335 0000
448 2252 625 2316 0100000000
649 2261 791 2333 tanquam
815 2253 844 2314 in
869 2252 1026 2332 angustius
1051 2253 1189 2314 redactus
1205 2254 1356 2316 000010011
1369 2271 1537 2333 perperam,

180 2349 294 2410 habere
317 2346 436 2407 Lunam
460 2343 550 2405 etiam
573 2342 725 2422 proprium
750 2342 859 2414 lumen,
883 2343 960 2422 0000
986 2341 1133 2402 excitetur
1157 2341 1304 2415 aSol'ari,
1330 2361 1389 2423 qua
1413 2361 1449 2405 00
1464 2361 1537 2404 000--

181 2435 318 2516 tingitur.
371 2431 552 2496 Plutarchus
582 2448 653 2492 vero
687 2431 749 2492 0110
777 2431 935 2508 illegitima
966 2431 1085 2510 quaerit
1112 2431 1230 2505 effugia.
1281 2432 1327 2492 At
1358 2449 1414 2511 ego
1449 2448 1541 2510 00000

181 2525 350 2588 rationibus
374 2521 564 2584 evidentibus
588 2519 695 2598 000.1.
719 2538 763 2598 pr.
778 2517 831 2582 22.
857 2525 996 2599 quartam
1014 2518 1088 2580 lucis
1103 2519 1244 2597 speciem,
1270 2529 1367 2580 ortem
1392 2543 1410 2581 0
1433 2539 1535 2600 00000-

181 2613 491 2684 000000100100010,
516 2607 678 2682 introduxi,
703 2607 750 2668 001
773 2627 881 2669 nomen
906 2607 1143 2668 communicatae
1169 2607 1244 2668 lucis
1268 2608 1403 2670 attribui.

272 2701 375 2772 Quare
400 2701 459 2762 etsi
481 2698 528 2759 1010
547 2698 613 2776 jem
637 2696 786 2776 expeditis
805 2696 972 2757 rationibus
992 2695 1148 2756 verissime
1168 2695 1321 2771 evincitur,
1346 2696 1463 2759 Lunam
1482 2715 1540 2758 non

181 2793 226 2854 uti
251 2793 316 2853 1000
341 2809 380 2852 ex
394 2787 465 2850 Sole
489 2784 665 2864 simpliciter
686 2803 882 2870 repercussa,
907 2792 1005 2846 restat
1023 2793 1124 2845 tamen
1149 2792 1258 2864 000010
1281 2786 1355 2846 haec
1374 2785 1539 2847 communi-

182 2891 271 2946 eatae
295 2880 371 2941 lucis
395 2877 522 2958 speclea,
547 2874 651 2936 Lunae
675 2875 844 2934 tribuenda.
891 2874 960 2934 Non
984 2873 1061 2936 enirn
1094 2880 1143 2934 eet
1170 2873 1232 2935 alie
1261 2875 1339 2936 ratio
1364 2876 1429 2954 ejus
1453 2874 1538 2948 lucis,

182 2991 259 3054 0000
284 2991 303 3031 0
326 2970 414 3031 Luna
436 2966 475 3028 ad
498 2981 553 3026 nos
577 2963 735 3024 descendit
758 2981 795 3022 ex
819 2961 890 3023 Sole
914 2971 1000 3035 0010,
1025 2981 1112 3043 qnam
1143 2963 1223 3041 ejus,
1253 2963 1382 3042 quaein
1407 2963 1542 3043 00011101

182 3064 271 3126 010010
295 3057 411 3139 0001010
435 3056 473 3116 010
498 3052 602 3115 eodem
626 3049 698 3112 Sole
722 3051 908 3113 descendens
932 3050 1085 3112 radiatio
1110 3069 1195 3113 omne
1219 3051 1485 3131 hemisphaerium,
1510 3061 1542 3114 et

182 3169 359 3234 quacunque
383 3162 504 3207 camera
525 3141 570 3203 illi
592 3141 784 3202 tenebricosa
807 3140 956 3218 objicitur,
982 3142 1010 3202 iu
1035 3159 1101 3200 eam
1126 3148 1234 3219 000010
1258 3140 1419 3203 fenestella
1436 3142 1541 3221 ingre-

183 3241 264 3303 ditur
296 3255 389 3318 seque
416 3253 483 3296 cum
510 3249 564 3292 suo
593 3229 692 3291 colore
720 3229 749 3290 in
779 3227 918 3308 opposito
948 3231 1016 3290 albo
1044 3230 1158 3308 pariete
1193 3229 1347 3310 depingit:
1385 3238 1420 3292 01
1449 3250 1541 3311 00000

182 3350 249 3410 cap,
273 3327 316 3390 Π.
341 3343 426 3405 prop.
452 3321 483 3384 7.
509 3320 746 3380 demonstratum
771 3327 829 3378 est.
877 3316 1025 3387 Quorsum
1058 3319 1157 3379 refero
1181 3319 1234 3380 1110
1256 3318 1412 3381 Plutarchi
1436 3321 1538 3394 verba,

182 3437 259 3500 0000
289 3413 413 3494 reliquis
448 3407 602 3471 inutilibus
635 3407 879 3470 excusationibus
911 3409 1034 3468 tandem
1063 3408 1228 3476 subnectit,
1265 3419 1354 3483 Luna,
1393 3409 1539 3489 inquiens,

182 3510 285 3565 multas
306 3506 396 3559 habet
416 3499 593 3573 asperitates,
615 3497 832 3568 inaequalitates
852 3499 963 3562 0001100,
986 3505 1018 3551 01
1038 3498 1172 3570 fulgores,
1195 3499 1241 3568 001
1262 3515 1280 3552 0
1300 3515 1402 3571 magno
1423 3517 1538 3569 corpore

182 3589 320 3650 accidunt,
343 3582 537 3640 altitudinibus
558 3595 612 3632 uon
632 3578 745 3648 exiguis
765 3578 943 3647 resplendere
965 3577 1080 3648 possint,
1103 3583 1294 3632 accommode
1316 3579 1428 3643 rellecti,
1450 3579 1539 3648 impli-

182 3670 257 3734 0001,
279 3659 618 3737 resplendescentismque
642 3659 715 3714 inter
735 3675 766 3712 00
787 3657 965 3722 continuare,
988 3659 1067 3729 quasi
1088 3673 1106 3711 a
1125 3659 1218 3713 multis
1240 3675 1275 3712 ea
1295 3661 1331 3712 ad
1352 3676 1402 3712 nos
1423 3659 1543 3714 ferretur

182 3758 318 3830 means:
344 3743 451 3825 quibus
475 3737 574 3799 verbis
598 3737 660 3799 lere
684 3755 760 3810 eam,
786 3755 873 3817 quam
889 3737 1043 3816 appellare
1067 3735 1151 3798 soleo
1167 3738 1262 3798 lucem
1282 3738 1540 3812 communicatam,

183 3835 347 3916 descripsit
355 3852 365 3908 ;
402 3830 509 3894 melius
546 3835 645 3888 100000
679 3823 873 3898 Cleomedes,
907 3825 956 3904 qui
992 3825 1193 3887 necessariam
1226 3825 1303 3886 hanc
1339 3824 1540 3888 conditionem

182 3927 278 4001 addit,
297 3941 358 3986 non
381 3927 500 3984 tautum
524 3914 672 3994 repercuti
696 3936 715 3976 0
736 3913 825 3976 Luna
848 3911 986 3976 Solarcm
1010 3914 1123 3987 lucem,
1157 3914 1211 3974 sed
1239 3913 1330 3975 etiarn
1360 3913 1482 3976 01100001
1510 3914 1541 3976 10

183 4015 279 4090 Luna,
303 4020 339 4076 ut
362 4009 551 4090 splendorem
575 4002 653 4082 ignis
676 4003 706 4064 in
730 4002 818 4076 ferro,
843 4010 876 4064 et
898 4003 943 4063 010
966 4003 1117 4082 propriam
1136 4002 1208 4064 fieri.

270 4103 376 4181 Atque
398 4095 552 4174 hincjam
576 4091 733 4164 evincitur,
758 4091 862 4154 Lunae
886 4109 994 4171 corpus
1018 4100 1050 4154 et
1073 4093 1198 4153 densum
1222 4108 1299 4164 csse,
1325 4098 1359 4150 ut
1377 4096 1425 4150 est
1449 4091 1543 4152 Terra

184 4193 278 4274 (0000
301 4187 484 4254 Plutarchus
507 4181 610 4246 libello
634 4199 727 4260 00000
751 4180 831 4243 01010
847 4181 950 4242 multis
966 4180 1146 4254 contendit),
1167 4187 1199 4240 et
1217 4179 1382 4240 coloratum
1397 4178 1542 4258 impense,

185 4291 297 4362 utque
321 4284 439 4341 remoto
462 4271 626 4336 secundum
649 4286 695 4349 pr.
712 4267 764 4332 22.
790 4287 856 4348 000.
871 4269 897 4331 Ι.
920 4269 971 4332 lux
995 4270 1214 4334 communicata
1237 4269 1336 4330 locum
1361 4285 1418 4328 nou
1434 4268 1543 4344 habet,

184 4377 216 4433 et
236 4387 348 4451 000000
371 4360 538 4445 0000011010,
562 4378 599 4422 00
623 4359 785 4438 pelluceet.
822 4355 960 4437 Opacum
983 4358 1061 4421 enim
1086 4377 1153 4421 esse
1179 4358 1284 4420 Lunae
1307 4373 1415 4434 corpus
1439 4375 1542 4420 omues

185 4459 310 4540 mdique
335 4452 523 4536 conquisitae
547 4446 752 4526 experientiae
775 4453 938 4510 testantur.

268 4543 419 4630 Arguitur
442 4542 512 4603 hinc
535 4536 628 4600 011000
652 4535 804 4599 Posidonii
828 4535 980 4597 sententia
1004 4535 1083 4613 0000
1107 4532 1308 4606 Macrobium,
1333 4531 1419 4612 cujus
1441 4533 1540 4596 Rein.

184 4635 288 4700 1001000
315 4638 347 4698 10
380 4625 606 4694 commentariis
643 4643 734 4704 super
765 4623 911 4686 'theorias
943 4622 1118 4692 Purbachii‚
1148 4623 1200 4683 iol.
1230 4615 1301 4682 164.
1334 4622 1479 4688 meminit.
1496 4619 1541 4698 ⁴⁸)

185 4721 333 4795 Quicum
356 4719 568 4784 recteLunae
591 4715 718 4776 eaodem
748 4712 905 4776 materiam
935 4711 1093 4774 tribuisset
1123 4729 1210 4790 quam
1234 4709 1383 4772 01Τοπο
1413 4711 1539 4790 obtinet,

185 4816 275 4896 (0000
289 4813 411 4896 quidem
433 4802 645 4886 antiquissima
659 4801 935 4884 Pythagoraeorum
957 4797 1110 4862 0000100110
1128 4799 1221 4862 luisse
1234 4797 1362 4870 videtur,
1385 4818 1441 4864 000
1459 4803 1540 4865 01100

235 4917 324 4970 raum
336 4915 416 4967 opert.
436 4911 464 4952 ¹1·
1294 4901 1328 4955 tt
