3718 5528
806 295 888 362 caper
905 295 951 346 rr.
970 293 997 346 ε.
1514 289 1579 360 oss

224 479 322 534 turam
345 472 450 533 Lunae
472 489 539 532 cum
562 469 650 546 Sole,
685 471 735 534 ubi
764 472 857 534 etiam
880 471 975 534 sectio
1000 472 1103 534 Lunae
1131 479 1217 534 recta
1244 471 1325 535 linea
1348 491 1416 534 εεεε
1445 479 1579 549 putatur,

225 560 342 622 minime
365 577 438 621 vero
461 577 563 622 curva.
609 561 707 640 Igitur
729 560 963 641 quotiescunque
985 562 1102 624 Lunam
1126 561 1259 641 inspicis,
1284 579 1389 624 conum
1413 560 1489 624 lacis
1513 581 1580 624 cum

227 648 334 710 cuculo
357 647 592 710 illuminationis.
628 650 722 712 Visus
746 669 775 711 n.
799 649 833 711 fit
856 649 943 710 lineis
966 651 1058 712 rectis
1079 651 1108 711 in
1131 669 1221 712 unum
1244 657 1379 713 centrum
1403 649 1481 714 oculi
1505 669 1579 712 con-

227 737 385 800 tinentibus
408 758 427 800 a
449 737 494 800 rei
514 738 600 798 visae
623 738 743 822 punctis
767 738 914 800 omnibns.

311 826 384 888 Jam
405 844 478 888 vero
502 826 700 901 dictumest,
732 828 836 889 Lunae
869 827 989 906 globum
1018 828 1112 890 videri
1145 827 1267 907 planum
1297 828 1412 890 discum
1444 849 1576 910 perpen-

225 914 386 977 dicularem
410 914 447 988 ei,
473 933 548 996 qnae
573 935 610 976 ex
632 917 718 978 oculo
741 917 772 977 in
793 916 897 978 Lunae
921 925 1068 978 centmm.
1106 917 1231 978 Planum
1256 917 1347 996 igitur
1369 917 1579 997 imaginarium

224 1023 277 1066 sen
306 1004 407 1084 potius
439 1004 612 1082 superficies
640 1004 717 1066 oculi
749 1005 835 1084 quasi
865 1004 958 1084 plana
989 1013 1076 1066 secat
1107 1023 1214 1066 conum
1243 1007 1308 1085 jam
1340 1005 1462 1069 dictum.
1507 1006 1579 1068 Jam

224 1091 403 1172 Apollonius
431 1091 535 1154 definit
567 1093 685 1172 ellipsin
714 1094 792 1154 hanc
814 1112 901 1168 esse,
936 1095 1054 1172 quando
1087 1113 1179 1156 conns
1202 1094 1293 1174 plano
1325 1103 1466 1170 secatur,
1502 1097 1580 1176 quod

223 1199 319 1260 neque
343 1180 519 1260 parallelum
541 1181 582 1242 sit
609 1182 676 1244 basi
704 1183 770 1243 coni
803 1201 898 1262 nequo
931 1182 1139 1244 subcontrario
1170 1183 1333 1260 positum,
1354 1183 1397 1245 sio
1421 1193 1455 1246 ut
1484 1184 1579 1246 sectio

224 1270 384 1332 conueniat
406 1287 473 1332 cnm
503 1288 678 1350 quacunque
701 1279 799 1345 recta,
830 1289 907 1350 quae
930 1271 1084 1332 avertice
1109 1271 1175 1332 coni
1199 1269 1228 1331 in
1252 1273 1408 1351 superlicio
1443 1273 1578 1347 ducitur3

223 1357 280 1420 boc
303 1364 352 1420 est
373 1365 409 1420 ut
431 1376 523 1420 conns
551 1365 633 1420 totus
666 1358 867 1422 abbrevietur.
913 1359 980 1420 Hae
1008 1379 1112 1422 omnes
1144 1360 1331 1422 conditiones
1362 1362 1524 1441 implentur
1546 1361 1576 1422 in

223 1447 282 1508 bac
305 1454 411 1508 nostra
433 1447 577 1508 sectione.
623 1447 755 1510 Primum
779 1449 857 1510 enim
881 1448 950 1527 quia
978 1449 1099 1526 planum
1131 1449 1340 1526 imaginarium
1364 1461 1412 1510 est
1443 1469 1577 1528 perpen-

224 1535 355 1598 diculare
379 1543 481 1597 rectae
504 1555 542 1598 ex
565 1537 650 1598 oculo
669 1537 699 1597 in
723 1545 858 1600 centrum
872 1535 986 1612 Lunae,
1011 1555 1161 1618 uunquam
1184 1537 1243 1598 erit
1264 1539 1442 1616 parallelum
1467 1539 1578 1600 circulo

224 1623 450 1686 illuminationis
473 1624 531 1686 nisi
554 1623 584 1686 iu
609 1625 838 1687 accuratissima
865 1627 1072 1706 conjunctione
1096 1627 1145 1687 vel
1172 1626 1361 1705 oppositione
1385 1627 1490 1688 Lunae
1513 1645 1579 1688 oum

223 1712 316 1776 Sole:
343 1712 462 1790 quando
487 1713 534 1774 hio
558 1731 650 1775 conus
673 1723 773 1776 rectus
789 1723 846 1787 est,
870 1715 940 1794 quia
963 1716 1029 1776 axis
1053 1733 1106 1777 sen
1129 1723 1215 1776 recta
1234 1733 1272 1774 ex
1286 1716 1371 1776 oculo
1391 1716 1419 1776 in
1444 1723 1580 1776 centrum

224 1801 327 1862 circuli
349 1801 554 1863 illuminatorii
578 1821 633 1864 seu
655 1801 738 1864 basis
762 1811 809 1865 eat
832 1803 1088 1883 perpendicularis
1106 1804 1181 1866 basi.
1216 1803 1258 1864 Et
1280 1811 1353 1866 tnnc
1377 1823 1435 1864 non
1458 1804 1579 1865 videtur

224 1891 313 1952 Luna
344 1890 459 1952 falcata
490 1890 538 1951 vol
570 1890 706 1969 gibboso.
750 1891 868 1954 Deinde
900 1910 967 1953 eum
996 1891 1083 1954 Luna
1106 1914 1125 1953 a
1148 1891 1219 1954 Sole
1243 1890 1426 1972 digreditur,
1450 1892 1579 1954 circulus

224 1978 452 2040 illuminationis
476 1978 638 2041 inclinatur
661 1981 699 2041 ad
723 1988 837 2042 rectam
860 1999 914 2061 per
937 1999 1023 2042 suum
1047 1988 1182 2042 centrum
1204 1989 1238 2042 et
1261 1981 1378 2043 oculum
1402 2000 1457 2042 ceu
1480 1999 1576 2056 axem,

224 2075 257 2129 et
278 2073 350 2129 tnnc
371 2068 406 2129 dt
433 2085 526 2130 conus
553 2069 703 2132 scalenus.
749 2069 840 2132 Etis
864 2077 985 2132 secatur
1012 2070 1103 2150 plano
1127 2069 1166 2131 ad
1197 2087 1285 2131 axem
1316 2069 1577 2150 perpendiculari:

224 2155 320 2218 sectio
342 2156 435 2236 igitur
457 2173 515 2218 non
542 2165 645 2236 potest
672 2177 740 2220 esse
772 2158 988 2221 subcontraria.
1037 2158 1139 2220 Tertio
1173 2157 1343 2221 dissecatur
1371 2158 1463 2220 etiam
1495 2165 1578 2220 totus

225 2263 327 2306 mnus.
378 2245 414 2306 Id
447 2265 475 2307 n.
509 2263 629 2324 semper
658 2247 706 2321 lit,
739 2248 857 2327 quando
889 2248 1012 2327 planum
1045 2255 1093 2310 εει
1125 2247 1165 2309 ad
1198 2266 1285 2309 axem
1318 2246 1577 2328 perpendiculare.

226 2334 362 2412 Impletis
385 2332 478 2412 igitur
501 2334 638 2396 omnibns
662 2336 893 2406 conditionibus,
915 2336 1081 2416 phantasia
1104 2337 1224 2398 termini
1247 2336 1322 2398 lucis
1345 2339 1375 2398 in
1390 2336 1478 2397 Luna
1502 2335 1577 2414 ejus,

226 2422 273 2502 qui
292 2419 398 2484 aSole
421 2421 486 2484 loco
509 2423 628 2484 videtur
651 2424 802 2498 ulteriore,
827 2443 933 2487 cavum
947 2425 1052 2487 Lunae
1071 2425 1212 2504 falcatae,
1237 2426 1397 2504 gibbumve
1413 2423 1580 2505 ἀμφικνρεε

225 2511 439 2586 determinans,
464 2511 522 2573 erit
546 2510 699 2591 elliptica:
725 2514 802 2592 quod
827 2520 893 2574 erat
917 2515 1189 2576 demonstrandum.

312 2597 414 2670 Quare
438 2599 463 2660 si
490 2607 574 2663 totus
605 2600 733 2663 circulus
766 2601 993 2664 illuminationis
1016 2602 1098 2663 cerni
1129 2608 1248 2680 posset,
1284 2600 1436 2678 perfectae
1465 2600 1581 2680 ellipsis

224 2689 319 2768 ligura
341 2697 512 2767 appareret.
558 2689 605 2750 At
628 2689 698 2770 quia
727 2690 852 2752 dimidia
878 2707 950 2769 pars
979 2690 1027 2752 vel
1050 2707 1088 2752 ea
1115 2690 1187 2769 quid
1210 2689 1339 2767 amplius
1369 2697 1440 2767 post
1469 2707 1579 2768 corpus

224 2777 330 2839 Lunae
352 2776 439 2850 latet,
463 2783 607 2855 quantum
625 2777 718 2858 igitur
735 2778 864 2852 videtur,
887 2779 918 2840 id
941 2797 1030 2841 arcus
1053 2778 1261 2840 tantummodo
1285 2785 1334 2838 εει
1356 2777 1508 2856 ellipseos.
1544 2777 1580 2838 Id

224 2884 283 2928 non
306 2873 424 2927 tantum
447 2867 486 2926 ad
510 2865 657 2944 picturam
688 2867 852 2929 schematis
880 2868 1084 2929 necessarium
1108 2875 1157 2928 est
1180 2867 1274 2938 scitu,
1303 2867 1356 2926 sed
1387 2867 1479 2928 etiam
1503 2865 1582 2926 infra

224 2955 256 3016 in
286 2954 414 3033 quodam
441 2955 628 3033 problemate
657 2955 741 3018 utile.
788 2957 899 3018 Posset
922 2975 960 3018 ex
982 2955 1045 3029 IV,
1076 2950 1129 3018 56.
1154 2953 1332 3017 Vitellionis
1359 2953 1496 3034 probari,
1528 2955 1582 3016 sed

225 3041 443 3104 demonstratio
466 3061 525 3104 non
549 3052 689 3123 praestat
705 3043 746 3119 id,
771 3044 849 3124 quod
868 3044 1069 3123 pollicebatur
1092 3043 1267 3124 propositio,
1292 3043 1438 3105 circulum
1462 3042 1581 3122 oblique

225 3131 393 3212 inspectum
411 3131 506 3192 videri
525 3132 689 3194 sectionem
711 3134 933 3208 columnarem3
959 3134 1029 3213 quia
1043 3151 1100 3194 non
1121 3133 1274 3212 quaelibet
1297 3131 1462 3194 columnari
1481 3131 1584 3193 vicina

226 3219 405 3282 columnaris
429 3229 486 3281 est.
533 3217 569 3282 Si
600 3221 657 3282 hoc
690 3223 930 3284 demonstrasset
953 3221 1093 3295 Vitellio,
1124 3222 1189 3300 jam
1212 3220 1344 3283 Serenus
1362 3217 1404 3294 ⁵²)
1435 3218 1582 3298 reliquum

227 3308 416 3389 supplesset,
449 3308 499 3387 qui
532 3310 664 3371 ostendit
693 3311 760 3372 coni
788 3319 821 3370 et
848 3312 1003 3373 columnae
1036 3309 1200 3372 sectionem
1232 3327 1299 3370 esse
1333 3310 1469 3371 eandem.
1518 3307 1583 3368 Hoc

226 3397 327 3476 itaque
350 3395 450 3458 differt
473 3396 610 3459 delectus
635 3398 884 3460 falcataeLunae
905 3421 923 3460 a
941 3400 1062 3462 defectu
1087 3398 1313 3472 obtenebratae,
1340 3400 1418 3478 quod
1443 3398 1492 3458 ille
1517 3405 1583 3456 ter-

227 3485 358 3547 minatur
382 3484 491 3563 ellipsi,
514 3486 563 3548 hio
586 3487 721 3565 perlecto
745 3486 865 3549 circulo.
1199 3503 1203 3510 ·

314 3570 574 3644 Quemadmodum
598 3595 669 3637 vero
698 3575 793 3636 sectio
822 3577 952 3638 falcatae
982 3575 1031 3635 vel
1061 3575 1206 3654 gibbosas
1230 3574 1336 3636 Lunae
1360 3581 1409 3636 est
1437 3573 1583 3652 elliptica,

228 3663 273 3724 sic
296 3661 471 3724 dimidiatae
495 3665 668 3726 necessario
692 3665 811 3744 quidem
839 3673 924 3726 recta
956 3681 1101 3742 apparere
1132 3663 1245 3724 debuit.
1293 3663 1372 3724 Vide
1396 3663 1502 3723 Vitell.
1527 3662 1583 3723 lV.

228 3769 273 3831 pr.
299 3747 352 3813 76.
377 3759 409 3812 ει
432 3751 528 3814 Arist.
558 3753 623 3814 loeo
648 3752 739 3814 dicto.
787 3753 917 3814 Videtur
948 3761 1049 3813 autem
1077 3753 1104 3813 ei
1134 3753 1171 3812 ad
1202 3751 1413 3813 rectitudinem
1446 3751 1585 3828 exiguum

228 3839 341 3919 aliquid
372 3841 491 3902 deesse.
538 3841 627 3903 Anno
654 3837 747 3904 1602.
775 3839 879 3920 11121.
904 3840 1080 3902 Decembris
1110 3841 1228 3920 uesperi
1258 3840 1418 3918 diligenter
1448 3839 1584 3909 intuitus,

229 3929 330 3991 censui
357 3928 498 4007 superius
531 3948 621 3991 cornu
654 3941 790 4006 acutum,
829 3930 955 3992 inferius
994 3929 1127 3991 nonnihil
1159 3930 1316 3990 obtusum:
1349 3927 1379 3988 id
1413 3927 1586 4006 diligentius

227 4017 383 4096 explorare
407 4017 531 4079 cuilibet
554 4016 673 4080 obvium
696 4027 755 4080 est.

314 4104 394 4167 Illud
426 4105 518 4169 etiam
547 4107 811 4175 considerandum,
841 4125 881 4168 an
903 4105 993 4188 plane
1021 4106 1173 4168 bisecetur
1196 4105 1292 4167 Luna.
1339 4104 1470 4166 Primum
1496 4103 1584 4179 enirn,

230 4195 287 4258 etsi
309 4194 439 4257 circulus
462 4195 587 4257 visionis
610 4197 739 4259 circulus
763 4205 847 4258 esset
869 4196 1036 4268 maximus,
1066 4204 1166 4256 tamen
1191 4193 1319 4255 circulus
1349 4191 1585 4266 illuminationis,

229 4284 277 4364 qui
301 4283 466 4344 sectionem
498 4293 729 4363 repraesentat,
762 4283 951 4346 transcendit
982 4283 1110 4346 medium
1143 4282 1294 4344 circulum.
1342 4280 1442 4359 Supra
1465 4281 1539 4343 Nro.
1565 4278 1584 4343 3

229 4380 294 4447 (τις.
313 4377 361 4442 dt)
385 4370 470 4433 GAB
493 4372 523 4434 in
555 4393 635 4434 nova
657 4375 744 4436 Luna
771 4375 830 4436 lirit
864 4369 946 4436 180⁰
969 4371 1022 4436 31⁴
1047 4371 1121 4446 20⁴¹,
1154 4372 1183 4432 in
1214 4372 1304 4450 plena
1333 4367 1410 4434 180⁰
1433 4367 1486 4432 28⁴
1514 4367 1586 4443 12‘2

230 4479 299 4540 ergo
323 4463 352 4522 in
377 4460 537 4522 dimidiata
560 4463 618 4524 erit
644 4459 793 4528 180⁰29‘
808 4458 884 4525 46”.
930 4461 972 4522 Ει
996 4461 1124 4523 circulus
1148 4459 1374 4522 illuminationis
1398 4459 1587 4520 transcendit

230 4549 356 4611 medinm
378 4568 433 4630 per
461 4547 510 4612 ll‘
533 4547 610 4614 53⁴¹.
658 4549 750 4614 Sinus
773 4549 839 4616 433
873 4557 921 4610 εει
953 4552 989 4610 de
1022 4547 1152 4613 100000
1183 4558 1248 4610 toto
1281 4550 1347 4610 sinu
1381 4548 1587 4610 ducentesima

232 4639 460 4719 quadragesima
482 4658 564 4719 pars.
602 4639 732 4701 Starent
753 4640 856 4720 itaque
880 4657 918 4700 ex
941 4640 1038 4701 altera
1061 4647 1148 4717 parte
1173 4637 1272 4700 lucida
1295 4633 1370 4706 241.
1394 4637 1432 4697 ab
1457 4636 1587 4698 evanida

233 4733 264 4786 et
285 4727 446 4790 tenebrosa
468 4738 554 4808 parte
578 4725 654 4792 239.

317 4815 388 4912 Jam
411 4833 483 4877 vero
506 4835 601 4897 neque
626 4817 755 4880 circulus
778 4815 903 4878 visionis
927 4823 1040 4894 aequat
1062 4814 1202 4877 circulum
1226 4813 1398 4892 maximum,
1422 4815 1506 4876 etin
1531 4815 1587 4876 lroc
