3652 5532
717 311 799 376 Caput
816 311 904 364 XXVI.
1418 317 1483 384 707

136 490 282 554 Existant
303 490 418 553 infinita
440 489 607 570 hujusmodi
630 508 708 552 nora
731 489 844 564 sidera,
874 490 1028 570 quodlibet
1049 509 1087 552 ex
1108 509 1167 552 nno
1194 497 1375 558 tesserumm
1395 494 1482 576 jactu

137 590 254 661 tempus
278 581 335 644 sibi
363 580 517 660 locumque
546 580 694 642 sortitum.
739 578 837 658 Ajunt
867 577 973 658 igitur,
1007 579 1228 643 concedendum
1253 601 1320 644 esse
1353 585 1482 661 omnino,

137 669 161 732 si
187 670 330 732 darentur
356 669 463 732 infiniti
495 668 664 749 hujusmodi
692 669 811 750 jactus,
840 675 945 747 utpote
968 668 1006 729 ab
1035 668 1141 730 ultima
1168 671 1365 746 aeternitate,
1395 693 1482 754 quam

137 761 326 839 disputantes
359 765 619 839 praesupponunt,
651 758 783 820 futurum
814 756 949 833 omnino,
982 765 1015 820 nt
1038 757 1117 820 inter
1149 756 1379 824 innumerabiles
1408 763 1484 825 alios

136 849 297 928 aliquando
330 849 423 910 stiam
446 847 493 910 hic
517 847 622 921 cadat,
653 847 701 927 qui
730 848 827 910 locum
856 845 1073 926 conjunctionis
1102 865 1229 926 magnae
1252 867 1318 912 cnm
1350 857 1483 931 tempore

136 937 352 1018 conjunctionis
372 937 506 1018 ejusdem
526 937 654 1016 copulet.
691 937 799 1015 Itaque
820 935 859 996 nil
879 936 993 1011 mirum,
1019 936 1127 998 nullum
1143 936 1270 999 rationis
1280 938 1484 1019 =suspicionem

135 1046 203 1088 esse
228 1026 395 1107 perhibent,
419 1027 447 1087 si
468 1025 546 1087 inter
569 1025 796 1088 innumerabilia
819 1043 898 1087 nova
921 1024 1022 1087 sidera
1045 1033 1169 1088 aeterna
1196 1027 1274 1088 serie
1297 1027 1339 1098 (si
1363 1028 1484 1092 daretur

135 1117 226 1191 baec)
256 1115 314 1178 sibi
346 1113 539 1178 succedentia
572 1121 689 1188 mutuo,
724 1115 825 1194 aliqua
854 1113 944 1174 etiam
979 1115 1034 1176 snb
1067 1114 1210 1177 articulus
1242 1115 1482 1197 conjunctionum

133 1223 309 1284 magnarum
338 1204 551 1280 incendantur,
585 1213 617 1265 et
639 1205 666 1266 si
689 1204 767 1267 inter
789 1203 1016 1266 innumerabilia
1043 1203 1144 1265 sidera
1171 1223 1265 1274 nova,
1299 1207 1483 1288 temporibus

134 1313 313 1373 magnamm
337 1291 575 1375 conjunctionum
596 1301 672 1366 urta,
697 1293 842 1373 quaedam
861 1293 951 1354 etiam
971 1293 1000 1354 in
1019 1293 1074 1354 illa
1091 1289 1157 1356 800
1176 1313 1319 1386 annoqum
1344 1295 1482 1358 infinities

133 1383 292 1446 redeuntia
322 1382 445 1445 exordia
473 1382 624 1458 incidant,
658 1382 783 1464 denique
812 1382 837 1442 si
866 1382 944 1444 inter
975 1381 1205 1444 innumerabiles
1237 1402 1332 1446 novas
1364 1385 1481 1463 stellas,

134 1491 214 1553 quae
238 1477 303 1534 ends
327 1471 458 1534 exordiis
489 1471 676 1550 periodorum
708 1471 823 1533 zodiaci
852 1471 1036 1545 coincidunt,
1071 1470 1187 1552 aliquae
1217 1473 1308 1536 etiam
1330 1471 1360 1536 in
1384 1473 1481 1554 ipsum

137 1564 246 1635 locum,
269 1561 320 1624 nbi
342 1560 457 1642 periodi
480 1560 699 1640 conjunctionis
721 1570 803 1622 meta
826 1560 935 1640 figitur,
959 1561 1150 1624 collocentur.

224 1659 286 1722 Alii
311 1659 476 1721 doctrinam
491 1656 668 1721 Aristotelis
687 1659 723 1720 de
744 1659 864 1720 semona
882 1656 913 1720 et
932 1676 1003 1719 casn
1026 1659 1149 1740 propios
1172 1659 1348 1739 exprimunt,
1375 1659 1480 1741 quibos

135 1749 246 1829 placet,
270 1763 328 1810 non
347 1749 464 1828 quidem
482 1747 607 1810 'fortuito
627 1765 721 1828 neque
741 1748 819 1809 coire
838 1748 980 1827 planetas
998 1767 1092 1829 neque
1115 1748 1232 1810 incendi
1251 1768 1345 1810 novas
1365 1749 1481 1813 stellas.

36 1837 37 1872 ³
136 1839 213 1900 Esse
244 1837 321 1900 enim
354 1837 471 1900 illarum
495 1837 525 1899 in
554 1855 642 1898 cursu
673 1837 762 1912 coeli,
795 1836 899 1899 harum
923 1837 953 1898 in
980 1837 1185 1916 penetralibus
1216 1845 1341 1901 naturae
1373 1857 1482 1901 causas

36 1921 37 1964 ¹
137 1929 273 2008 utrinque
306 1926 456 2006 proprias,
490 1945 547 1988 non
571 1945 665 1988 nexas
695 1927 808 1988 alteras
832 1925 870 1986 ab
899 1925 1021 1988 alteris:
1055 1945 1093 1988 ex
1120 1927 1253 2008 utrisque
1281 1946 1335 1989 sno
1362 1928 1483 1990 locust

36 2015 37 2054 l
138 2025 272 2096 tempore
296 2015 426 2077 existere
447 2034 512 2078 cnm
530 2016 719 2098 planetarum
743 2029 921 2094 congressus
940 2023 1002 2076 tnm
1024 2033 1165 2077 novorum
1189 2017 1320 2079 sidemm
1343 2025 1481 2080 exortus:

35 2105 38 2146 l
139 2104 329 2167 nihilominus
352 2123 424 2168 casu
448 2105 523 2180 lieri,
548 2105 573 2168 si
597 2104 766 2184 conjonctio
790 2123 856 2166 com
879 2123 955 2165 novo
984 2104 1082 2167 sidere
1106 2123 1160 2166 sen
1183 2112 1316 2185 tempore
1340 2125 1392 2169 sen
1416 2106 1482 2168 loco

35 2199 36 2236 ³
139 2195 316 2256 conveniat:
340 2213 436 2276 neque
459 2195 538 2256 enim
561 2194 638 2256 huuc
661 2194 754 2254 fnisse
777 2211 898 2272 scopum
922 2192 1031 2255 rectori
1054 2194 1142 2274 hujus
1160 2195 1262 2256 mundi
1285 2192 1480 2275 propositum,
1552 2271 1559 2280 ·

138 2284 193 2345 has
208 2279 374 2363 'procurare
398 2283 628 2363 congruentias,
658 2283 713 2343 sed
735 2281 862 2345 cientem
894 2282 956 2344 illic
980 2283 1067 2346 orbes
1091 2284 1257 2359 coelestes,
1288 2283 1335 2345 bic
1358 2290 1483 2347 naturae

35 2379 36 2418 l
136 2372 205 2446 vim,
230 2373 309 2435 ultro
333 2381 364 2435 et
386 2381 506 2452 praeter
529 2372 680 2452 singulare
705 2372 834 2434 studium
854 2373 920 2434 sola
934 2371 1084 2434 materiali
1107 2373 1290 2438 necessitate
1305 2372 1367 2436 ista
1389 2391 1482 2454 coap-

137 2469 221 2524 taret
247 2481 304 2522 non
329 2463 448 2542 quidem
472 2462 653 2523 nescientem
676 2460 746 2536 iste,
770 2469 804 2522 ut
826 2479 880 2522 nos
903 2461 1048 2539 homines,
1072 2461 1126 2524 sed
1148 2469 1248 2524 temen
1272 2481 1367 2543 neque
1391 2461 1483 2524 etiam

137 2559 340 2632 quaerentem.
386 2551 559 2630 Proponunt
591 2551 757 2629 exemplum
781 2569 818 2610 en
840 2551 909 2630 ipsa
936 2569 1020 2612 mera
1051 2551 1253 2612 astronomia:
1285 2552 1363 2632 finge
1395 2550 1483 2614 nuvi-

35 2647 38 2688 l
137 2641 247 2704 lunium
280 2640 448 2718 eclipticum
472 2639 500 2701 in
529 2641 626 2720 ipsum
653 2639 784 2703 incidere
817 2639 1056 2720 aequinoctium
1087 2641 1136 2702 hie
1166 2647 1264 2702 motus
1288 2638 1369 2702 Sulis
1393 2659 1485 2702 causa

138 2736 186 2790 est
209 2730 338 2811 genuina
362 2728 548 2808 aequinoctii,
573 2738 671 2790 motus
687 2729 800 2824 lqunae,
825 2729 874 2809 qui
894 2736 1066 2808 separatum
1090 2730 1159 2810 qnid
1184 2737 1233 2791 est
1255 2751 1273 2792 a
1292 2737 1373 2791 motu
1392 2728 1482 2804 Solis,

138 2835 231 2880 causa
254 2827 303 2879 est
325 2817 444 2899 deliquii
464 2815 554 2880 Solis.
593 2818 767 2880 Moderator
790 2817 891 2898 itaque
913 2819 1006 2881 totius
1029 2825 1154 2882 naturae
1177 2838 1236 2881 non
1255 2818 1283 2879 in
1306 2819 1363 2880 lroc
1382 2816 1484 2880 Solem

138 2915 170 2968 et
193 2907 308 2970 Lunam
333 2905 409 2981 ciet,
443 2917 477 2969 ut
499 2907 658 2988 deliquium
682 2907 794 2987 jungat
820 2906 1024 2988 aequinoctio,
1048 2908 1101 2970 sed
1125 2927 1162 2970 ne
1186 2906 1286 2970 Solem
1309 2907 1484 2988 Lunamque

34 3009 38 3050 l
138 3015 198 3058 non
220 2997 314 3070 cieat,
349 3015 404 3058 sua
427 2998 588 3076 quemlibet
611 2997 694 3075 lege,
726 3015 784 3057 nun
808 2996 919 3076 refugit
946 2997 1104 3079 deliquium
1129 2997 1256 3077 jungere
1287 2995 1483 3078 aequinoctio.

138 3083 331 3166 Quapropter
362 3085 457 3147 semel
485 3086 670 3166 deprehenso
703 3103 789 3148 cursu
813 3085 907 3162 Solis,
939 3105 1026 3150 cursu
1051 3087 1140 3149 etiam
1165 3086 1283 3162 Lunae,
1308 3087 1372 3167 jam
1395 3105 1484 3166 porro

35 3215 36 3226 .
136 3194 195 3236 non
209 3177 336 3238 miratur
354 3175 480 3255 amplius
505 3183 702 3249 astronomos,
728 3174 889 3255 deliquium
908 3176 1028 3256 aliquod
1047 3176 1195 3239 incurrere
1210 3176 1238 3236 in
1255 3174 1483 3257 aequinoctium.

34 3281 36 3318 ε
137 3264 186 3327 Ad
210 3265 287 3326 hune
311 3266 445 3339 modum,
479 3264 504 3326 si
528 3283 606 3326 nove
633 3265 707 3326 baec
735 3264 835 3326 sidera
867 3283 989 3326 cansam
1016 3265 1129 3328 hebent
1157 3265 1324 3328 naturalem
1356 3283 1484 3345 suasque

136 3353 278 3433 periodus
302 3373 339 3414 ex
361 3353 548 3434 praescripto
571 3371 698 3430 causae,
732 3353 805 3414 nibil
828 3345 980 3416 habebunt
1008 3373 1188 3436 magnopere
1222 3353 1386 3416 mirandum
1409 3353 1485 3416 varii

137 3443 429 3505 circumstantiarum
462 3461 641 3506 concursus:
673 3462 728 3504 nec
757 3443 853 3522 magis
883 3444 1100 3526 quaerendum,
1136 3463 1226 3526 quare
1260 3449 1364 3506 nostra
1395 3443 1485 3505 stella

85 3535 87 3544 ’
138 3530 237 3592 tribus
260 3532 350 3594 suerit
372 3531 505 3612 planetis
524 3532 639 3612 juncta,
664 3551 750 3614 quarn
775 3551 866 3613 qnare
884 3532 965 3612 prior
981 3533 1043 3609 illa,
1067 3551 1143 3613 quas
1166 3552 1244 3594 anno
1270 3529 1364 3596 1572.
1389 3532 1483 3604 iulsit,

137 3620 214 3681 nulli
238 3619 378 3700 planetae
402 3639 435 3681 sc
459 3621 664 3685 associaverit.
711 3622 790 3684 Nam
813 3643 831 3682 a
853 3620 930 3683 Jove
953 3625 1086 3703 proximo
1115 3623 1171 3685 sibi
1200 3621 1360 3684 secundnm
1382 3621 1483 3699 longi-

138 3707 273 3771 tudinem
298 3709 394 3770 abluit
416 3710 496 3772 ultra
518 3706 588 3775 50⁰.
626 3709 692 3772 Hoc
716 3729 805 3772 sensu
828 3711 962 3773 Boethus
986 3712 1064 3793 apud
1083 3711 1275 3773 Plutarchum
1298 3709 1335 3770 de
1355 3707 1483 3790 Pythiae

138 3798 269 3860 oraculis
292 3798 386 3860 multo
409 3799 524 3862 meliori
543 3801 609 3881 jure
633 3819 721 3881 qnam
743 3800 830 3861 modo
853 3800 993 3881 Epicurei
1016 3799 1143 3882 quaerit,
1174 3795 1334 3882 ,quemnam
1358 3809 1484 3864 ellectum

134 3904 246 3969 tempus
265 3915 321 3953 non
343 3898 444 3962 debeat
463 3905 596 3964 naturae,
618 3900 709 3954 omnis
728 3899 830 3972 quippe
850 3901 956 3956 ferente
977 3897 1151 3956 infinitater“
1203 3887 1344 3966 Intellige
1368 3885 1425 3961 sit,
1450 3891 1484 3949 nt

135 3977 164 4039 iu
191 3975 357 4056 geometria
381 3983 413 4040 et
431 3980 613 4040 astronomia
635 3979 765 4040 solemus
785 3997 937 4059 quaerere,
962 3999 999 4041 an
1018 3977 1169 4059 periodica
1192 3978 1379 4058 planetarum
1402 3983 1482 4038 tem-

133 4085 211 4148 pora
243 4066 304 4128 sint
333 4065 520 4129 irrationalia
542 4068 580 4130 ad
604 4087 637 4128 se
665 4075 781 4142 mutuo,
817 4069 859 4129 ita
882 4075 916 4130 ut
940 4068 1082 4130 infinities
1112 4067 1242 4147 repetita
1272 4083 1421 4149 nunqnam
1444 4065 1483 4126 ad

136 4173 267 4236 unguem
290 4155 395 4217 eodem
427 4156 515 4218 modo
548 4157 682 4219 redeant.
729 4156 794 4219 Huc
818 4158 895 4234 enim
922 4158 1021 4238 posito
1053 4174 1177 4219 necesse
1206 4162 1270 4231 est,
1303 4153 1482 4216 aeternitate

134 4246 261 4309 inducta
283 4244 383 4306 omnia
406 4245 533 4321 evenire,
558 4265 635 4328 quae
657 4246 686 4307 in
706 4263 738 4307 re
760 4245 871 4320 insunt,
895 4265 998 4309 omnes
1018 4253 1091 4326 puta
1109 4247 1221 4308 formas
1245 4243 1489 4324 conjunctionum·

135 4336 336 4415 planetamm,
360 4351 482 4416 quarum
505 4335 535 4396 in
559 4333 749 4418 Centiloquio
775 4335 939 4398 Ptolemaei
963 4343 1033 4396 sunt
1058 4332 1131 4397 121.
1177 4334 1249 4396 Dixi
1273 4332 1380 4408 omnia,
1405 4349 1482 4415 quae

137 4423 166 4485 in
191 4443 222 4487 re
245 4422 369 4487 insunt:
394 4442 463 4486 nam
488 4424 591 4486 demta
611 4424 669 4486 hac
692 4423 861 4487 conditione
885 4444 985 4487 verum
1009 4443 1125 4486 rursum
1147 4423 1224 4485 dixit
1242 4421 1378 4485 Boethus
1401 4421 1481 4484 dicto

136 4511 221 4575 luco:
249 4524 360 4588 „Sermo
381 4522 428 4595 qui
448 4540 484 4578 ea
503 4525 577 4589 dicit,
602 4523 672 4597 quae
693 4542 747 4579 non
768 4523 849 4580 sunt“
877 4513 968 4597 (quae
983 4534 1001 4574 a
1016 4521 1080 4590 toto
1099 4531 1208 4593 genere
1227 4511 1269 4574 rei
1285 4518 1355 4573 sunt
1373 4511 1480 4586 aliena,

138 4611 172 4664 ut
194 4603 222 4664 si
245 4603 311 4682 quis'
334 4619 479 4666 concessa
502 4611 600 4665 motus
624 4604 802 4666 aeternitate
826 4604 899 4665 velit
922 4602 1043 4664 tandem
1067 4610 1098 4664 et
1119 4602 1192 4664 illud
1216 4601 1344 4674 efficere,
1368 4607 1400 4661 ut
1418 4599 1479 4662 bini

139 4691 279 4771 planetae
292 4701 472 4778 'permutent
495 4691 584 4754 orbes
608 4701 639 4754 et
660 4693 814 4770 periodica
837 4695 999 4771 tempora),
1025 4719 1071 4766 ,se
1085 4701 1145 4773 ipso
1159 4691 1286 4765 vitiosius,
1312 4699 1416 4756 burna
1429 4718 1477 4757 ex·

140 4787 250 4852 spectat
267 4782 356 4845 fidem,
380 4783 505 4853 quamsi
527 4797 608 4835 casus
629 4781 780 4837 conciliet.“

175 4885 181 4900 ·
228 4857 370 4940 Sequitur
392 4869 500 4940 quarta
523 4859 621 4939 opinio
649 4861 852 4940 theologomm
875 4860 912 4922 de
935 4859 1067 4923 fontibus
1095 4858 1251 4921 derivata:
1284 4858 1389 4941 quibus
1412 4879 1479 4924 cum

1206 4961 1240 5013 45
1251 4965 1267 4996 *
