3566 5536
700 301 781 368 thwi
798 301 899 356 xXVII·
1405 303 1468 370 713
1540 323 1543 334 ¹

14 473 23 490 ⁴
124 499 192 542 esse
215 487 249 540 nt
271 497 359 542 casus
382 497 484 542 omnes
506 480 556 562 qui
580 488 651 544 sunt
671 481 834 562 possibiles
862 481 1011 544 evenient.
1056 479 1123 560 Ego
1145 499 1217 540 varo
1248 481 1329 552 dico,
1358 483 1468 547 falsum

123 569 179 630 hoe
204 587 280 630 esse.
326 568 413 630 Nam
428 569 453 631 si
477 589 565 632 casus
588 571 667 634 inter
689 572 791 651 jactus
814 571 983 635 dominetur
1010 569 1150 632 fortuitus
1173 569 1309 652 interque
1333 572 1468 652 jactuum

123 657 298 744 cadentias:
330 665 411 720 certe
434 676 493 720 nno
516 659 648 740 quolibet
666 660 750 740 jactu
774 667 916 741 poterunt
938 659 1045 720 cadere
1076 659 1193 732 omnia;
1226 659 1327 740 itaque
1350 671 1382 723 et
1403 663 1466 738 illa,

124 767 198 830 quae
222 755 313 808 antea
336 746 515 810 ceciderant.
562 745 647 820 Quae
672 749 697 810 si
721 749 932 824 cadant„non
962 748 1073 810 cadent
1100 747 1191 827 igitur
1218 748 1291 840 alia,
1322 769 1379 812 non
1403 751 1466 826 ille,

124 854 197 918 quae
221 835 349 897 nundum
373 836 562 899 ceciderant:
587 837 631 899 ita
652 839 714 900 fleri
736 845 850 918 potest,
876 837 1012 919 quamvis
1034 837 1155 899 infinitis
1175 837 1323 916 jactibus,
1349 847 1382 900 ut
1406 841 1465 902 ali-

123 946 189 1008 qua,
214 945 289 1006 quae
309 925 416 986 cadere
434 926 587 1012 possibile,
612 945 670 989 non
686 927 813 998 cadant:
839 947 895 988 non
916 927 1008 1006 igitur
1027 945 1161 999 neeesse,
1180 931 1214 987 ut
1228 926 1327 988 omnia
1347 929 1466 992 cadant.

121 1017 170 1078 Ita
192 1025 264 1076 casu
287 1013 378 1076 etiam
402 1015 534 1076 admisso
558 1033 706 1095 nunquam
729 1021 830 1078 tamen
858 1023 971 1078 eertum
995 1015 1066 1088 erit,
1091 1035 1128 1077 en
1153 1014 1237 1075 sidus
1261 1016 1317 1077 hoc
1340 1034 1412 1080 casu
1435 1019 1464 1079 in

122 1105 218 1167 locum
241 1099 457 1183 conjunctionis
488 1123 616 1186 magnae
648 1105 796 1168 inciderit.
841 1106 969 1167 Poterat
993 1104 1070 1166 enirn
1103 1123 1191 1166 casue
1215 1104 1271 1166 hoo
1300 1113 1465 1185 praestare,

121 1201 240 1274 poterat
270 1191 361 1255 etiarn
391 1211 450 1254 non
473 1203 639 1273 praestare.
686 1195 720 1257 In
754 1194 870 1257 incerto
900 1193 1101 1274 relinquimur.
1148 1191 1328 1273 Quanquam
1361 1193 1467 1258 Cicero

121 1283 195 1345 libro
219 1283 242 1343 1.
267 1283 304 1342 de
327 1281 519 1344 Divinatione
550 1291 661 1363 negat,
693 1283 755 1346 fleri
788 1303 876 1365 posse
908 1301 1054 1362 unquam,
1087 1291 1121 1344 ut
1143 1283 1303 1345 veritatem
1333 1285 1465 1364 perfecte

121 1389 208 1434 casus
233 1371 388 1451 exprimat.
425 1369 506 1433 Olim
529 1372 558 1433 in
583 1372 796 1449 adolescentia,
817 1392 884 1435 cum
908 1372 1091 1434 abundarem
1111 1372 1181 1446 otio,
1207 1372 1376 1434 delectatus
1401 1393 1466 1436 sum

121 1481 157 1522 ea
179 1459 330 1534 vanitate,
361 1459 446 1537 cnjus
477 1462 588 1523 multos
618 1462 780 1524 adultiores
810 1481 867 1523 non
898 1461 1009 1542 pudet:
1043 1461 1246 1543 Lycophronti
1271 1459 1465 1525 Chalcidensi

121 1557 228 1630 poetae
244 1548 429 1611 attribuunt:
454 1548 691 1613 literis'nominis
712 1552 770 1614 mei
788 1551 905 1632 graecis
922 1550 1112 1633 transcriptis
1127 1549 1218 1624 varie,
1244 1551 1329 1613 effeci
1344 1552 1465 1616 tandem

120 1639 300 1701 sententiam
328 1647 460 1713 certam,
492 1647 527 1700 ut
557 1657 610 1719 pro
636 1645 761 1718 fauraqe
785 1642 939 1720 Κιπληρος
971 1639 1121 1718 legeretur
1152 1640 1300 1719 Σιιρηνωι
1323 1643 1467 1718 aeonion:

119 1737 149 1789 et
172 1727 264 1790 latine
296 1727 429 1790 Joannes
453 1727 601 1808 Keplerus
634 1738 723 1792 sonat
752 1748 806 1810 per
828 1729 1112 1808 transpositionem:
1137 1727 1268 1808 Serpens
1292 1729 1320 1790 in
1347 1730 1463 1797 slrnleo.

119 1817 180 1879 Sed
203 1836 269 1879 cum
292 1835 348 1878 non
371 1816 506 1895 placeret
525 1836 630 1880 seusus
653 1837 849 1900 cuperemque
873 1818 973 1890 alium,
998 1835 1052 1878 uec
1067 1826 1168 1880 tamen
1192 1819 1377 1894 succederet,
1403 1839 1465 1882 rem

120 1907 255 1968 fortuma
287 1905 430 1968 commisi.
478 1904 609 1969 Chartae
641 1908 769 1970 lusorias
799 1907 917 1987 aequali
946 1925 1013 1968 cunr
1046 1902 1141 1968 literis
1162 1926 1295 1995 'numero
1328 1909 1463 1988 singulas

119 1996 242 2074 singulis
271 1995 408 2074 inscripsi
441 1995 554 2058 literis:
587 1996 656 2058 iude
685 1997 769 2078 coepi
799 1997 925 2058 miscere
956 1997 1077 2057 chartas
1102 2004 1133 2058 et
1156 1997 1194 2058 ad
1224 1996 1331 2059 seriem
1362 2017 1464 2061 earum

117 2085 278 2147 identidem
301 2083 464 2163 respicere,
496 2085 521 2146 si
545 2087 662 2165 quando
686 2105 790 2148 sensns
825 2085 932 2166 aliquis
961 2084 1105 2164 prodiret.
1152 2085 1202 2146 Dii
1227 2085 1361 2168 deaeque
1385 2087 1462 2168 Epi-

117 2191 223 2236 cureae
246 2191 350 2236 omnes
372 2173 501 2253 perdant
523 2173 600 2236 hune
614 2194 726 2248 omnm,
751 2175 799 2256 qui
813 2174 886 2236 mihi
909 2173 981 2236 nihil
1006 2193 1135 2255 unquam
1151 2175 1321 2238 neremiuus
1345 2177 1464 2257 quidem

117 2264 275 2326 ostendere
308 2263 423 2343 potuit,
457 2264 534 2343 quod
568 2265 605 2324 ad
636 2265 816 2326 sententiam
849 2264 979 2344 aliquam
1010 2263 1176 2338 alluderet,
1210 2283 1275 2326 curn
1307 2265 1466 2345 plurimum

118 2353 258 2433 temporis
281 2354 421 2431 eriperet.
467 2351 510 2415 Et
532 2361 598 2414 erat
619 2361 721 2416 tamen
744 2355 823 2414 inter
847 2371 936 2414 casus
958 2353 1127 2431 possibilis,
1157 2361 1191 2415 ut
1213 2354 1346 2433 prodiret
1370 2355 1424 2416 illa
1447 2375 1466 2415 a
1588 2427 1593 2446 ο

117 2461 164 2504 me
186 2443 308 2504 inventa
338 2440 504 2516 sententia,
530 2443 680 2522 Zsrpqros
702 2435 840 2520 καπηλοὸ.
887 2441 993 2520 Itaque
1025 2440 1147 2503 chartas
1177 2461 1261 2504 mess
1288 2443 1466 2506 Aetherioni

117 2531 263 2611 Epicureo
297 2529 408 2602 tradidi
436 2530 464 2590 in
488 2531 613 2610 Apirum
647 2532 867 2610 deportandas:
902 2529 1057 2609 feruntque
1086 2530 1126 2591 ibi
1159 2531 1228 2593 illas
1258 2531 1355 2594 adhuc
1385 2534 1465 2594 inter

8 2701 9 2706 ἵ
118 2630 234 2682 atomos
257 2619 385 2681 volitare
409 2617 627 2692 confusissime,
652 2619 760 2681 nullius
784 2620 853 2681 dum
877 2637 983 2680 sensus
1007 2625 1117 2681 certas.

203 2709 309 2770 Dicam
332 2727 507 2786 γυμνασταις
526 2707 599 2768 meis
617 2701 858 2787 ‘disputatoribus
880 2706 1062 2769 sententiam
1080 2727 1138 2770 nou
1161 2725 1268 2784 meam,
1293 2709 1347 2770 sed
1363 2710 1465 2771 uxoris

117 2815 217 2871 meae,
251 2797 339 2876 idque
369 2795 453 2869 ideo,
487 2795 558 2876 quia
579 2796 717 2858 inductus
749 2798 880 2876 ipsorum
912 2795 1077 2858 rationibus
1102 2797 1168 2876 jam
1199 2798 1287 2858 modo
1318 2799 1463 2872 concessi,

117 2885 249 2948 ordinem
273 2903 343 2946 ceso
369 2884 446 2946 ellici
469 2901 574 2963 posse,
605 2884 683 2965 quod
711 2905 769 2947 non
800 2885 919 2946 videtur
947 2903 1052 2946 rneae:
1085 2894 1119 2948 ut
1141 2885 1232 2964 igitur
1254 2903 1302 2948 me
1326 2887 1464 2963 deceant,

116 2974 296 3037 sententiam
319 2994 339 3035 a
357 2991 390 3034 se
414 2973 635 3052 suppeditatum
658 2981 763 3036 contra
785 2974 943 3035 molestum
965 2981 998 3036 et
1013 2991 1134 3053 gravem
1158 2975 1236 3037 hunc
1259 2975 1464 3038 adversarium

117 3064 286 3126 defendere.
332 3061 418 3137 Heri,
452 3062 523 3124 dum
546 3063 643 3124 fessus
666 3084 686 3124 a
707 3063 864 3126 scribendo
897 3063 1054 3144 animoque
1082 3063 1162 3127 intus
1192 3065 1399 3145 pulverulento
1424 3066 1464 3126 ab

118 3162 281 3215 atomorum
311 3151 436 3214 istarum
466 3151 753 3214 considerationibus
787 3152 825 3212 ad
857 3170 980 3214 coenam
1012 3170 1120 3228 vocor,
1155 3153 1280 3233 apponit
1308 3153 1380 3216 mihi
1414 3174 1460 3229 ea,

116 3261 202 3325 quarn
226 3241 297 3316 dixi,
322 3240 493 3303 acetarium.
540 3239 631 3321 Ergo,
655 3241 774 3321 inquam
797 3259 864 3320 ego,
887 3240 912 3302 si
936 3248 1001 3303 toto
1025 3247 1095 3304 atre
1118 3243 1272 3305 confertae
1300 3243 1464 3306 volitarent

116 3333 237 3412 patinae
269 3339 430 3404 stanneae,
464 3329 536 3392 folia
559 3331 711 3398 lactucae.
741 3330 836 3392 micae
860 3331 953 3402 salis,
985 3336 1090 3410 guttae
1120 3350 1233 3413 aquae,
1265 3333 1360 3407 aceti,
1394 3333 1461 3408 olei,

117 3437 238 3483 ovorum
261 3421 418 3495 decusses,
450 3419 540 3500 idque
564 3420 602 3480 ab
626 3427 747 3480 aeterno
776 3419 881 3482 duret:
914 3420 1043 3481 lirtnrurn
1067 3427 1116 3482 est
1137 3422 1258 3484 taudem
1291 3422 1461 3502 aliqnando,

118 3517 153 3571 ut
175 3509 298 3571 fortuito
320 3509 383 3570 tale
406 3516 494 3570 coeat
517 3507 704 3570 sestarium?
726 3508 882 3588 respoudit
904 3507 984 3570 belle
1001 3527 1088 3572 mea:
1111 3508 1173 3572 Sed
1189 3529 1245 3572 non
1264 3511 1321 3573 hoo
1345 3511 1461 3587 decore,

116 3615 213 3680 neque
235 3598 292 3658 hoc
315 3597 427 3679 ordine.

204 3686 299 3748 Miser
321 3705 392 3766 ego,
422 3687 492 3766 quid
520 3685 657 3748 afferrem
680 3685 719 3747 ad
743 3685 914 3748 sententiae
936 3704 1020 3747 mese
1053 3685 1280 3750 defensionem?
1313 3687 1393 3750 Visa
1415 3697 1464 3750 est

115 3774 291 3837 verisimilia
313 3775 422 3837 dicere.
459 3774 605 3836 Nimirum
629 3776 668 3837 ab
690 3774 842 3855 ipsissimo
866 3773 1011 3838 Cicerone
1035 3776 1148 3838 didicit.
1187 3774 1239 3838 Sic
1258 3775 1335 3838 enim
1359 3785 1391 3839 et
1412 3777 1462 3840 ille

116 3866 201 3928 casui
225 3864 351 3943 largitur
380 3875 513 3945 Ι,ᾱςιιηιιι
538 3873 657 3945 aliquem
677 3891 731 3929 non
758 3874 916 3930 dissimilem
937 3890 1034 3939 verae,
1063 3875 1111 3929 sed
1132 3879 1207 3928 certe
1227 3890 1282 3929 non
1303 3876 1401 3940 talem,
1430 3883 1464 3930 nt

113 3961 300 4021 eam'faetam
321 3979 340 4018 a
359 3979 444 4034 saepe
463 3961 593 4018 diceres*
638 3955 751 4034 Magna
780 3963 827 4016 est
856 3953 964 4016 fiducia
996 3953 1105 4016 mentis
1137 3952 1302 4035 ubicunque
1335 3964 1463 4036 apparet

114 4045 208 4108 ordo:
241 4043 325 4121 eujus
357 4043 400 4104 rei
432 4061 526 4104 eausa
556 4061 593 4103 ex
629 4041 824 4121 penitissimis
855 4041 1037 4122 geometriae
1070 4041 1202 4104 fontibus
1238 4043 1368 4122 pelenda
1403 4053 1460 4106 est.

114 4132 233 4206 Quodsi
265 4132 356 4194 etiam
388 4149 461 4194 casu
494 4131 661 4194 efficeretur
693 4130 801 4211 aliquis
831 4131 923 4204 ordo,
955 4139 1055 4192 lamen
1078 4131 1135 4193 huc
1167 4131 1270 4194 stetim
1301 4133 1462 4197 convolant

112 4231 251 4296 mentes,
285 4220 360 4283 haec
391 4222 523 4301 ipsarum
556 4220 733 4293 delectatio,
772 4218 847 4281 haec
877 4220 951 4281 vita.
1007 4218 1057 4282 Ad
1088 4219 1170 4282 mille
1200 4239 1288 4283 casus
1319 4223 1461 4288 informes

112 4312 269 4393 torpidae,
303 4311 341 4372 ad
369 4329 457 4372 unum
487 4308 654 4371 ordinatum
684 4307 788 4370 statim
816 4307 1076 4388 expergiscuntur,
1109 4309 1246 4390 vigilant.
1293 4311 1400 4392 Itaque
1424 4333 1461 4375 ne

114 4403 249 4485 quidem,
274 4401 300 4464 si
324 4419 396 4462 casu
420 4399 512 4462 stella
534 4398 563 4460 in
584 4400 776 4480 planetarum
798 4397 954 4460 concilium
978 4397 1096 4474 incidit,
1125 4407 1284 4482 propterea
1307 4400 1379 4462 nihil
1403 4402 1459 4464 lloc

114 4491 228 4554 efficit:
262 4489 331 4572 quin
361 4489 456 4551 omnis
486 4487 636 4550 mundana
659 4494 775 4550 natura
798 4493 829 4548 et
856 4486 993 4567 quicquid
1026 4505 1149 4567 usquam
1179 4496 1226 4550 est
1253 4491 1383 4552 mentale
1407 4511 1459 4554 seu

113 4579 241 4644 rationis
265 4579 430 4658 agitatione
454 4595 507 4639 seu
531 4577 673 4639 instinctu
700 4575 823 4656 perenni
855 4576 1019 4651 suffultum,
1052 4577 1244 4640 vehementer
1266 4594 1301 4639 eo
1325 4598 1457 4643 commo-

114 4679 220 4732 retur:
253 4668 309 4731 soli
331 4667 363 4730 hi
385 4665 569 4750 philosophi,
601 4666 706 4747 quihus
728 4683 782 4745 pro
809 4664 912 4728 ordine
935 4665 1036 4746 placet
1064 4667 1215 4740 confusio,
1246 4667 1295 4746 qni
1318 4669 1456 4732 mnndum

115 4757 347 4842 pulcherrimum
369 4758 449 4820 inter
476 4756 650 4818 inamoenas
673 4763 789 4818 ammes
816 4754 1002 4836 abjecerunt,
1026 4753 1082 4818 hoc
1105 4765 1174 4820 sunt
1196 4755 1309 4836 meriti,
1324 4765 1366 4822 ‘ut
1387 4761 1456 4842 pul-
