3676 5540
330 263 397 338 640
810 229 850 328 ns
869 271 948 328 sens
964 273 1037 328 non
1055 273 1206 342 masur
1321 336 1325 346 ,

327 465 442 512 murum
466 451 645 514 varietatem
668 466 808 528 magnam
836 451 1054 534 confingerent,
1084 459 1119 515 nt
1145 460 1305 516 eventuum
1331 451 1474 515 varietati
1501 447 1693 530 respondeus

329 536 382 599 illa
404 547 517 618 posset,
542 547 650 620 postea
673 537 889 618 experientiam
908 557 961 620 pro
976 561 1009 602 se
1024 541 1148 623 quisque
1163 544 1319 622 allegaret,
1344 541 1487 621 deceptos
1510 558 1580 602 esse
1600 537 1691 618 cupi-

328 625 425 688 ditate
447 626 638 705 praedicendi
662 646 780 704 caecos,
805 638 838 689 ut
861 628 890 690 in
914 630 1144 708 superstitiones
1167 639 1231 694 tam
1254 629 1365 694 multas
1388 628 1603 710 impingerent.

418 711 544 777 Sedad
559 715 661 778 Picum
680 717 781 778 redeo.
818 717 912 779 Putat
926 735 1018 796 opera
1039 720 1228 798 planetarum
1252 717 1388 798 impediri
1411 716 1588 797 praesentia
1612 732 1690 776 con-

327 801 484 864 trariorum
499 806 701 884 planetarum,
718 804 820 886 itaque
835 807 950 868 minora
964 807 1036 880 lieri,
1058 826 1146 889 quarn
1165 808 1192 870 si
1213 807 1321 887 singuli
1337 806 1462 868 seorsim
1477 809 1691 886 operarentur.

326 889 459 951 Primum
483 911 560 973 nego
593 893 729 973 impediri
759 893 850 956 alium
874 896 912 956 ab
937 895 1009 970 alin,
1041 895 1204 958 miscentur
1231 895 1309 958 enim
1340 903 1373 956 ut
1400 893 1477 956 radii
1507 891 1690 955 lucidorum.

327 977 444 1040 Deinde
468 999 577 1045 revoco
602 981 704 1043 Picum
728 983 767 1044 ad
796 983 925 1064 priorem
948 977 1195 1064 responsionem,
1227 1003 1286 1046 nnn
1317 982 1366 1045 hic
1398 981 1584 1044 considerari
1616 977 1693 1059 qnid

330 1067 473 1147 planetae
506 1089 560 1150 per
592 1089 625 1132 se
658 1079 766 1150 agant,
796 1073 850 1134 sed
884 1072 953 1152 quid
981 1081 1107 1134 naturae
1138 1072 1315 1136 sublunares
1345 1071 1500 1151 patiantur
1522 1069 1561 1132 ab
1585 1086 1693 1130 eornm

333 1155 544 1234 conjunctione
573 1166 716 1238 tauquam
746 1161 875 1239 objectu.
928 1160 987 1224 Ubi
1016 1161 1204 1241 experientia
1232 1159 1387 1240 praecedit
1413 1157 1691 1222 ratiocinationem.

330 1244 400 1307 Nisi
424 1245 503 1307 enim
527 1247 566 1308 ad
589 1249 706 1309 oculum
730 1250 900 1322 ostendero,
924 1249 1069 1311 concitari
1093 1250 1153 1311 viru
1175 1268 1274 1312 rerum
1296 1246 1499 1311 sublunarinm
1521 1244 1693 1326 aplanetis

328 1331 505 1411 conjunctis,
529 1354 587 1399 non
612 1345 682 1417 peto
706 1345 740 1398 ut
761 1337 864 1399 allatis
887 1337 1054 1400 rationibus
1078 1338 1228 1401 credatur.
1275 1334 1390 1400 Contra
1408 1335 1434 1398 si
1454 1335 1491 1396 de
1508 1354 1540 1397 re
1555 1339 1691 1402 constet.

327 1421 520 1485 ratiocinatio
545 1425 698 1486 contraria
721 1425 794 1487 nihil
817 1425 930 1505 poterit
951 1427 1103 1502 obtinere,
1134 1426 1188 1488 sed
1223 1425 1399 1504 interpositu
1422 1423 1574 1502 dogmatis
1598 1420 1693 1500 hujus

328 1509 365 1570 de
389 1507 584 1590 impressione
610 1513 756 1575 sensitiva
779 1510 902 1594 speciei
920 1513 1138 1593 conjunctionis
1167 1515 1195 1578 iu
1224 1514 1387 1577 facultates
1417 1531 1515 1576 rernm
1539 1511 1692 1573 subluna-

330 1597 405 1660 rinm
428 1607 510 1662 recte
538 1601 727 1664 dissolvetur.

416 1686 522 1768 Pergit
553 1689 797 1765 Mirandulanus,
836 1708 888 1751 cur
920 1709 977 1751 non
1011 1690 1110 1770 potius
1143 1688 1225 1752 Solis
1258 1696 1291 1750 et
1321 1690 1426 1751 Lunae
1459 1685 1692 1767 conjunctiones

327 1774 466 1862 valeant,
494 1796 583 1858 quum
607 1776 732 1840 Saturni
754 1786 786 1839 et
807 1775 894 1840 Jovis
918 1779 947 1840 iu
971 1779 1088 1858 magnis
1117 1779 1185 1841 istis
1214 1777 1314 1840 mundi
1348 1774 1565 1838 mutationibus
1588 1773 1694 1835 admi-

324 1863 503 1929 nistrandis.
552 1865 732 1946 Respondes
757 1885 795 1928 ex
818 1885 885 1927 mea
903 1885 961 1927 nnn
977 1885 1015 1927 ex
1027 1867 1247 1946 astrologorum
1263 1864 1429 1927 sententia:
1453 1863 1568 1925 nnllam
1586 1861 1694 1924 mnndi

327 1953 524 2016 mutationem
548 1974 567 2016 a
590 1974 763 2036 quocunque
787 1954 918 2016 siderum
940 1955 1042 2034 positu
1066 1955 1142 2017 effici
1166 1963 1219 2016 ant
1241 1951 1493 2034 praesignificari:
1527 1969 1584 2012 non
1612 1951 1694 2012 enim

326 2039 406 2102 idem
430 2049 487 2116 est,
513 2043 739 2105 universitatem
763 2051 936 2104 naturarum
961 2043 1167 2106 sublunarium
1189 2043 1324 2124 adeoque
1349 2048 1381 2103 et
1400 2039 1518 2100 animos
1534 2037 1692 2101 hominnm

329 2137 478 2209 qnatenus
501 2133 657 2194 naturales
689 2131 951 2193 vehementissime
983 2132 1142 2206 concitari,
1177 2139 1208 2194 et
1240 2139 1355 2194 statum
1385 2127 1472 2209 hujus
1505 2125 1607 2189 mundi
1640 2127 1694 2188 vel

327 2217 449 2297 generis
472 2218 593 2282 hnmani
617 2239 654 2281 ex
677 2240 736 2282 una
759 2221 856 2282 forma
879 2219 907 2281 in
933 2220 1024 2282 aliam
1048 2219 1265 2300 transfigurari.
1312 2217 1429 2281 Deinde
1447 2215 1485 2276 ad
1500 2216 1579 2277 hanc
1594 2221 1691 2276 natu-

328 2324 430 2366 rarum
460 2305 666 2370 incitationem
695 2308 798 2370 valent
825 2309 945 2388 quidem
974 2308 1065 2371 etiam
1095 2307 1175 2370 Solis
1204 2315 1236 2368 et
1262 2306 1367 2369 Lunae
1399 2303 1628 2383 conjunctiones
1660 2309 1696 2366 et

329 2391 476 2474 deliquia,
509 2397 564 2457 sed
597 2397 657 2458 alia
688 2399 776 2476 longe
810 2395 935 2461 ratione.
981 2397 1060 2459 Nam
1085 2404 1232 2476 quatenus
1256 2394 1477 2474 conjunguntur
1499 2391 1693 2472 simpliciter,

327 2481 360 2544 id
379 2491 565 2547 menstruum
584 2493 646 2559 est;
669 2483 770 2565 itaque
790 2504 849 2546 nou
868 2485 918 2548 diu
933 2484 1023 2547 durat
1036 2483 1216 2564 conjunctio,
1236 2503 1303 2545 curu
1316 2483 1405 2546 Luna
1419 2481 1461 2542 sit
1478 2480 1693 2542 velocissima:

329 2569 469 2632 stimulus
493 2571 584 2651 igitur
605 2573 665 2636 iste
689 2573 839 2636 nonacris
864 2579 912 2636 est
934 2593 989 2635 nec
1003 2573 1146 2648 insoleus,
1162 2591 1248 2653 quem
1262 2571 1329 2632 iden
1350 2588 1447 2650 neque
1470 2588 1582 2648 magna
1605 2587 1694 2630 conr-

330 2659 424 2722 mctio
448 2661 592 2740 sequitur.
641 2662 793 2743 Amplius.
828 2661 898 2743 quid
922 2663 1014 2724 habet
1037 2661 1141 2736 Picus,
1174 2680 1226 2722 cur
1256 2658 1354 2738 magis
1383 2657 1571 2720 universales
1595 2656 1695 2718 faciat

328 2745 433 2810 Solem
456 2756 488 2809 et
510 2749 626 2812 Lunam
646 2770 735 2830 quarn
760 2749 923 2838 Saturnum
946 2749 1118 2812 ctJuvem?
1164 2747 1290 2811 Ocelum
1313 2747 1401 2827 ajunt
1423 2746 1554 2825 nudique
1578 2762 1693 2826 snpra;

326 2837 429 2916 itaque
452 2856 510 2898 nnn
526 2835 580 2900 Sol
604 2847 721 2900 tanturn
746 2837 799 2901 sed
824 2846 857 2899 et
875 2837 1034 2900 Saturnus.
1081 2837 1129 2900 An
1154 2837 1232 2899 forte
1255 2835 1312 2897 hnc
1336 2831 1442 2906 voluit,
1466 2834 1597 2913 majores
1623 2851 1693 2893 esse

328 2925 409 2987 vires
434 2924 623 2988 luminarium
648 2947 735 3008 quarn
764 2935 931 2988 ceterorum
964 2925 1122 2988 erronum?
1167 2927 1293 2998 Fateor,
1327 2922 1382 2985 sed
1412 2941 1482 2983 ecce
1514 2922 1625 2983 iterum
1655 2922 1693 2982 de

326 3012 449 3092 proprio
475 3015 632 3076 stellarum
658 3034 746 3094 opere
762 3015 933 3096 loquentem
946 3013 1060 3090 Picum,
1084 3013 1161 3092 qnod
1186 3011 1312 3094 quilibet
1335 3009 1453 3073 obtinet
1477 3011 1515 3071 ad
1538 3009 1693 3072 modulum

328 3099 464 3179 corporis
497 3111 528 3163 et
561 3103 690 3166 luminis.
737 3104 782 3165 At
814 3103 850 3164 ds
883 3104 940 3164 hoc
972 3120 1026 3164 nos
1053 3101 1117 3182 jam
1148 3121 1207 3162 non
1240 3099 1398 3180 loquimur.
1461 3098 1584 3161 Pridem
1614 3099 1695 3159 enirn

329 3187 432 3249 lassus
456 3193 538 3263 snm‚'
560 3189 617 3252 hoc
641 3193 773 3271 ipsorum
796 3211 871 3271 opus
895 3210 952 3253 nou
976 3189 1137 3252 confortari
1161 3187 1430 3269 conjunctionibus.
1476 3186 1574 3248 Nobis
1598 3185 1698 3266 igitur

330 3277 368 3336 de
391 3274 544 3354 objectiva
568 3287 693 3340 naturae
718 3279 917 3342 commotione
941 3297 1038 3340 sermo
1062 3297 1130 3340 cnm
1144 3277 1203 3351 sit,
1227 3275 1302 3339 illud
1326 3275 1497 3354 negandum
1522 3281 1585 3349 est,
1612 3275 1695 3354 qnod

330 3365 368 3425 de
382 3363 504 3443 proprio
519 3365 648 3427 siderum
665 3386 754 3446 opere
769 3367 953 3429 conceditur.
999 3366 1105 3446 Itaque
1121 3375 1233 3446 quanta
1251 3362 1434 3444 conjunctio,
1453 3371 1544 3424 tanta
1564 3373 1694 3424 naturas

328 3449 507 3514 commotio:
539 3453 563 3514 si
589 3455 758 3532 conjunctio
782 3456 937 3529 diuturna,
964 3453 990 3516 si
1013 3473 1097 3528 rara,
1125 3471 1237 3532 magna
1267 3470 1386 3532 quoque
1416 3457 1448 3512 et
1474 3449 1610 3513 insolens
1635 3451 1696 3512 erit

327 3539 505 3603 commotio:
530 3560 565 3602 ac
589 3542 713 3620 proinde
736 3543 832 3621 major
855 3542 1013 3605 commotio
1035 3541 1276 3623 aconjunctione
1292 3538 1418 3602 Saturni
1432 3546 1464 3601 et
1478 3535 1578 3615 Jnvis,
1602 3557 1694 3620 quam

246 3635 247 3638 ’
326 3650 346 3690 a
368 3627 450 3692 Solis
476 3635 507 3690 et
530 3630 645 3691 Lunae.

419 3715 476 3779 Ait
507 3735 578 3779 vero
610 3719 716 3780 Picus:
750 3735 808 3781 nnn
842 3717 983 3793 omnium,
1017 3737 1074 3779 nnn
1105 3715 1333 3796 praecipuorum
1366 3714 1591 3794 astrologorum
1625 3735 1694 3776 esse

330 3804 497 3866 doctrinam
522 3805 559 3866 de
583 3805 859 3886 conjunctionibus:
885 3807 993 3868 falsam
1016 3805 1108 3884 igitur
1131 3821 1208 3865 esse.
1253 3803 1331 3864 Dico
1356 3821 1422 3882 ego,
1448 3804 1485 3864 ds
1501 3803 1694 3882 cunjunctio-

330 3891 417 3954 uibns
441 3894 470 3954 iu
495 3894 666 3957 uuiversum
689 3895 821 3956 tacuisse
845 3895 956 3956 nullum
980 3913 1017 3955 ex
1041 3891 1211 3971 astrologis.
1257 3888 1347 3960 Quod
1367 3900 1470 3952 autem
1489 3890 1520 3954 in
1540 3910 1694 3973 prognos-

329 3980 399 4043 ticis
424 4000 523 4042 rerum
547 3982 759 4044 universalium
781 3981 974 4043 Ptolemaeus
1004 3980 1106 4042 omisit
1135 3981 1211 4041 hanc
1240 3978 1484 4058 conjunctionum
1514 3999 1695 4060 magnarum

331 4067 441 4131 seriem
465 4077 496 4129 et
520 4069 605 4147 quasi
628 4071 779 4150 politiam,
808 4089 999 4132 successores
1022 4068 1143 4131 Arabes
1173 4067 1385 4129 adsciverunt:
1415 4068 1453 4129 de
1486 4068 1545 4130 hoc
1573 4069 1697 4147 litigent

328 4157 410 4218 inter
432 4175 501 4217 sese
525 4158 681 4238 astrologi,
706 4159 755 4238 qui
779 4176 811 4218 se
834 4177 932 4220 rerum
955 4157 985 4218 iu
1014 4156 1124 4219 mundo
1155 4154 1381 4218 vicissitudines
1414 4177 1453 4217 ex
1482 4157 1577 4219 astris
1601 4175 1695 4237 prae-
1772 4209 1775 4212 .

328 4244 428 4305 dicere
452 4261 543 4323 posse
562 4245 701 4322 jactant:
724 4245 797 4307 mihi
820 4263 877 4306 nnn
902 4264 997 4307 rerum
1023 4243 1214 4318 vicissitudo,
1244 4263 1321 4324 qnae
1349 4245 1503 4323 specialia
1524 4246 1621 4308 multa
1645 4245 1694 4306 in-

326 4330 431 4404 volvit,
457 4331 511 4412 sed
534 4333 600 4393 sola
622 4341 795 4419 naturarum
818 4334 988 4407 commotio,
1014 4351 1089 4414 qnae
1113 4340 1160 4394 est
1183 4331 1365 4393 universalis
1389 4351 1488 4414 eaque
1506 4351 1566 4396 uun
1587 4333 1695 4407 omnis,

326 4435 382 4497 per
404 4419 519 4480 cnelnrn
543 4421 704 4500 quaeritur.

417 4503 661 4581 Messahalam')
684 4507 775 4570 Picus
807 4505 921 4584 arguit,
954 4504 1032 4584 quud
1066 4505 1103 4566 ab
1131 4505 1184 4581 iis,
1216 4505 1266 4586 qui
1299 4515 1370 4569 sunt
1404 4509 1553 4574 tardioris
1585 4519 1696 4583 mutus,

329 4608 440 4668 magna
472 4595 636 4673 procedere
670 4594 795 4657 dixerit:
832 4592 988 4653 existimat
1010 4592 1090 4670 ipse,
1129 4594 1324 4656 velocitatem
1357 4615 1430 4659 esse
1464 4601 1504 4662 ds
1537 4598 1697 4661 nobilitate

330 4677 447 4740 stellae.
495 4679 658 4744 Nobilitati
683 4701 754 4744 veru
778 4679 943 4742 efficaciam
965 4678 1083 4757 adesse,
1107 4680 1152 4744 sic
1173 4689 1206 4743 ut
1221 4682 1269 4763 qui
1284 4682 1470 4765 velociores,
1497 4687 1696 4770 potentiores.

329 4759 407 4822 Dico
420 4772 455 4825 ut
471 4782 526 4844 pro
541 4785 617 4844 mea,
641 4785 701 4830 non
714 4778 748 4830 ut
761 4788 815 4848 pru
832 4766 1026 4830 Messahalae
1050 4769 1213 4845 sententia,
1236 4768 1343 4832 Picum
1366 4786 1558 4842 connectere
1580 4777 1698 4860 paleas.
