3674 5538
777 285 859 352 eaput
876 282 908 338 11.
1457 289 1518 360 157

158 459 306 542 imagines
338 465 476 528 lucentis
509 467 664 529 inversae:
695 461 859 544 cujusmodi
891 463 977 525 vides
1008 464 1047 526 ad
1077 463 1111 526 M
1135 472 1167 526 et
1193 466 1238 540 L,
1269 481 1325 547 per
1356 469 1519 549 puuctaO

162 562 196 613 et
218 553 246 612 Η
271 555 483 617 transmissas.
531 554 664 636 Cumque
686 551 778 615 ΕΟΜ
802 552 904 614 radius
935 551 977 613 sit
999 571 1037 612 ex
1064 562 1166 616 centro
1199 556 1325 619 lucentis
1349 565 1381 619 et
1403 560 1519 621 medius

162 639 301 718 omnium,
326 644 378 725 qui
403 663 438 706 se
456 645 488 707 in
508 643 535 706 Ο
559 653 669 724 puncto
694 649 808 716 secant,
833 641 939 721 reliqui
964 659 1034 720 ergo
1060 642 1139 704 ultra
1162 644 1297 724 citraque
1321 647 1397 708 hunc
1422 657 1519 722 erunt,

163 729 268 808 etqui
292 749 329 793 ex
353 730 520 812 qunctc
543 731 703 804 interiore,
727 737 866 808 respectu
890 730 1061 805 fenestrae,
1087 730 1252 808 descendit,
1278 735 1413 797 sectione
1436 737 1465 799 in
1491 736 1518 798 0

164 817 248 880 iacta
269 819 304 882 fit
330 822 397 902 jam
431 822 570 884 exterior.
617 821 667 882 Ita
691 819 727 880 de
761 817 896 880 omnibus
929 819 1048 897 punctis
1081 818 1140 881 dici
1168 829 1281 900 potest.
1326 822 1395 895 Quo
1427 835 1519 904 pacto

164 906 317 971 creabitur
340 909 472 972 ambitus
497 910 623 990 amplior
646 927 733 990 qnam
755 907 872 969 IKLM.
919 908 965 968 At
987 908 1069 989 prius
1098 908 1195 986 major
1223 919 1291 973 erat
1312 911 1388 974 haee
1411 913 1519 976 IKLM
1622 963 1626 970 .
1651 959 1654 966 .

164 997 273 1075 ligura,
306 1017 395 1078 quam
419 996 534 1060 FGHO
559 1001 711 1085 fenestra,
744 997 837 1059 multo
869 994 962 1074 igitur
993 997 1088 1076 major
1111 1004 1160 1058 est
1191 997 1266 1060 baec
1294 999 1359 1079 jam
1392 1001 1522 1064 dilatata

164 1085 269 1164 ligura,
295 1105 384 1166 quam
407 1085 524 1148 FGHO
548 1089 691 1159 fenestra,
717 1085 795 1165 quod
819 1090 886 1146 erat
909 1085 1184 1148 demonstrandum.

254 1192 345 1272 Prop.
369 1192 410 1254 V.
457 1193 593 1272 Figura
624 1190 718 1252 radii
745 1190 781 1250 iu
814 1190 957 1270 pariete
991 1191 1240 1253 confunditur
1273 1213 1314 1254 ex
1347 1195 1520 1258 lucentis

166 1279 317 1341 inversa
341 1289 377 1341 et
399 1282 586 1343 fenestrae
610 1281 753 1342 directa
781 1279 920 1357 figura,
953 1279 1066 1341 ateis
1091 1280 1135 1342 ad
1159 1279 1250 1342 hunc
1278 1283 1421 1346 modum
1443 1285 1518 1346 situ

165 1370 380 1447 respondet.
418 1371 498 1431 Nam
521 1389 574 1450 per
597 1368 785 1431 corollarium
809 1367 917 1428 tertiae
937 1367 1033 1448 ligura
1055 1367 1183 1430 lucentis
1206 1369 1328 1434 inversa
1351 1372 1436 1451 quasi
1459 1373 1521 1435 fixa

165 1458 196 1518 in
219 1457 340 1520 lucente
364 1457 520 1537 superficie
544 1457 773 1520 circumducitur
796 1457 958 1518 secundum
982 1456 1127 1519 terminos
1151 1457 1312 1535 fenestrae,
1337 1479 1429 1540 quare
1452 1463 1517 1524 sin·

167 1545 245 1624 gulis
268 1547 389 1624 punctis
412 1547 442 1606 iu
466 1547 582 1626 pariete
615 1547 711 1608 lineas
741 1544 902 1619 describit,
936 1545 1083 1607 lateribus
1117 1546 1268 1610 fenestrae
1300 1551 1519 1628 respondentes
1616 1577 1622 1584 ·

166 1634 253 1713 idque
278 1654 317 1695 ex
347 1634 454 1696 eadem
481 1643 577 1715 parte.
625 1633 769 1696 Vicissim
796 1651 851 1713 per
882 1634 1072 1695 corollarium
1103 1635 1218 1714 primae
1241 1637 1336 1716 figura
1368 1638 1520 1701 fenestrae

166 1723 282 1784 directa
315 1723 402 1804 quasi
434 1724 495 1785 fixa
522 1725 550 1784 in
584 1724 718 1785 fenestra
750 1723 977 1784 circumducitur
1004 1723 1034 1784 in
1067 1722 1202 1804 pariete,
1233 1726 1383 1788 contrario
1416 1729 1519 1790 ordine

165 1812 302 1874 terminis
323 1812 451 1874 lucentis
476 1811 670 1886 (adminiculo
690 1811 824 1886 tertiae),
851 1829 942 1890 qnare
962 1811 1087 1891 singulis
1101 1813 1221 1892 punctis
1235 1813 1265 1874 in
1288 1815 1403 1894 pariete
1423 1817 1519 1879 lineas

166 1900 312 1962 describit
335 1901 481 1963 lateribus
505 1901 632 1963 lucentis
660 1900 806 1980 oppositis
831 1920 869 1961 ex
899 1901 1027 1962 adversa
1050 1908 1138 1979 parte
1166 1903 1405 1982 respondentes‘
1443 1903 1519 1967 Cum

164 1987 256 2068 igitur
280 1989 405 2069 figuram
429 1990 559 2066 factam,
585 1989 636 2051 ubi
659 1989 784 2069 angulos
808 1989 918 2063 habet,
943 1988 1106 2052 terminent
1128 1989 1215 2061 radii,
1239 1991 1288 2070 qui
1313 1992 1351 2053 ab
1375 1997 1519 2057 extremis

166 2077 294 2140 lucentis
326 2097 382 2158 per
413 2086 565 2140 extremos
598 2079 910 2157 fenestrae.angulos
945 2077 1143 2140 demittuntur
1174 2086 1205 2140 et
1234 2079 1296 2160 jam
1328 2087 1519 2163 utrorumque

166 2167 277 2246 speciei
310 2174 411 2228 motus
446 2167 488 2229 sit
518 2168 667 2246 ascriptus
700 2167 901 2246 geometricus
933 2174 1057 2246 propter
1089 2165 1269 2230 infinitatem
1300 2169 1520 2250 multiplicatae

166 2255 296 2335 speciei:
320 2265 409 2336 patet
432 2257 576 2319 terminos
597 2255 724 2319 lucentis
748 2253 913 2336 superficiei
937 2255 1157 2318 commonicare
1176 2273 1244 2319 cum
1263 2264 1389 2338 utraque
1413 2260 1518 2340 ligura.

251 2361 400 2442 Exemplo
425 2361 510 2423 uobis
534 2371 601 2423 esto
626 2362 755 2423 schema.
800 2362 940 2442 Angulus
964 2360 1041 2422 eninr
1071 2362 1198 2424 lucentis
1223 2359 1252 2434 Q
1274 2382 1335 2426 una
1362 2383 1430 2426 oum
1454 2374 1521 2428 tota

168 2447 298 2528 imagine
322 2451 500 2530 triangulari
523 2470 578 2530 per
601 2450 628 2512 0
653 2451 795 2530 delapsus
818 2451 849 2512 iu
872 2451 920 2524 X,
946 2451 1094 2512 translato
1124 2459 1235 2530 puncto
1263 2453 1406 2514 sectionis
1430 2473 1468 2514 ex
1492 2452 1519 2515 Ο

168 2538 195 2599 in
219 2539 261 2613 H,
288 2538 434 2624 describit
461 2540 570 2602 lineam
592 2540 655 2600 XV
683 2539 915 2619 respondentem
941 2539 1039 2626 lineae
1064 2536 1130 2600 ΟΗ.
1178 2538 1229 2601 Sic
1258 2541 1385 2620 angulus
1413 2542 1443 2604 N
1464 2561 1520 2622 per

169 2624 194 2687 0
218 2627 361 2706 delapsus
384 2627 415 2688 in
440 2627 482 2703 Y,
506 2630 656 2690 translato
681 2625 708 2688 0
732 2627 762 2689 iu
785 2629 824 2702 F,
850 2627 994 2689 describit
1022 2628 1131 2689 lineam
1154 2627 1226 2702 YR,
1256 2636 1288 2690 et
1311 2629 1336 2690 P
1359 2647 1412 2708 per
1436 2631 1463 2692 Η
1488 2632 1520 2692 in

168 2715 192 2774 'l'
215 2716 369 2796 delapsus,
394 2717 545 2778 translato
568 2723 680 2797 puncto
704 2716 925 2778 intersectionis
949 2735 987 2777 ex
1004 2717 1034 2777 H
1052 2716 1082 2777 in
1098 2713 1137 2792 G,
1162 2715 1309 2778 describit
1330 2716 1441 2780 lineam
1456 2719 1518 2782 TS.

169 2807 211 2864 At
232 2804 298 2877 ΡΝ,
325 2804 396 2885 quia
420 2805 586 2885 aequaliter
609 2824 701 2884 supra
723 2802 779 2866 FG
813 2805 977 2880 attollitur,
1012 2803 1138 2883 delapsa
1161 2812 1193 2866 et
1221 2823 1276 2884 per
1297 2803 1355 2866 FG
1379 2807 1521 2869 traducta

167 2893 195 2952 iu
218 2893 336 2971 pariete
360 2893 505 2954 describit
526 2893 589 2956 RS.
636 2894 686 2955 lta
709 2895 770 2955 fere
794 2911 940 2973 expressa
963 2901 1011 2954 est
1033 2893 1127 2972 figura
1150 2894 1312 2956 fenestrae.

252 2991 386 3052 Rursum
409 2991 487 3070 finge
510 2991 536 3052 E
565 2991 706 3053 verticem
737 2991 900 3073 pyramidis
929 2989 1106 3052 EKLMle
1134 2997 1237 3054 centro
1266 2992 1396 3071 migrare
1425 2989 1454 3053 iu
1478 2991 1517 3067 N,

167 3079 225 3140 lixa
246 3079 403 3161 pyramide
427 3080 457 3141 in
480 3077 610 3154 FGHO,
634 3089 705 3143 tuuc
728 3099 800 3159 ergo
833 3079 961 3158 angulus
984 3079 1061 3140 IML
1083 3078 1223 3160 imaginis
1258 3081 1410 3142 fenestrae
1434 3100 1518 3143 com·-

166 3176 249 3246 petct
271 3170 303 3230 in
326 3169 365 3243 Y,
391 3177 472 3229 moto
491 3168 557 3246 jam
581 3169 692 3231 vertice
717 3186 754 3229 ex
777 3167 807 3231 N
829 3168 858 3229 in
884 3166 913 3238 Q
937 3157 1063 3248 angulus
1085 3169 1118 3229 M
1141 3167 1293 3231 describet
1315 3167 1425 3231 lineam
1448 3169 1518 3245 YX,

167 3257 355 3318 econtrario
379 3258 610 3336 respondentem
632 3258 729 3321 lineae
752 3254 822 3326 NQ.
859 3255 902 3318 Et
925 3256 951 3318 si
975 3264 1081 3319 vertex
1104 3264 1152 3318 est
1174 3257 1203 3319 in
1219 3255 1257 3330 Q,
1283 3258 1410 3338 angulus
1426 3259 1518 3320 MLK

168 3345 223 3406 erit
245 3346 278 3407 in
301 3345 343 3418 V,
368 3347 516 3407 translato
540 3347 653 3408 vertice
677 3365 716 3407 ex
738 3344 769 3416 Q
791 3345 820 3407 in
845 3346 880 3420 P,
905 3347 932 3407 L
956 3346 1108 3407 describet
1130 3344 1239 3407 lineam
1255 3345 1322 3420 VT,
1347 3347 1519 3427 oppositam

167 3433 263 3495 lineae
288 3431 353 3503 PQ.
399 3433 443 3495 Et
472 3442 543 3496 tuuc
571 3435 618 3496 IK
651 3442 803 3514 competet
833 3434 862 3495 in
886 3433 939 3496 RS
972 3441 1004 3496 et
1031 3432 1061 3495 K
1084 3434 1113 3494 in
1138 3432 1177 3509 S,
1211 3434 1361 3497 translato
1394 3436 1519 3516 denique

166 3522 278 3584 vertice
302 3541 340 3583 ex
363 3521 388 3581 P
412 3522 441 3583 in
459 3523 498 3594 N,
521 3523 550 3583 K
574 3523 764 3604 separabitur
788 3523 825 3584 ab
847 3517 880 3596 S,
905 3522 1000 3584 donec
1023 3521 1082 3584 lin
1103 3521 1132 3582 R
1155 3529 1319 3602 competat.
1356 3525 1422 3586 Hoc
1446 3525 1521 3586 facit

166 3609 405 3691 aequidistantia
437 3611 563 3672 laterum
595 3611 651 3674 ΡΝ
683 3621 714 3672 et
746 3609 802 3672 FG
838 3610 1053 3694 oppositorum.
1113 3611 1220 3691 ltaque
1251 3610 1278 3672 si
1310 3613 1520 3674 continuentur

101 3717 104 3724 ’
159 3699 312 3779 usquead
333 3716 517 3760 communem
541 3701 705 3762 sectionem
720 3699 894 3762 RYXVTS
909 3699 1046 3779 perfecta
1068 3698 1126 3760 erit
1145 3700 1258 3778 figurae
1272 3697 1388 3761 FGHO
1407 3700 1517 3779 imago.

164 3787 215 3850 Siu
240 3787 323 3862 YX,
349 3787 422 3861 VT,
448 3786 501 3849 SR
533 3789 726 3851 continuatae
759 3797 957 3860 concurrant,
986 3787 1098 3850 similis
1122 3788 1161 3848 ad
1193 3805 1323 3866 unguem
1354 3787 1413 3849 erit
1443 3787 1519 3850 haec

163 3879 256 3958 rigura
280 3876 395 3939 lucenti
418 3874 514 3952 PQN,
538 3878 592 3939 sed
612 3878 745 3950 inversa;
771 3895 893 3958 quorum
917 3885 1053 3938 neutrum
1077 3893 1143 3936 cum
1163 3875 1226 3950 dat,
1251 3875 1319 3936 hino
1342 3876 1419 3938 adeo
1443 3876 1518 3938 mis-

162 3975 245 4030 cetur
271 3973 409 4045 utraque.

249 4065 435 4121 Corollarinm
456 4065 477 4119 1.
520 4065 650 4136 Sequitur
676 4065 754 4129 hinc,
786 4063 809 4119 si
835 4063 962 4119 similium
992 4064 1120 4134 utrinque
1149 4064 1301 4134 figrrrarum
1322 4063 1413 4117 latera
1432 4070 1462 4117 et
1481 4079 1519 4118 ex

164 4147 295 4216 oppositis
318 4145 448 4216 partibus
469 4150 551 4198 eruut
571 4145 794 4216 aequidistantia,
816 4146 935 4216 figuram
955 4145 1024 4198 radii
1049 4160 1217 4198 communem
1237 4141 1380 4214 utriusque
1400 4143 1519 4214 figuram

165 4228 285 4295 perfecte
308 4225 490 4288 imitaturam,
513 4225 567 4278 situ
587 4243 654 4279 vero
675 4227 835 4280 fenestram.

239 4305 427 4360 Corollarium
450 4305 483 4358 ll.
524 4310 564 4359 nt
584 4305 606 4359 si
629 4305 749 4376 angulus
770 4305 851 4358 unius
873 4322 909 4358 ex
932 4303 1065 4358 similibus
1090 4303 1174 4357 lateri
1196 4301 1311 4357 alterius
1334 4319 1370 4356 ex
1391 4302 1518 4373 opposito

165 4386 317 4456 objiciatur,
340 4384 487 4439 creabitur
505 4385 597 4455 ligura
617 4386 760 4454 duplorum
781 4385 913 4448 laterum,
936 4391 968 4437 ut
987 4400 1037 4453 pro
1059 4383 1077 4436 2
1099 4382 1216 4454 trigonis
1238 4382 1406 4452 sexangula,
1428 4399 1478 4453 pro
1500 4383 1517 4435 2

164 4466 301 4546 quadrptis
323 4463 492 4535 cetangula.

245 4546 436 4602 Corollarium
458 4544 504 4596 lll.
547 4543 614 4598 com
634 4559 702 4616 ergo
722 4544 817 4598 lucens
838 4548 869 4596 et
888 4543 1013 4598 fenestra
1032 4541 1127 4596 circuli
1153 4542 1258 4612 figuras
1280 4540 1403 4606 iuduunt,
1424 4542 1518 4596 radius

162 4637 314 4708 inpariete
336 4633 495 4706 perlectum
524 4631 654 4686 circulum
683 4632 823 4688 describit.
872 4621 974 4683 Habet
1010 4620 1090 4681 enim
1125 4618 1252 4682 circulus
1285 4627 1317 4680 ct
1356 4620 1454 4682 latera
1486 4629 1519 4682 et

160 4718 282 4797 angulos
307 4711 533 4795 quodammodo
557 4710 697 4787 infinitos,
722 4730 813 4791 quare
839 4710 906 4785 duo,
930 4717 965 4772 ut
987 4708 1017 4769 in
1035 4706 1063 4769 l.
1088 4706 1255 4783 corollario,
1279 4707 1518 4788 aequidistantes

40 4818 41 4821 ’
159 4805 256 4870 circuli
274 4813 309 4868 et
329 4803 437 4866 latera
460 4797 615 4868 lateribus,
639 4800 764 4880 angulos
784 4799 913 4880 angulis,
936 4804 970 4860 ut
989 4796 1018 4858 in
1042 4796 1172 4860 secundo
1195 4795 1353 4860 corollario
1377 4797 1518 4880 opposita
