3700 5530
322 295 388 365 592
748 296 848 347 Literae
866 296 969 361 Ktpleri
988 293 1139 362 ahommque
1157 301 1259 346 mutuae

328 473 385 540 ¹¹l„
406 481 432 527 et
453 471 507 540 ¹1...
544 471 592 523 Ubi
610 473 685 537 igitur
702 469 743 522 hio
759 471 846 539 trigel
864 473 902 523 rel
919 474 940 522 ei
957 473 1049 539 trigam
1068 485 1122 524 erre
1140 471 1280 533 metendis,
1301 471 1391 523 entem
1409 471 1603 536 concederetur
1622 487 1682 524 eon·

324 549 501 598 siderationem
518 557 610 594 ranam
628 557 681 594 essa
700 549 727 594 et
744 545 863 596 inutilem.
902 545 995 594 Verum
1012 544 1054 594 hic
1072 543 1151 594 obiter
1167 544 1227 593 mihi
1245 546 1360 602 occurrit,
1379 544 1443 611 quod
1462 559 1493 594 ex
1510 549 1536 593 te
1553 557 1682 608 queram,

324 635 379 671 cum
398 619 495 668 rideam
513 622 539 666 te
558 629 614 665 cum
631 615 807 666 recentioribus
826 617 925 666 musicis
944 616 1027 665 ditono
1047 615 1107 665 dare
1125 615 1306 679 proportionem
1327 611 1376 680 9,,
1395 629 1459 680 quas
1478 617 1633 679 componitur
1652 631 1684 666 ex

327 685 356 752 ⁸1,
378 696 404 740 et
424 685 476 750 ’1,,,
496 687 590 736 dnobus
608 687 704 736 scilicet
722 688 795 745 tonis,
815 685 892 736 altero
919 689 1013 750 majore
1039 687 1116 736 altero
1135 687 1243 742 minora,
1268 687 1322 751 quis
1340 687 1448 736 siturus
1467 688 1518 735 toni
1537 687 1638 735 minoris
1657 693 1684 736 et

323 775 387 826 quaa
406 763 458 823 etus
477 759 549 807 sedes
567 759 592 807 in
611 757 682 806 scala
703 759 798 808 musica
817 765 861 808 aut
879 759 1027 808 destenmte
1052 755 1195 822 diapason?
1213 755 1280 807 Nam
1298 761 1325 808 et
1343 757 1473 808 berennus
1492 757 1595 806 ssoeoim
1613 757 1682 808 huno

323 835 429 898 ignorat,
450 836 476 880 at
493 844 539 895 ego
557 830 583 878 in
606 829 704 879 musica
719 829 770 880 rire
798 829 878 880 vocali
895 831 946 880 sire
973 829 1154 880 instrumentali
1176 843 1226 878 oon
1249 843 1348 892 possum
1376 843 1512 894 agnoscere
1539 829 1586 878 nisi
1604 843 1682 878 unum

323 911 417 959 tonum,
436 915 525 962 nempe
542 901 670 962 majorem.
707 900 767 949 Esto
796 902 860 951 enim
889 901 1012 951 diastema
1034 900 1153 964 diapason
1173 914 1190 950 a
1207 901 1299 950 Famut
1326 900 1359 951 ad
1377 900 1414 950 Ga
1442 900 1477 950 sol
1495 914 1523 949 re
1540 906 1569 948 ut
1588 897 1682 964 (comp.

324 973 380 1022 Vol.
400 973 421 1031 l,
440 988 463 1036 p.
485 965 566 1032 204),
584 971 625 1020 hic
643 971 708 1019 inter
726 971 751 1020 Γ
765 978 791 1020 ει
810 973 832 1021 Α
850 987 876 1020 re
895 971 1049 1021 intervallum
1068 978 1107 1020 est
1123 971 1197 1020 unias
1216 973 1277 1029 toni,
1296 987 1343 1022 nec
1361 985 1433 1021 secus
1452 971 1516 1020 inter
1536 973 1556 1020 Δ
1574 986 1601 1020 re
1620 973 1682 1021 etB

322 1046 370 1102 mi,
388 1045 448 1093 item
472 1044 538 1092 inter
557 1040 576 1089 0
595 1047 622 1091 ει
639 1041 680 1098 D,
700 1041 789 1092 deinde
807 1045 871 1092 inter
889 1042 913 1091 D
933 1049 959 1092 et
976 1043 1009 1102 Ε,
1036 1048 1110 1106 atque
1134 1043 1233 1091 demum
1250 1045 1315 1092 inter
1333 1043 1353 1092 F
1372 1049 1398 1092 et
1416 1041 1446 1090 0.
1484 1041 1532 1091 liic
1550 1041 1622 1092 relirn
1640 1056 1683 1092 me

323 1117 423 1176 doceas,
441 1115 481 1178 qni
501 1113 603 1163 existis
621 1113 671 1161 sint
689 1113 741 1162 toni
759 1117 873 1176 majores,
893 1115 933 1178 qui
951 1115 1065 1163 minores.
1093 1115 1171 1162 Aures
1191 1114 1256 1163 enlm
1275 1127 1347 1164 meae
1365 1113 1503 1162 hebetiores
1521 1119 1588 1170 sunt,
1607 1127 1683 1178 quam

322 1186 457 1250 utpossint
468 1186 534 1234 inter
545 1198 587 1234 eos
606 1184 755 1242 discernere,
775 1186 819 1234 sed
832 1200 917 1235 omnes
936 1185 1071 1234 aestiment
1090 1183 1215 1248 marles.
1241 1184 1345 1248 Oportet
1357 1189 1442 1234 autem
1454 1198 1509 1234 arse
1528 1185 1681 1249 inaequales,

322 1260 344 1306 si
361 1257 438 1307 ditoni
457 1257 578 1320 proportio
597 1256 701 1304 sumitur
714 1251 757 1318 ¹l,.
783 1255 849 1305 Nam
868 1256 1023 1306 diatessaron
1045 1249 1075 1318 'l,
1097 1271 1129 1305 ex
1146 1255 1263 1320 diapente
1284 1251 1312 1318 ²l,
1335 1256 1445 1306 ablatum
1464 1255 1579 1318 relinquit
1595 1261 1683 1305 tonum

324 1325 355 1392 Ἰ,
376 1331 505 1390 majorem,
523 1325 619 1375 scilicet
637 1327 678 1390 qui
697 1326 836 1389 duplicatus
855 1328 1033 1390 proportionem
1052 1325 1125 1376 offert
1144 1319 1219 1390 ”lm
1239 1341 1283 1377 seu
1302 1324 1334 1376 st
1356 1327 1388 1376 ad
1407 1323 1450 1383 04,
1469 1329 1586 1388 majorem
1605 1341 1681 1390 quam

322 1400 370 1449 lert
387 1399 450 1448 ratio
469 1399 546 1448 ditoni
567 1395 581 1442 5
602 1397 633 1446 ad
652 1392 677 1445 4.
713 1396 763 1446 Hic
782 1413 828 1462 ego
846 1413 886 1448 me
905 1399 1027 1448 extricare
1045 1411 1148 1461 nequeo,
1168 1403 1196 1446 tu
1214 1411 1306 1461 quaeso
1325 1411 1365 1447 me
1383 1397 1469 1446 libera.

410 1469 521 1518 Transeo
538 1482 605 1517 nnnc
624 1467 656 1517 ad
675 1467 733 1517 alia.
772 1467 863 1518 Stellas
881 1469 943 1519 lacis
961 1469 1053 1518 similes
1072 1468 1176 1518 Telluris
1201 1471 1284 1533 eisque
1310 1469 1397 1518 tribuis
1421 1467 1549 1525 humores,
1578 1467 1680 1518 exhala-

322 1541 421 1597 tiones,
450 1541 545 1604 pluries
565 1545 591 1588 et
609 1544 736 1589 creaturae
763 1541 890 1597 ovecus.
918 1554 1020 1604 qnorum
1045 1545 1160 1590 nanuum
1184 1541 1278 1603 probo,
1306 1545 1335 1588 nt
1352 1552 1433 1602 neque
1449 1537 1512 1594 hoc,
1540 1539 1606 1602 quod
1624 1553 1681 1588 cum

288 1649 292 1660 .
324 1612 460 1676 Copemico
478 1610 602 1660 Tellurem
626 1611 704 1660 instm
730 1611 849 1674 planetae
867 1612 924 1660 terri
942 1613 987 1660 air.
1024 1610 1086 1660 Mihi
1103 1611 1251 1674 probabilior
1277 1611 1373 1660 ridetur
1399 1610 1525 1660 sententia
1543 1609 1575 1658 a.
1596 1609 1680 1666 Ursi,

323 1682 388 1748 quod
406 1683 484 1732 Terra
502 1683 527 1730 in
546 1687 631 1730 centro
650 1682 816 1732 universitatis
833 1683 915 1746 posita
933 1689 1002 1731 motu
1020 1675 1153 1744 δινησεωε
1177 1681 1285 1746 quotidie
1310 1681 1386 1732 semel
1411 1685 1577 1730 convertatur.
1613 1681 1679 1730 Jor-

322 1754 433 1804 dannm
452 1753 591 1802 Brunum
609 1753 692 1815 prunis
719 1758 811 1802 tostum
830 1754 928 1809 sento,
957 1753 1021 1815 qnod
1048 1752 1158 1818 intelligo
1182 1751 1251 1802 illum
1278 1759 1414 1802 crematum
1434 1765 1506 1808 esset
1534 1765 1626 1815 quaeso
1645 1765 1679 1800 an

324 1831 419 1875 certum
438 1824 485 1874 hoc
503 1825 537 1873 sit
554 1830 581 1873 et
607 1822 706 1886 quando
724 1828 770 1873 aut
796 1837 872 1888 quare
892 1825 914 1872 ei
939 1823 964 1872 id
983 1824 1119 1880 acciderit,
1146 1824 1232 1873 iacnt
1250 1823 1335 1873 sciam.
1372 1817 1475 1871 Miseret
1499 1835 1539 1870 me
1566 1821 1678 1871 hominia

323 1896 426 1959 insuper
444 1899 542 1960 gratnm
555 1893 615 1944 mihi
627 1893 724 1950 iacens,
744 1896 765 1944 ri
778 1909 808 1944 ex
821 1894 945 1957 Tpohonis
962 1909 1054 1960 genero
1073 1896 1231 1958 quaesiveris,
1250 1902 1278 1944 et
1288 1899 1376 1958 postea
1387 1907 1428 1942 me
1445 1893 1575 1942 certiorem
1592 1893 1680 1942 leceris

322 1969 353 2018 de
373 1966 488 2016 Thoma
505 1965 642 2015 Finchio
660 1964 862 2030 Flenahurgensi,
885 1967 980 2016 medico
1000 1972 1026 2016 et
1043 1966 1179 2030 professore
1198 1966 1375 2016 mathematico
1393 1964 1543 2020 Hamiensi,
1563 1977 1595 2012 an
1615 1964 1679 2013 diem

324 2039 420 2100 obierit,
439 2052 471 2087 an
490 2037 552 2086 iorte
576 2035 659 2086 sedem
678 2035 831 2087 mutaverit?
857 2035 952 2099 Metuo,
970 2053 1002 2086 na
1021 2043 1129 2087 mortuns
1148 2037 1193 2094 sit,
1219 2051 1274 2087 cum
1292 2042 1391 2100 praeter
1409 2033 1611 2084 consuetudinem
1627 2036 1680 2098 jam

323 2111 420 2174 integro
439 2107 558 2157 decennio
577 2106 638 2156 nihil
657 2107 689 2156 ad
707 2123 746 2157 me
765 2108 892 2158 literarum
911 2108 1014 2168 dederit,
1034 2109 1070 2158 rir
1082 2107 1153 2156 valde
1173 2109 1259 2158 doctus
1279 2107 1373 2156 etmihi
1393 2105 1541 2155 carissimus.
1562 2103 1680 2170 (Reliqua

322 2181 439 2244 leguntur
466 2183 551 2228 annot.
570 2175 612 2227 ³5.
643 2183 669 2227 et
694 2179 720 2227 in
747 2180 824 2242 praei.
854 2179 886 2230 ad
914 2175 1052 2243 Opticam.)
1089 2178 1253 2242 Keplerus
1280 2177 1406 2242 respondit
1424 2176 1447 2226 d.
1468 2175 1493 2225 h.
1514 2179 1573 2240 Apr.
1594 2173 1679 2226 tuoe:

324 2250 498 2329 specimina
525 2249 729 2330 experientiae
753 2250 790 2310 de
815 2251 988 2330 aspectibus
1012 2250 1198 2314 secundariis
1222 2250 1351 2329 plurima
1374 2249 1446 2310 dare
1469 2267 1600 2326 possem,
1625 2247 1679 2309 sed

323 2359 382 2401 non
418 2347 509 2400 vacat
540 2337 709 2399 describere
743 2338 969 2403 observationes
1002 2357 1095 2402 meas.
1151 2338 1241 2400 Anno
1274 2338 1393 2420 quidem
1427 2333 1529 2410 1600,
1563 2355 1628 2398 cnm
1661 2356 1680 2399 a

323 2425 378 2491 23.
409 2425 524 2506 Aprilis
552 2427 582 2487 in
615 2423 646 2487 2.
676 2427 753 2506 Maji
787 2427 858 2508 styli
891 2427 960 2490 novi
993 2427 1092 2490 nullus
1125 2435 1209 2488 esset
1241 2447 1279 2489 ex
1311 2425 1461 2506 primariis
1495 2425 1679 2504 aspectibus,

325 2516 458 2597 quintilis
483 2514 554 2576 reio
578 2511 609 2593 b,
633 2515 663 2589 it
686 2516 715 2576 in
740 2515 862 2595 Magire
887 2517 1078 2578 exhiberetur
1105 2515 1132 2578 i.
1152 2515 1239 2595 Maji,
1264 2514 1473 2595 copiosissima
1497 2515 1548 2576 nix
1571 2514 1680 2576 cecidit

325 2615 357 2667 et
375 2605 494 2684 Pragae
518 2611 550 2666 et
568 2605 597 2665 in
613 2602 717 2686 Styria
740 2604 769 2665 in
794 2606 907 2684 nuptiis
922 2603 1114 2678 Ferdinandi,
1139 2612 1170 2666 et
1192 2604 1358 2666 hastiludia
1380 2603 1528 2683 impedita
1551 2603 1679 2665 fuerunt.

325 2693 472 2757 Consulto
506 2693 590 2755 coelo
622 2693 775 2754 inventum
808 2703 857 2754 est
889 2694 993 2756 iisdem
1025 2694 1129 2756 diebus
1160 2693 1240 2756 inter
1266 2689 1357 2772 ipit
1389 2695 1457 2753 estse
1486 2689 1554 2755 72⁰.
1603 2691 1681 2754 Nam

325 2783 453 2845 studiosi
474 2781 624 2864 Tychonis
647 2783 678 2842 in
701 2801 799 2844 meam
823 2783 955 2862 gratiam
977 2783 1141 2863 periculum
1159 2784 1295 2845 fecerunt
1317 2780 1485 2861 quadrante
1499 2780 1679 2861 Tychonico.

326 2872 413 2934 Talia
437 2871 531 2932 multa
553 2871 687 2952 prolerre
711 2889 834 2952 possum
866 2871 1014 2951 exempla.
1062 2870 1123 2933 Sed
1148 2879 1239 2933 nota:
1275 2871 1347 2932 nihil
1371 2869 1547 2949 aspectibus
1572 2869 1679 2942 tribuo,

325 2961 382 3022 nisi
405 2961 436 3022 in
457 2979 567 3040 genere
597 2960 874 3022 commotionem
898 2967 1043 3036 naturae,
1075 2980 1151 3041 quae
1175 2959 1272 3039 gignit
1294 2965 1439 3020 meteora.
1488 2955 1577 3028 Quod
1601 2955 1678 3018 enim

326 3049 354 3110 iu
379 3049 516 3126 exemplo
540 3047 591 3109 nix
614 3047 680 3124 fuit,
705 3047 734 3108 in
759 3047 820 3108 alio
842 3057 945 3130 potest
968 3067 1036 3110 esse
1060 3049 1162 3128 pluvia
1184 3057 1217 3109 et
1240 3047 1369 3109 similia:
1393 3053 1496 3131 potest
1520 3054 1552 3107 et
1575 3054 1680 3107 ventus

326 3156 395 3198 esse
419 3137 534 3212 siccus,
558 3145 663 3217 potest
686 3136 808 3200 humida
831 3157 898 3199 esse
930 3138 1102 3210 exhalatio,
1133 3137 1238 3217 qualis·
1255 3136 1291 3197 de
1316 3135 1363 3197 die
1392 3135 1565 3216 resplendet
1587 3135 1682 3196 instar

326 3225 452 3287 nebulae
476 3225 595 3286 humilis
620 3233 651 3287 et
673 3225 738 3288 luce
763 3223 843 3288 Solis
868 3227 963 3302 clara,
992 3227 1177 3308 praenuncia
1204 3225 1401 3288 cbesmetum.
1449 3223 1494 3286 De
1519 3224 1680 3284 semisexto

326 3312 497 3392 recipiendo
520 3314 722 3376 necessariam
745 3315 832 3376 addis
856 3316 1047 3378 cautionem:
1071 3315 1136 3394 jam
1166 3314 1281 3393 pridem
1304 3314 1334 3376 in
1358 3313 1405 3376 his
1429 3311 1574 3376 desudavi
1597 3312 1680 3391 cogi-

326 3401 502 3464 tationibus.
550 3400 676 3463 Summa
698 3422 830 3466 mearum
854 3405 1091 3484 speculationum
1115 3405 1191 3465 haec
1209 3411 1275 3464 est:
1300 3401 1432 3464 musicae
1456 3409 1486 3463 et
1511 3401 1680 3479 aspectibus

326 3509 480 3554 commune
504 3491 562 3552 hoc
587 3509 663 3564 esse,
690 3492 766 3570 quod
791 3501 824 3552 ut
848 3511 981 3574 quaeque
1004 3513 1076 3574 pars
1095 3491 1198 3554 circuli
1222 3492 1495 3571 geometricoteroe
1518 3499 1679 3560 resecatur,

328 3582 371 3644 sic
394 3589 426 3642 et
458 3587 596 3642 naturam
628 3579 765 3642 stimulet
796 3581 921 3658 fortius,
960 3590 1115 3663 aspectum
1151 3582 1361 3653 conformans,
1399 3588 1431 3642 et
1458 3599 1546 3641 aures
1582 3587 1682 3640 moret

327 3669 513 3744 evidentius,
545 3667 732 3730 harmoniam
762 3671 959 3734 constituens.
1016 3671 1122 3751 ltaque
1153 3678 1187 3732 ut
1217 3669 1247 3731 in
1279 3669 1395 3731 musica
1434 3663 1466 3750 Ἰ,
1501 3676 1549 3730 εει
1579 3667 1682 3730 tortior

326 3779 413 3841 quarn
445 3751 477 3842 Ἰ,
506 3757 592 3839 (quia
625 3756 732 3819 divisio
766 3758 868 3820 circuli
892 3760 921 3820 in
946 3758 967 3823 8
992 3767 1040 3820 est
1067 3777 1124 3820 nno
1158 3758 1253 3838 grado
1282 3757 1423 3820 remotior
1446 3758 1475 3818 iu
1500 3756 1682 3836 geometrica

323 3847 563 3932 pulchritudine,
594 3865 683 3928 quam
717 3845 824 3908 divisio
849 3847 877 3909 in
902 3845 952 3922 4),
986 3849 1029 3910 sic
1053 3847 1144 3909 etiam
1167 3849 1197 3908 in
1229 3845 1396 3926 astrologia
1419 3841 1480 3909 90⁰
1509 3845 1681 3907 validiorem

329 3939 404 4000 dant
427 3944 591 4015 aspectum,
617 3956 707 4017 quam
730 3931 800 3998 45⁰.
849 3935 910 3999 Sed
936 3937 1002 4018 jam
1030 3955 1102 4000 suae
1136 3943 1301 4018 sequuntur
1330 3935 1495 4015 quamlibet
1527 3933 1681 3996 scientiam

324 4025 538 4107 proprietates.
584 4026 620 4088 In
645 4025 761 4088 musica
783 4043 841 4087 non
865 4033 985 4090 tanturn
1015 4025 1171 4089 considero
1200 4031 1317 4103 partem
1345 4023 1377 4097 1,
1402 4031 1434 4086 et
1456 4029 1552 4084 totum
1576 4019 1606 4097 4,
1630 4023 1682 4084 sed

325 4115 417 4176 etiem
440 4115 591 4175 residuum
607 4111 636 4176 3.
677 4112 779 4176 Causa
803 4115 877 4176 haec
892 4122 949 4190 est,
974 4115 1043 4194 quia
1062 4115 1151 4177 dator
1175 4113 1337 4194 duplicatio
1362 4111 1556 4192 longitudinis
1580 4112 1680 4191 cujus·

324 4203 400 4264 libet
423 4203 552 4286 chordae
576 4202 604 4262 in
629 4202 784 4265 infinitum.
823 4201 905 4275 Quia
928 4205 1006 4265 enim
1033 4196 1063 4285 Ἰ,
1094 4209 1250 4278 consonat,
1276 4209 1399 4282 ergoet
1422 4197 1470 4284 ²le‚
1495 4202 1545 4262 ubi
1569 4195 1681 4276 1,2,4

325 4301 396 4354 sunt
424 4292 453 4352 in
487 4291 578 4370 dupla
611 4291 771 4364 continua,
804 4299 837 4354 ut
869 4293 913 4355 ita
946 4311 1070 4354 necesse
1104 4293 1146 4354 sit
1175 4287 1209 4374 il,
1236 4310 1412 4354 consonare.
1460 4291 1493 4352 ln
1519 4289 1682 4369 astrologia

324 4399 395 4441 vero
419 4398 476 4440 non
501 4379 574 4442 lieet
596 4379 666 4440 mihi
692 4381 844 4460 duplicare
867 4391 986 4461 partem
1010 4380 1193 4455 utramlibet,
1220 4379 1347 4442 circulus
1372 4380 1449 4442 enim
1463 4397 1517 4460 per
1541 4387 1681 4458 aspectus

326 4468 502 4530 dividendos
526 4487 644 4549 semper
667 4468 746 4530 idem
770 4477 828 4530 est.
875 4469 965 4540 Quod
988 4470 1080 4549 igitur
1103 4471 1160 4532 duo
1182 4469 1326 4551 planetae
1350 4468 1500 4530 distantes
1525 4487 1579 4549 per
1602 4463 1683 4530 270⁰

325 4565 503 4638 operantur,
527 4557 559 4618 id
582 4576 641 4618 non
672 4557 787 4620 faciunt
811 4557 848 4619 ob
877 4559 951 4634 hoc,
978 4559 1048 4638 quia
1077 4553 1179 4641 mh„
1217 4565 1265 4619 est
1296 4557 1491 4638 quadruplum
1516 4559 1552 4618 de
1581 4551 1681 4639 ”lum

325 4663 394 4708 nam
418 4643 483 4708 270
507 4663 564 4706 non
590 4654 637 4708 est
660 4645 778 4728 integer
805 4646 950 4722 circulus,
980 4647 1034 4710 sed
1059 4648 1096 4710 ob
1119 4649 1192 4722 hoc,
1217 4646 1287 4726 quia
1314 4645 1466 4708 residuum
1491 4641 1533 4709 90
1557 4645 1594 4707 de
1619 4641 1681 4707 270

326 4741 467 4812 estpars
491 4734 584 4796 totius
608 4735 711 4798 circuli
735 4735 918 4816 geometrice
942 4744 1071 4800 resecta.
1108 4735 1151 4798 Et
1170 4735 1214 4798 sic
1237 4735 1388 4797 residuum
1413 4735 1468 4796 hoc
1492 4732 1556 4798 270
1580 4736 1617 4797 de
1641 4729 1682 4797 90

326 4821 399 4883 nihil
419 4821 493 4884 lacit
509 4841 564 4902 per
578 4843 623 4898 se,
647 4825 701 4886 sed
721 4831 840 4886 tentum
862 4831 985 4905 propter
999 4822 1052 4889 90.
1091 4825 1249 4888 Breviter:
1275 4825 1315 4886 ad
1328 4823 1506 4905 quadratum
1530 4824 1682 4887 efficacem
