<?xml version="1.0" encoding="UTF-8"?>
<!DOCTYPE html PUBLIC "-//W3C//DTD XHTML 1.0 Transitional//EN"
    "http://www.w3.org/TR/xhtml1/DTD/xhtml1-transitional.dtd">
<html xmlns="http://www.w3.org/1999/xhtml" xml:lang="en" lang="en">
 <head>
  <title>
</title>
<meta http-equiv="Content-Type" content="text/html;charset=utf-8" />
  <meta name='ocr-system' content='tesseract 3.04.00' />
  <meta name='ocr-capabilities' content='ocr_page ocr_carea ocr_par ocr_line ocrx_word'/>
</head>
<body>
  <div class='ocr_page' id='page_1' title='image "./joanniskepleria02unkngoog/joanniskepleria02unkngoog_0110.png"; bbox 0 0 3674 5538; ppageno 0'>
   <div class='ocr_carea' id='block_1_1' title="bbox 732 271 1531 342">
    <p class='ocr_par' dir='ltr' id='par_1_1' title="bbox 732 271 1531 342">
     <span class='ocr_line' id='line_1_1' title="bbox 732 271 1531 342; baseline 0.008 -20"><span class='ocrx_word' id='word_1_1' title='bbox 732 271 974 338; x_wconf 56' lang='lat' dir='ltr'><strong>aestuamus..</strong></span> <span class='ocrx_word' id='word_1_2' title='bbox 1487 271 1531 342; x_wconf 76' lang='grc' dir='ltr'><strong>ιιι</strong></span> 
     </span>
    </p>
   </div>
   <div class='ocr_carea' id='block_1_2' title="bbox 154 433 1603 2652">
    <p class='ocr_par' dir='ltr' id='par_1_2' title="bbox 154 433 1603 1235">
     <span class='ocr_line' id='line_1_2' title="bbox 154 433 1531 531; baseline 0.01 -27"><span class='ocrx_word' id='word_1_3' title='bbox 154 442 321 506; x_wconf 76' lang='lat' dir='ltr'><strong>conterat:</strong></span> <span class='ocrx_word' id='word_1_4' title='bbox 359 463 519 526; x_wconf 89' lang='lat' dir='ltr'><strong>nunquam</strong></span> <span class='ocrx_word' id='word_1_5' title='bbox 551 453 650 508; x_wconf 87' lang='lat' dir='ltr'><strong>tamen</strong></span> <span class='ocrx_word' id='word_1_6' title='bbox 684 445 745 508; x_wconf 83' lang='lat' dir='ltr'><strong>lieri</strong></span> <span class='ocrx_word' id='word_1_7' title='bbox 780 447 868 510; x_wconf 86' lang='lat' dir='ltr'><strong>aliter</strong></span> <span class='ocrx_word' id='word_1_8' title='bbox 897 468 987 528; x_wconf 90' lang='lat' dir='ltr'><strong>posse</strong></span> <span class='ocrx_word' id='word_1_9' title='bbox 1018 449 1099 524; x_wconf 89' lang='lat' dir='ltr'><strong>scio,</strong></span> <span class='ocrx_word' id='word_1_10' title='bbox 1134 449 1202 531; x_wconf 88' lang='lat' dir='ltr'><strong>quin</strong></span> <span class='ocrx_word' id='word_1_11' title='bbox 1228 451 1274 514; x_wconf 90' lang='lat' dir='ltr'><strong>his</strong></span> <span class='ocrx_word' id='word_1_12' title='bbox 1306 433 1383 530; x_wconf 83' lang='lat' dir='ltr'><strong>ipsis</strong></span> <span class='ocrx_word' id='word_1_13' title='bbox 1413 461 1531 518; x_wconf 86' lang='lat' dir='ltr'><strong>utamur</strong></span> 
     </span>
     <span class='ocr_line' id='line_1_3' title="bbox 157 529 1603 617; baseline 0.01 -27"><span class='ocrx_word' id='word_1_14' title='bbox 157 529 298 605; x_wconf 86' lang='lat' dir='ltr'><strong>uocibus,</strong></span> <span class='ocrx_word' id='word_1_15' title='bbox 323 533 474 611; x_wconf 77' lang='lat' dir='ltr'><strong>planetas</strong></span> <span class='ocrx_word' id='word_1_16' title='bbox 498 541 590 608; x_wconf 87' lang='lat' dir='ltr'><strong>stare,</strong></span> <span class='ocrx_word' id='word_1_17' title='bbox 615 537 814 598; x_wconf 81' lang='lat' dir='ltr'><strong>retrocedere.</strong></span> <span class='ocrx_word' id='word_1_18' title='bbox 849 537 1013 617; x_wconf 78' lang='lat' dir='ltr'><strong>Propterea</strong></span> <span class='ocrx_word' id='word_1_19' title='bbox 1032 538 1185 617; x_wconf 82' lang='lat' dir='ltr'><strong>sapienter</strong></span> <span class='ocrx_word' id='word_1_20' title='bbox 1210 541 1321 602; x_wconf 85' lang='lat' dir='ltr'><strong>lactum</strong></span> <span class='ocrx_word' id='word_1_21' title='bbox 1339 542 1377 602; x_wconf 86' lang='lat' dir='ltr'><strong>ab</strong></span> <span class='ocrx_word' id='word_1_22' title='bbox 1400 543 1531 606; x_wconf 88' lang='lat' dir='ltr'><strong>ecclesia</strong></span> <span class='ocrx_word' id='word_1_23' title='bbox 1599 535 1603 540; x_wconf 48' lang='lat'>⁵</span> 
     </span>
     <span class='ocr_line' id='line_1_4' title="bbox 160 619 1529 712; baseline 0.007 -28"><span class='ocrx_word' id='word_1_24' title='bbox 160 619 304 694; x_wconf 81' lang='lat' dir='ltr'><strong>Romana</strong></span> <span class='ocrx_word' id='word_1_25' title='bbox 324 628 412 700; x_wconf 91' lang='lat' dir='ltr'><strong>puto,</strong></span> <span class='ocrx_word' id='word_1_26' title='bbox 440 624 604 702; x_wconf 91' lang='lat' dir='ltr'><strong>quodcum</strong></span> <span class='ocrx_word' id='word_1_27' title='bbox 625 624 822 704; x_wconf 80' lang='lat' dir='ltr'><strong>astrologiam</strong></span> <span class='ocrx_word' id='word_1_28' title='bbox 840 624 1031 704; x_wconf 88' lang='lat' dir='ltr'><strong>judiciariam</strong></span> <span class='ocrx_word' id='word_1_29' title='bbox 1051 627 1240 706; x_wconf 87' lang='lat' dir='ltr'><strong>(sortilegam</strong></span> <span class='ocrx_word' id='word_1_30' title='bbox 1265 627 1348 690; x_wconf 87' lang='lat' dir='ltr'><strong>illem</strong></span> <span class='ocrx_word' id='word_1_31' title='bbox 1372 638 1405 692; x_wconf 87' lang='lat' dir='ltr'><strong>et</strong></span> <span class='ocrx_word' id='word_1_32' title='bbox 1434 650 1529 712; x_wconf 88' lang='lat' dir='ltr'><strong>quac-</strong></span> 
     </span>
     <span class='ocr_line' id='line_1_5' title="bbox 162 709 1529 794; baseline 0.005 -21"><span class='ocrx_word' id='word_1_33' title='bbox 162 709 347 774; x_wconf 85' lang='lat' dir='ltr'><strong>stionariam</strong></span> <span class='ocrx_word' id='word_1_34' title='bbox 380 709 536 790; x_wconf 88' lang='lat' dir='ltr'><strong>intelligo,</strong></span> <span class='ocrx_word' id='word_1_35' title='bbox 572 731 647 792; x_wconf 90' lang='lat' dir='ltr'><strong>qnae</strong></span> <span class='ocrx_word' id='word_1_36' title='bbox 677 713 793 792; x_wconf 87' lang='lat' dir='ltr'><strong>species</strong></span> <span class='ocrx_word' id='word_1_37' title='bbox 827 714 973 794; x_wconf 88' lang='lat' dir='ltr'><strong>quaedam</strong></span> <span class='ocrx_word' id='word_1_38' title='bbox 998 722 1046 776; x_wconf 86' lang='lat' dir='ltr'><strong>est</strong></span> <span class='ocrx_word' id='word_1_39' title='bbox 1068 715 1167 776; x_wconf 91' lang='lat' dir='ltr'><strong>cultus</strong></span> <span class='ocrx_word' id='word_1_40' title='bbox 1200 723 1367 792; x_wconf 85' lang='lat' dir='ltr'><strong>astrorum,</strong></span> <span class='ocrx_word' id='word_1_41' title='bbox 1402 718 1471 782; x_wconf 90' lang='lat' dir='ltr'><strong>dum</strong></span> <span class='ocrx_word' id='word_1_42' title='bbox 1496 738 1529 782; x_wconf 88' lang='lat' dir='ltr'><strong>se</strong></span> 
     </span>
     <span class='ocr_line' id='line_1_6' title="bbox 164 798 1527 886; baseline 0.006 -24"><span class='ocrx_word' id='word_1_43' title='bbox 164 799 246 862; x_wconf 86' lang='lat' dir='ltr'><strong>Deos</strong></span> <span class='ocrx_word' id='word_1_44' title='bbox 271 798 372 862; x_wconf 87' lang='lat' dir='ltr'><strong>iratos</strong></span> <span class='ocrx_word' id='word_1_45' title='bbox 396 799 510 862; x_wconf 87' lang='lat' dir='ltr'><strong>habere</strong></span> <span class='ocrx_word' id='word_1_46' title='bbox 533 808 621 879; x_wconf 85' lang='lat' dir='ltr'><strong>putat</strong></span> <span class='ocrx_word' id='word_1_47' title='bbox 645 801 693 881; x_wconf 94' lang='lat' dir='ltr'><strong>qui</strong></span> <span class='ocrx_word' id='word_1_48' title='bbox 717 819 779 862; x_wconf 84' lang='lat' dir='ltr'><strong>rem</strong></span> <span class='ocrx_word' id='word_1_49' title='bbox 808 810 914 864; x_wconf 89' lang='lat' dir='ltr'><strong>contra</strong></span> <span class='ocrx_word' id='word_1_50' title='bbox 945 804 1065 882; x_wconf 86' lang='lat' dir='ltr'><strong>regulas</strong></span> <span class='ocrx_word' id='word_1_51' title='bbox 1092 801 1314 883; x_wconf 82' lang='lat' dir='ltr'><strong>astrologorum</strong></span> <span class='ocrx_word' id='word_1_52' title='bbox 1342 807 1527 886; x_wconf 81' lang='lat' dir='ltr'><strong>auspicatur,</strong></span> 
     </span>
     <span class='ocr_line' id='line_1_7' title="bbox 167 887 1526 976; baseline 0.007 -26"><span class='ocrx_word' id='word_1_53' title='bbox 167 895 219 950; x_wconf 83' lang='lat' dir='ltr'><strong>aut</strong></span> <span class='ocrx_word' id='word_1_54' title='bbox 241 887 316 950; x_wconf 89' lang='lat' dir='ltr'><strong>dum</strong></span> <span class='ocrx_word' id='word_1_55' title='bbox 341 888 484 966; x_wconf 89' lang='lat' dir='ltr'><strong>neglecta</strong></span> <span class='ocrx_word' id='word_1_56' title='bbox 507 888 694 967; x_wconf 46' lang='lat' dir='ltr'><strong>Deirliducia</strong></span> <span class='ocrx_word' id='word_1_57' title='bbox 717 890 745 950; x_wconf 93' lang='lat' dir='ltr'><strong>in</strong></span> <span class='ocrx_word' id='word_1_58' title='bbox 772 890 872 952; x_wconf 89' lang='lat' dir='ltr'><strong>varios</strong></span> <span class='ocrx_word' id='word_1_59' title='bbox 896 897 993 954; x_wconf 88' lang='lat' dir='ltr'><strong>metus</strong></span> <span class='ocrx_word' id='word_1_60' title='bbox 1017 892 1117 972; x_wconf 90' lang='lat' dir='ltr'><strong>agitur</strong></span> <span class='ocrx_word' id='word_1_61' title='bbox 1148 891 1376 971; x_wconf 88' lang='lat' dir='ltr'><strong>superstitiosus</strong></span> <span class='ocrx_word' id='word_1_62' title='bbox 1408 895 1526 976; x_wconf 86' lang='lat' dir='ltr'><strong>aliquis,</strong></span> 
     </span>
     <span class='ocr_line' id='line_1_8' title="bbox 169 976 1531 1062; baseline 0.006 -22"><span class='ocrx_word' id='word_1_63' title='bbox 169 984 296 1040; x_wconf 87' lang='lat' dir='ltr'><strong>naturae</strong></span> <span class='ocrx_word' id='word_1_64' title='bbox 320 976 458 1039; x_wconf 88' lang='lat' dir='ltr'><strong>tribuens</strong></span> <span class='ocrx_word' id='word_1_65' title='bbox 482 977 560 1057; x_wconf 93' lang='lat' dir='ltr'><strong>quod</strong></span> <span class='ocrx_word' id='word_1_66' title='bbox 584 977 640 1040; x_wconf 91' lang='lat' dir='ltr'><strong>Dei</strong></span> <span class='ocrx_word' id='word_1_67' title='bbox 665 987 726 1053; x_wconf 84' lang='lat' dir='ltr'><strong>est,</strong></span> <span class='ocrx_word' id='word_1_68' title='bbox 761 987 814 1040; x_wconf 91' lang='lat' dir='ltr'><strong>aut</strong></span> <span class='ocrx_word' id='word_1_69' title='bbox 835 997 888 1057; x_wconf 90' lang='lat' dir='ltr'><strong>pro</strong></span> <span class='ocrx_word' id='word_1_70' title='bbox 913 987 1022 1040; x_wconf 90' lang='lat' dir='ltr'><strong>natura</strong></span> <span class='ocrx_word' id='word_1_71' title='bbox 1052 978 1218 1059; x_wconf 81' lang='lat' dir='ltr'><strong>suspiciens</strong></span> <span class='ocrx_word' id='word_1_72' title='bbox 1243 981 1321 1062; x_wconf 91' lang='lat' dir='ltr'><strong>qnod</strong></span> <span class='ocrx_word' id='word_1_73' title='bbox 1346 1001 1457 1046; x_wconf 89' lang='lat' dir='ltr'><strong>merum</strong></span> <span class='ocrx_word' id='word_1_74' title='bbox 1481 993 1531 1048; x_wconf 84' lang='lat' dir='ltr'><strong>est</strong></span> 
     </span>
     <span class='ocr_line' id='line_1_9' title="bbox 171 1065 1529 1158; baseline 0.003 -30"><span class='ocrx_word' id='word_1_75' title='bbox 171 1067 346 1145; x_wconf 73' lang='lat' dir='ltr'><strong>figmentum</strong></span> <span class='ocrx_word' id='word_1_76' title='bbox 370 1068 486 1140; x_wconf 86' lang='lat' dir='ltr'><strong>suum),</strong></span> <span class='ocrx_word' id='word_1_77' title='bbox 522 1065 613 1139; x_wconf 90' lang='lat' dir='ltr'><strong>hauc,</strong></span> <span class='ocrx_word' id='word_1_78' title='bbox 648 1067 784 1158; x_wconf 82' lang='lat' dir='ltr'><strong>inquam,</strong></span> <span class='ocrx_word' id='word_1_79' title='bbox 818 1086 884 1130; x_wconf 89' lang='lat' dir='ltr'><strong>cum</strong></span> <span class='ocrx_word' id='word_1_80' title='bbox 909 1068 1106 1142; x_wconf 88' lang='lat' dir='ltr'><strong>damnaverit,</strong></span> <span class='ocrx_word' id='word_1_81' title='bbox 1132 1067 1213 1130; x_wconf 88' lang='lat' dir='ltr'><strong>illam</strong></span> <span class='ocrx_word' id='word_1_82' title='bbox 1246 1077 1345 1130; x_wconf 87' lang='lat' dir='ltr'><strong>tamen</strong></span> <span class='ocrx_word' id='word_1_83' title='bbox 1371 1068 1529 1151; x_wconf 83' lang='lat' dir='ltr'><strong>Gopernici</strong></span> 
     </span>
     <span class='ocr_line' id='line_1_10' title="bbox 172 1152 928 1235; baseline 0 -19"><span class='ocrx_word' id='word_1_84' title='bbox 172 1153 394 1234; x_wconf 85' lang='lat' dir='ltr'><strong>philosophiam</strong></span> <span class='ocrx_word' id='word_1_85' title='bbox 418 1152 449 1214; x_wconf 92' lang='lat' dir='ltr'><strong>in</strong></span> <span class='ocrx_word' id='word_1_86' title='bbox 474 1154 571 1216; x_wconf 91' lang='lat' dir='ltr'><strong>medio</strong></span> <span class='ocrx_word' id='word_1_87' title='bbox 595 1173 773 1235; x_wconf 90' lang='lat' dir='ltr'><strong>suspensam</strong></span> <span class='ocrx_word' id='word_1_88' title='bbox 797 1154 928 1235; x_wconf 80' lang='lat' dir='ltr'><strong>reliquit,</strong></span> 
     </span>
    </p>

    <p class='ocr_par' dir='ltr' id='par_1_3' title="bbox 171 1242 1595 2652">
     <span class='ocr_line' id='line_1_11' title="bbox 257 1242 1528 1326; baseline 0.005 -22"><span class='ocrx_word' id='word_1_89' title='bbox 257 1242 331 1304; x_wconf 85' lang='lat' dir='ltr'><strong>Jenr</strong></span> <span class='ocrx_word' id='word_1_90' title='bbox 347 1243 425 1322; x_wconf 92' lang='lat' dir='ltr'><strong>quod</strong></span> <span class='ocrx_word' id='word_1_91' title='bbox 442 1242 609 1322; x_wconf 86' lang='lat' dir='ltr'><strong>opponitur,</strong></span> <span class='ocrx_word' id='word_1_92' title='bbox 633 1243 719 1305; x_wconf 89' lang='lat' dir='ltr'><strong>unius</strong></span> <span class='ocrx_word' id='word_1_93' title='bbox 734 1245 869 1324; x_wconf 88' lang='lat' dir='ltr'><strong>corporis</strong></span> <span class='ocrx_word' id='word_1_94' title='bbox 884 1252 997 1306; x_wconf 89' lang='lat' dir='ltr'><strong>motum</strong></span> <span class='ocrx_word' id='word_1_95' title='bbox 1016 1263 1082 1304; x_wconf 85' lang='lat' dir='ltr'><strong>esse</strong></span> <span class='ocrx_word' id='word_1_96' title='bbox 1100 1263 1206 1306; x_wconf 77' lang='lat' dir='ltr'><strong>uinum:</strong></span> <span class='ocrx_word' id='word_1_97' title='bbox 1229 1246 1307 1308; x_wconf 88' lang='lat' dir='ltr'><strong>idern</strong></span> <span class='ocrx_word' id='word_1_98' title='bbox 1323 1255 1528 1326; x_wconf 83' lang='lat' dir='ltr'><strong>argumentum</strong></span> 
     </span>
     <span class='ocr_line' id='line_1_12' title="bbox 173 1329 1527 1416; baseline 0.003 -23"><span class='ocrx_word' id='word_1_99' title='bbox 173 1330 322 1406; x_wconf 77' lang='lat' dir='ltr'><strong>effecerit,</strong></span> <span class='ocrx_word' id='word_1_100' title='bbox 356 1349 394 1392; x_wconf 88' lang='lat' dir='ltr'><strong>oe</strong></span> <span class='ocrx_word' id='word_1_101' title='bbox 428 1329 581 1393; x_wconf 86' lang='lat' dir='ltr'><strong>brachium</strong></span> <span class='ocrx_word' id='word_1_102' title='bbox 613 1351 733 1394; x_wconf 91' lang='lat' dir='ltr'><strong>movere</strong></span> <span class='ocrx_word' id='word_1_103' title='bbox 766 1332 879 1412; x_wconf 88' lang='lat' dir='ltr'><strong>possim</strong></span> <span class='ocrx_word' id='word_1_104' title='bbox 909 1351 961 1412; x_wconf 91' lang='lat' dir='ltr'><strong>pro</strong></span> <span class='ocrx_word' id='word_1_105' title='bbox 995 1331 1130 1394; x_wconf 90' lang='lat' dir='ltr'><strong>arbitrio.</strong></span> <span class='ocrx_word' id='word_1_106' title='bbox 1178 1332 1294 1396; x_wconf 84' lang='lat' dir='ltr'><strong>Eadem</strong></span> <span class='ocrx_word' id='word_1_107' title='bbox 1327 1354 1355 1396; x_wconf 90' lang='lat' dir='ltr'><strong>n.</strong></span> <span class='ocrx_word' id='word_1_108' title='bbox 1390 1334 1527 1416; x_wconf 87' lang='lat' dir='ltr'><strong>utrinque</strong></span> 
     </span>
     <span class='ocr_line' id='line_1_13' title="bbox 172 1419 1527 1500; baseline 0.004 -18"><span class='ocrx_word' id='word_1_109' title='bbox 172 1420 357 1500; x_wconf 84' lang='lat' dir='ltr'><strong>respondeo:</strong></span> <span class='ocrx_word' id='word_1_110' title='bbox 383 1420 421 1481; x_wconf 95' lang='lat' dir='ltr'><strong>ob</strong></span> <span class='ocrx_word' id='word_1_111' title='bbox 436 1420 464 1481; x_wconf 95' lang='lat' dir='ltr'><strong>id</strong></span> <span class='ocrx_word' id='word_1_112' title='bbox 481 1419 584 1500; x_wconf 90' lang='lat' dir='ltr'><strong>ipsum,</strong></span> <span class='ocrx_word' id='word_1_113' title='bbox 606 1421 684 1500; x_wconf 91' lang='lat' dir='ltr'><strong>quod</strong></span> <span class='ocrx_word' id='word_1_114' title='bbox 705 1440 849 1482; x_wconf 85' lang='lat' dir='ltr'><strong>carnosae</strong></span> <span class='ocrx_word' id='word_1_115' title='bbox 869 1431 901 1482; x_wconf 91' lang='lat' dir='ltr'><strong>et</strong></span> <span class='ocrx_word' id='word_1_116' title='bbox 915 1439 1022 1482; x_wconf 85' lang='lat' dir='ltr'><strong>osseae</strong></span> <span class='ocrx_word' id='word_1_117' title='bbox 1037 1420 1226 1484; x_wconf 87' lang='lat' dir='ltr'><strong>substantiae</strong></span> <span class='ocrx_word' id='word_1_118' title='bbox 1246 1431 1346 1486; x_wconf 88' lang='lat' dir='ltr'><strong>motus</strong></span> <span class='ocrx_word' id='word_1_119' title='bbox 1368 1433 1417 1484; x_wconf 89' lang='lat' dir='ltr'><strong>est</strong></span> <span class='ocrx_word' id='word_1_120' title='bbox 1437 1424 1527 1486; x_wconf 87' lang='lat' dir='ltr'><strong>deor·</strong></span> 
     </span>
     <span class='ocr_line' id='line_1_14' title="bbox 171 1509 1527 1592; baseline 0.004 -24"><span class='ocrx_word' id='word_1_121' title='bbox 171 1527 246 1583; x_wconf 89' lang='lat' dir='ltr'><strong>sum,</strong></span> <span class='ocrx_word' id='word_1_122' title='bbox 269 1509 401 1570; x_wconf 89' lang='lat' dir='ltr'><strong>addatur</strong></span> <span class='ocrx_word' id='word_1_123' title='bbox 423 1509 539 1580; x_wconf 88' lang='lat' dir='ltr'><strong>anima,</strong></span> <span class='ocrx_word' id='word_1_124' title='bbox 563 1527 640 1588; x_wconf 89' lang='lat' dir='ltr'><strong>quaa</strong></span> <span class='ocrx_word' id='word_1_125' title='bbox 664 1517 785 1572; x_wconf 87' lang='lat' dir='ltr'><strong>ruoveat</strong></span> <span class='ocrx_word' id='word_1_126' title='bbox 807 1509 888 1572; x_wconf 90' lang='lat' dir='ltr'><strong>illam</strong></span> <span class='ocrx_word' id='word_1_127' title='bbox 913 1528 1031 1570; x_wconf 89' lang='lat' dir='ltr'><strong>sursum</strong></span> <span class='ocrx_word' id='word_1_128' title='bbox 1055 1517 1086 1570; x_wconf 90' lang='lat' dir='ltr'><strong>et</strong></span> <span class='ocrx_word' id='word_1_129' title='bbox 1109 1509 1137 1570; x_wconf 92' lang='lat' dir='ltr'><strong>in</strong></span> <span class='ocrx_word' id='word_1_130' title='bbox 1162 1511 1239 1572; x_wconf 89' lang='lat' dir='ltr'><strong>alias</strong></span> <span class='ocrx_word' id='word_1_131' title='bbox 1261 1511 1380 1590; x_wconf 88' lang='lat' dir='ltr'><strong>plagas.</strong></span> <span class='ocrx_word' id='word_1_132' title='bbox 1418 1513 1527 1592; x_wconf 89' lang='lat' dir='ltr'><strong>Itaque</strong></span> 
     </span>
     <span class='ocr_line' id='line_1_15' title="bbox 172 1595 1525 1676; baseline 0.003 -18"><span class='ocrx_word' id='word_1_133' title='bbox 172 1596 229 1658; x_wconf 90' lang='lat' dir='ltr'><strong>nisi</strong></span> <span class='ocrx_word' id='word_1_134' title='bbox 251 1595 354 1658; x_wconf 89' lang='lat' dir='ltr'><strong>anima</strong></span> <span class='ocrx_word' id='word_1_135' title='bbox 377 1597 501 1658; x_wconf 87' lang='lat' dir='ltr'><strong>Terram</strong></span> <span class='ocrx_word' id='word_1_136' title='bbox 524 1596 635 1660; x_wconf 91' lang='lat' dir='ltr'><strong>vehens</strong></span> <span class='ocrx_word' id='word_1_137' title='bbox 660 1599 728 1671; x_wconf 91' lang='lat' dir='ltr'><strong>(seu</strong></span> <span class='ocrx_word' id='word_1_138' title='bbox 752 1617 788 1659; x_wconf 91' lang='lat' dir='ltr'><strong>ea</strong></span> <span class='ocrx_word' id='word_1_139' title='bbox 812 1597 977 1660; x_wconf 90' lang='lat' dir='ltr'><strong>materialis</strong></span> <span class='ocrx_word' id='word_1_140' title='bbox 1007 1597 1108 1676; x_wconf 91' lang='lat' dir='ltr'><strong>petius</strong></span> <span class='ocrx_word' id='word_1_141' title='bbox 1132 1598 1173 1659; x_wconf 91' lang='lat' dir='ltr'><strong>sit</strong></span> <span class='ocrx_word' id='word_1_142' title='bbox 1203 1599 1347 1673; x_wconf 83' lang='lat' dir='ltr'><strong>facultas,</strong></span> <span class='ocrx_word' id='word_1_143' title='bbox 1373 1607 1406 1660; x_wconf 94' lang='lat' dir='ltr'><strong>ut</strong></span> <span class='ocrx_word' id='word_1_144' title='bbox 1429 1601 1525 1662; x_wconf 85' lang='lat' dir='ltr'><strong>virtue</strong></span> 
     </span>
     <span class='ocr_line' id='line_1_16' title="bbox 174 1685 1527 1766; baseline 0.003 -20"><span class='ocrx_word' id='word_1_145' title='bbox 174 1686 282 1748; x_wconf 85' lang='lat' dir='ltr'><strong>ferrum</strong></span> <span class='ocrx_word' id='word_1_146' title='bbox 316 1685 456 1748; x_wconf 92' lang='lat' dir='ltr'><strong>trahendi</strong></span> <span class='ocrx_word' id='word_1_147' title='bbox 488 1686 518 1747; x_wconf 92' lang='lat' dir='ltr'><strong>in</strong></span> <span class='ocrx_word' id='word_1_148' title='bbox 549 1687 705 1766; x_wconf 85' lang='lat' dir='ltr'><strong>magnete)</strong></span> <span class='ocrx_word' id='word_1_149' title='bbox 737 1686 938 1748; x_wconf 87' lang='lat' dir='ltr'><strong>constantiam</strong></span> <span class='ocrx_word' id='word_1_150' title='bbox 970 1687 1008 1746; x_wconf 89' lang='lat' dir='ltr'><strong>ab</strong></span> <span class='ocrx_word' id='word_1_151' title='bbox 1042 1686 1155 1766; x_wconf 86' lang='lat' dir='ltr'><strong>origiue</strong></span> <span class='ocrx_word' id='word_1_152' title='bbox 1189 1697 1273 1749; x_wconf 90' lang='lat' dir='ltr'><strong>esset</strong></span> <span class='ocrx_word' id='word_1_153' title='bbox 1294 1687 1419 1750; x_wconf 48' lang='lat' dir='ltr'><strong>¹sortita</strong></span> <span class='ocrx_word' id='word_1_154' title='bbox 1449 1689 1527 1750; x_wconf 83' lang='lat' dir='ltr'><strong>citra</strong></span> 
     </span>
     <span class='ocr_line' id='line_1_17' title="bbox 172 1773 1525 1856; baseline 0.002 -21"><span class='ocrx_word' id='word_1_155' title='bbox 172 1773 363 1838; x_wconf 75' lang='lat' dir='ltr'><strong>affectionum</strong></span> <span class='ocrx_word' id='word_1_156' title='bbox 387 1773 617 1848; x_wconf 84' lang='lat' dir='ltr'><strong>vicissitudines,</strong></span> <span class='ocrx_word' id='word_1_157' title='bbox 643 1774 821 1855; x_wconf 86' lang='lat' dir='ltr'><strong>fatigaretur</strong></span> <span class='ocrx_word' id='word_1_158' title='bbox 846 1782 877 1835; x_wconf 92' lang='lat' dir='ltr'><strong>ut</strong></span> <span class='ocrx_word' id='word_1_159' title='bbox 901 1774 1035 1854; x_wconf 89' lang='lat' dir='ltr'><strong>corporis</strong></span> <span class='ocrx_word' id='word_1_160' title='bbox 1066 1775 1185 1849; x_wconf 90' lang='lat' dir='ltr'><strong>auima;</strong></span> <span class='ocrx_word' id='word_1_161' title='bbox 1218 1783 1299 1838; x_wconf 89' lang='lat' dir='ltr'><strong>certe</strong></span> <span class='ocrx_word' id='word_1_162' title='bbox 1323 1795 1377 1856; x_wconf 92' lang='lat' dir='ltr'><strong>pro</strong></span> <span class='ocrx_word' id='word_1_163' title='bbox 1406 1777 1525 1840; x_wconf 91' lang='lat' dir='ltr'><strong>modulo</strong></span> 
     </span>
     <span class='ocr_line' id='line_1_18' title="bbox 172 1861 1526 1943; baseline 0.006 -24"><span class='ocrx_word' id='word_1_164' title='bbox 172 1861 278 1924; x_wconf 86' lang='lat' dir='ltr'><strong>virium</strong></span> <span class='ocrx_word' id='word_1_165' title='bbox 302 1862 368 1940; x_wconf 89' lang='lat' dir='ltr'><strong>agit</strong></span> <span class='ocrx_word' id='word_1_166' title='bbox 389 1872 537 1926; x_wconf 88' lang='lat' dir='ltr'><strong>remotam</strong></span> <span class='ocrx_word' id='word_1_167' title='bbox 560 1863 722 1942; x_wconf 88' lang='lat' dir='ltr'><strong>sphaeram</strong></span> <span class='ocrx_word' id='word_1_168' title='bbox 745 1863 846 1938; x_wconf 89' lang='lat' dir='ltr'><strong>tarde,</strong></span> <span class='ocrx_word' id='word_1_169' title='bbox 876 1863 1071 1942; x_wconf 89' lang='lat' dir='ltr'><strong>propinquam</strong></span> <span class='ocrx_word' id='word_1_170' title='bbox 1106 1863 1265 1926; x_wconf 72' lang='lat' dir='ltr'><strong>velociter:</strong></span> <span class='ocrx_word' id='word_1_171' title='bbox 1299 1864 1388 1943; x_wconf 90' lang='lat' dir='ltr'><strong>plane</strong></span> <span class='ocrx_word' id='word_1_172' title='bbox 1413 1874 1446 1928; x_wconf 93' lang='lat' dir='ltr'><strong>ut</strong></span> <span class='ocrx_word' id='word_1_173' title='bbox 1470 1883 1526 1927; x_wconf 83' lang='lat' dir='ltr'><strong>ex·</strong></span> 
     </span>
     <span class='ocr_line' id='line_1_19' title="bbox 174 1949 1526 2032; baseline 0.004 -20"><span class='ocrx_word' id='word_1_174' title='bbox 174 1959 289 2014; x_wconf 88' lang='lat' dir='ltr'><strong>tentum</strong></span> <span class='ocrx_word' id='word_1_175' title='bbox 318 1949 472 2014; x_wconf 88' lang='lat' dir='ltr'><strong>brachium</strong></span> <span class='ocrx_word' id='word_1_176' title='bbox 505 1951 602 2032; x_wconf 87' lang='lat' dir='ltr'><strong>magis</strong></span> <span class='ocrx_word' id='word_1_177' title='bbox 625 1959 674 2014; x_wconf 91' lang='lat' dir='ltr'><strong>est</strong></span> <span class='ocrx_word' id='word_1_178' title='bbox 697 1951 793 2026; x_wconf 88' lang='lat' dir='ltr'><strong>oneri,</strong></span> <span class='ocrx_word' id='word_1_179' title='bbox 827 1952 980 2031; x_wconf 82' lang='lat' dir='ltr'><strong>quemad</strong></span> <span class='ocrx_word' id='word_1_180' title='bbox 1008 1969 1115 2032; x_wconf 88' lang='lat' dir='ltr'><strong>corpus</strong></span> <span class='ocrx_word' id='word_1_181' title='bbox 1149 1953 1317 2029; x_wconf 88' lang='lat' dir='ltr'><strong>reductum,</strong></span> <span class='ocrx_word' id='word_1_182' title='bbox 1352 1961 1383 2013; x_wconf 90' lang='lat' dir='ltr'><strong>ut</strong></span> <span class='ocrx_word' id='word_1_183' title='bbox 1408 1952 1436 2016; x_wconf 90' lang='lat' dir='ltr'><strong>in</strong></span> <span class='ocrx_word' id='word_1_184' title='bbox 1460 1973 1526 2016; x_wconf 89' lang='lat' dir='ltr'><strong>meo</strong></span> 
     </span>
     <span class='ocr_line' id='line_1_20' title="bbox 173 2038 1527 2121; baseline 0.003 -21"><span class='ocrx_word' id='word_1_185' title='bbox 173 2040 272 2102; x_wconf 82' lang='lat' dir='ltr'><strong>Marte</strong></span> <span class='ocrx_word' id='word_1_186' title='bbox 305 2039 410 2119; x_wconf 89' lang='lat' dir='ltr'><strong>probo.</strong></span> <span class='ocrx_word' id='word_1_187' title='bbox 458 2038 521 2103; x_wconf 87' lang='lat' dir='ltr'><strong>Sed</strong></span> <span class='ocrx_word' id='word_1_188' title='bbox 553 2040 693 2102; x_wconf 86' lang='lat' dir='ltr'><strong>consistit</strong></span> <span class='ocrx_word' id='word_1_189' title='bbox 720 2047 787 2102; x_wconf 89' lang='lat' dir='ltr'><strong>tota</strong></span> <span class='ocrx_word' id='word_1_190' title='bbox 820 2039 939 2102; x_wconf 87' lang='lat' dir='ltr'><strong>errandi</strong></span> <span class='ocrx_word' id='word_1_191' title='bbox 972 2040 1090 2100; x_wconf 90' lang='lat' dir='ltr'><strong>occasio</strong></span> <span class='ocrx_word' id='word_1_192' title='bbox 1121 2041 1148 2101; x_wconf 91' lang='lat' dir='ltr'><strong>in</strong></span> <span class='ocrx_word' id='word_1_193' title='bbox 1182 2060 1231 2116; x_wconf 87' lang='lat' dir='ltr'><strong>ao,</strong></span> <span class='ocrx_word' id='word_1_194' title='bbox 1266 2041 1343 2121; x_wconf 92' lang='lat' dir='ltr'><strong>quod</strong></span> <span class='ocrx_word' id='word_1_195' title='bbox 1371 2040 1527 2121; x_wconf 86' lang='lat' dir='ltr'><strong>ignoratur</strong></span> 
     </span>
     <span class='ocr_line' id='line_1_21' title="bbox 172 2126 1527 2208; baseline 0.001 -18"><span class='ocrx_word' id='word_1_196' title='bbox 172 2128 381 2206; x_wconf 81' lang='lat' dir='ltr'><strong>grauitatis</strong></span> <span class='ocrx_word' id='word_1_197' title='bbox 405 2127 548 2203; x_wconf 84' lang='lat' dir='ltr'><strong>definitio,</strong></span> <span class='ocrx_word' id='word_1_198' title='bbox 575 2149 650 2208; x_wconf 90' lang='lat' dir='ltr'><strong>quae</strong></span> <span class='ocrx_word' id='word_1_199' title='bbox 666 2129 709 2191; x_wconf 90' lang='lat' dir='ltr'><strong>sic</strong></span> <span class='ocrx_word' id='word_1_200' title='bbox 733 2129 880 2190; x_wconf 77' lang='lat' dir='ltr'><strong>astruitur</strong></span> <span class='ocrx_word' id='word_1_201' title='bbox 894 2129 933 2189; x_wconf 90' lang='lat' dir='ltr'><strong>ab</strong></span> <span class='ocrx_word' id='word_1_202' title='bbox 948 2126 1135 2190; x_wconf 84' lang='lat' dir='ltr'><strong>Aristotele:</strong></span> <span class='ocrx_word' id='word_1_203' title='bbox 1159 2128 1238 2208; x_wconf 86' lang='lat' dir='ltr'><strong>ignis</strong></span> <span class='ocrx_word' id='word_1_204' title='bbox 1253 2149 1371 2192; x_wconf 88' lang='lat' dir='ltr'><strong>sursum</strong></span> <span class='ocrx_word' id='word_1_205' title='bbox 1390 2137 1527 2194; x_wconf 83' lang='lat' dir='ltr'><strong>moretur</strong></span> 
     </span>
     <span class='ocr_line' id='line_1_22' title="bbox 172 2215 1526 2298; baseline 0.003 -22"><span class='ocrx_word' id='word_1_206' title='bbox 172 2237 194 2276; x_wconf 88' lang='lat' dir='ltr'><strong>a</strong></span> <span class='ocrx_word' id='word_1_207' title='bbox 214 2224 318 2278; x_wconf 83' lang='lat' dir='ltr'><strong>centro</strong></span> <span class='ocrx_word' id='word_1_208' title='bbox 343 2218 453 2290; x_wconf 91' lang='lat' dir='ltr'><strong>mundi,</strong></span> <span class='ocrx_word' id='word_1_209' title='bbox 479 2217 549 2296; x_wconf 86' lang='lat' dir='ltr'><strong>quia</strong></span> <span class='ocrx_word' id='word_1_210' title='bbox 572 2226 708 2280; x_wconf 88' lang='lat' dir='ltr'><strong>movetur</strong></span> <span class='ocrx_word' id='word_1_211' title='bbox 732 2219 770 2278; x_wconf 91' lang='lat' dir='ltr'><strong>ad</strong></span> <span class='ocrx_word' id='word_1_212' title='bbox 798 2215 985 2297; x_wconf 88' lang='lat' dir='ltr'><strong>superficiem</strong></span> <span class='ocrx_word' id='word_1_213' title='bbox 1009 2215 1123 2278; x_wconf 90' lang='lat' dir='ltr'><strong>mnndi.</strong></span> <span class='ocrx_word' id='word_1_214' title='bbox 1169 2218 1263 2279; x_wconf 89' lang='lat' dir='ltr'><strong>Terra</strong></span> <span class='ocrx_word' id='word_1_215' title='bbox 1290 2226 1339 2280; x_wconf 88' lang='grc' dir='ltr'><strong>εει</strong></span> <span class='ocrx_word' id='word_1_216' title='bbox 1366 2217 1428 2298; x_wconf 83' lang='lat' dir='ltr'><strong>igni</strong></span> <span class='ocrx_word' id='word_1_217' title='bbox 1452 2236 1526 2280; x_wconf 88' lang='lat' dir='ltr'><strong>eon-</strong></span> 
     </span>
     <span class='ocr_line' id='line_1_23' title="bbox 172 2303 1526 2384; baseline 0.001 -18"><span class='ocrx_word' id='word_1_218' title='bbox 172 2304 276 2379; x_wconf 89' lang='lat' dir='ltr'><strong>traria,</strong></span> <span class='ocrx_word' id='word_1_219' title='bbox 300 2323 371 2384; x_wconf 85' lang='lat' dir='ltr'><strong>ergo</strong></span> <span class='ocrx_word' id='word_1_220' title='bbox 395 2305 533 2368; x_wconf 88' lang='lat' dir='ltr'><strong>deorsum</strong></span> <span class='ocrx_word' id='word_1_221' title='bbox 564 2315 701 2367; x_wconf 87' lang='lat' dir='ltr'><strong>movetur</strong></span> <span class='ocrx_word' id='word_1_222' title='bbox 724 2307 762 2366; x_wconf 88' lang='lat' dir='ltr'><strong>ad</strong></span> <span class='ocrx_word' id='word_1_223' title='bbox 786 2315 921 2368; x_wconf 85' lang='lat' dir='ltr'><strong>centrum</strong></span> <span class='ocrx_word' id='word_1_224' title='bbox 945 2303 1055 2366; x_wconf 88' lang='lat' dir='ltr'><strong>mundi.</strong></span> <span class='ocrx_word' id='word_1_225' title='bbox 1102 2305 1189 2384; x_wconf 89' lang='lat' dir='ltr'><strong>Nego</strong></span> <span class='ocrx_word' id='word_1_226' title='bbox 1218 2305 1316 2384; x_wconf 87' lang='lat' dir='ltr'><strong>ignem</strong></span> <span class='ocrx_word' id='word_1_227' title='bbox 1349 2307 1464 2370; x_wconf 88' lang='lat' dir='ltr'><strong>moveri</strong></span> <span class='ocrx_word' id='word_1_228' title='bbox 1487 2307 1526 2368; x_wconf 91' lang='lat' dir='ltr'><strong>ad</strong></span> 
     </span>
     <span class='ocr_line' id='line_1_24' title="bbox 172 2392 1595 2473; baseline 0.002 -19"><span class='ocrx_word' id='word_1_229' title='bbox 172 2392 271 2454; x_wconf 87' lang='lat' dir='ltr'><strong>mandi</strong></span> <span class='ocrx_word' id='word_1_230' title='bbox 303 2393 506 2473; x_wconf 85' lang='lat' dir='ltr'><strong>superficiem,</strong></span> <span class='ocrx_word' id='word_1_231' title='bbox 538 2403 571 2456; x_wconf 93' lang='lat' dir='ltr'><strong>ut</strong></span> <span class='ocrx_word' id='word_1_232' title='bbox 595 2395 634 2456; x_wconf 91' lang='lat' dir='ltr'><strong>ad</strong></span> <span class='ocrx_word' id='word_1_233' title='bbox 667 2395 773 2457; x_wconf 90' lang='lat' dir='ltr'><strong>locum.</strong></span> <span class='ocrx_word' id='word_1_234' title='bbox 819 2395 958 2456; x_wconf 85' lang='lat' dir='ltr'><strong>Flamma</strong></span> <span class='ocrx_word' id='word_1_235' title='bbox 985 2413 1014 2456; x_wconf 89' lang='lat' dir='ltr'><strong>n.</strong></span> <span class='ocrx_word' id='word_1_236' title='bbox 1044 2413 1112 2455; x_wconf 87' lang='lat' dir='ltr'><strong>curn</strong></span> <span class='ocrx_word' id='word_1_237' title='bbox 1144 2394 1287 2457; x_wconf 82' lang='lat' dir='ltr'><strong>obruatur</strong></span> <span class='ocrx_word' id='word_1_238' title='bbox 1310 2414 1413 2457; x_wconf 90' lang='lat' dir='ltr'><strong>crasso</strong></span> <span class='ocrx_word' id='word_1_239' title='bbox 1444 2401 1525 2469; x_wconf 73' lang='lat' dir='ltr'><strong>abre,</strong></span> <span class='ocrx_word' id='word_1_240' title='bbox 1591 2408 1595 2418; x_wconf 89' lang='lat'>&#39;</span> 
     </span>
     <span class='ocr_line' id='line_1_25' title="bbox 171 2481 1525 2564; baseline 0.001 -21"><span class='ocrx_word' id='word_1_241' title='bbox 171 2481 281 2544; x_wconf 84' lang='lat' dir='ltr'><strong>Terrae</strong></span> <span class='ocrx_word' id='word_1_242' title='bbox 314 2481 391 2562; x_wconf 85' lang='lat' dir='ltr'><strong>fugit</strong></span> <span class='ocrx_word' id='word_1_243' title='bbox 430 2481 673 2563; x_wconf 86' lang='lat' dir='ltr'><strong>congressionem</strong></span> <span class='ocrx_word' id='word_1_244' title='bbox 705 2483 756 2544; x_wconf 89' lang='lat' dir='ltr'><strong>via</strong></span> <span class='ocrx_word' id='word_1_245' title='bbox 793 2482 989 2558; x_wconf 89' lang='lat' dir='ltr'><strong>brevissima,</strong></span> <span class='ocrx_word' id='word_1_246' title='bbox 1029 2500 1106 2562; x_wconf 90' lang='lat' dir='ltr'><strong>quae</strong></span> <span class='ocrx_word' id='word_1_247' title='bbox 1147 2482 1197 2544; x_wconf 91' lang='lat' dir='ltr'><strong>ubi</strong></span> <span class='ocrx_word' id='word_1_248' title='bbox 1234 2502 1267 2544; x_wconf 91' lang='lat' dir='ltr'><strong>se</strong></span> <span class='ocrx_word' id='word_1_249' title='bbox 1298 2483 1327 2545; x_wconf 94' lang='lat' dir='ltr'><strong>in</strong></span> <span class='ocrx_word' id='word_1_250' title='bbox 1368 2490 1525 2564; x_wconf 86' lang='lat' dir='ltr'><strong>patentem</strong></span> 
     </span>
     <span class='ocr_line' id='line_1_26' title="bbox 171 2569 1525 2652; baseline 0 -20"><span class='ocrx_word' id='word_1_251' title='bbox 171 2589 308 2650; x_wconf 86' lang='lat' dir='ltr'><strong>campum</strong></span> <span class='ocrx_word' id='word_1_252' title='bbox 333 2571 474 2646; x_wconf 90' lang='lat' dir='ltr'><strong>asseruit,</strong></span> <span class='ocrx_word' id='word_1_253' title='bbox 493 2573 558 2651; x_wconf 87' lang='lat' dir='ltr'><strong>jam</strong></span> <span class='ocrx_word' id='word_1_254' title='bbox 582 2570 624 2632; x_wconf 91' lang='lat' dir='ltr'><strong>ibi</strong></span> <span class='ocrx_word' id='word_1_255' title='bbox 648 2572 784 2652; x_wconf 87' lang='lat' dir='ltr'><strong>quiescit.</strong></span> <span class='ocrx_word' id='word_1_256' title='bbox 831 2571 977 2649; x_wconf 81' lang='lat' dir='ltr'><strong>Exemplo</strong></span> <span class='ocrx_word' id='word_1_257' title='bbox 1001 2569 1042 2631; x_wconf 91' lang='lat' dir='ltr'><strong>sit</strong></span> <span class='ocrx_word' id='word_1_258' title='bbox 1070 2571 1176 2632; x_wconf 76' lang='lat' dir='ltr'><strong>Turnus.</strong></span> <span class='ocrx_word' id='word_1_259' title='bbox 1224 2571 1307 2650; x_wconf 91' lang='lat' dir='ltr'><strong>Ignis</strong></span> <span class='ocrx_word' id='word_1_260' title='bbox 1331 2572 1423 2651; x_wconf 85' lang='lat' dir='ltr'><strong>igitur</strong></span> <span class='ocrx_word' id='word_1_261' title='bbox 1445 2571 1525 2636; x_wconf 88' lang='lat' dir='ltr'><strong>actio</strong></span> 
     </span>
    </p>
   </div>
   <div class='ocr_carea' id='block_1_3' title="bbox 72 2659 1524 2739">
    <p class='ocr_par' dir='ltr' id='par_1_4' title="bbox 72 2659 1524 2739">
     <span class='ocr_line' id='line_1_27' title="bbox 72 2659 1524 2739; baseline 0.003 -21"><span class='ocrx_word' id='word_1_262' title='bbox 72 2709 78 2728; x_wconf 87' lang='lat'><strong>,</strong></span> <span class='ocrx_word' id='word_1_263' title='bbox 172 2669 293 2720; x_wconf 90' lang='lat' dir='ltr'><strong>nonest</strong></span> <span class='ocrx_word' id='word_1_264' title='bbox 314 2667 416 2738; x_wconf 90' lang='lat' dir='ltr'><strong>petere</strong></span> <span class='ocrx_word' id='word_1_265' title='bbox 441 2659 626 2739; x_wconf 70' lang='lat' dir='ltr'><strong>superficiem</strong></span> <span class='ocrx_word' id='word_1_266' title='bbox 649 2661 760 2735; x_wconf 89' lang='lat' dir='ltr'><strong>mundi,</strong></span> <span class='ocrx_word' id='word_1_267' title='bbox 785 2659 838 2720; x_wconf 92' lang='lat' dir='ltr'><strong>sed</strong></span> <span class='ocrx_word' id='word_1_268' title='bbox 862 2659 964 2738; x_wconf 87' lang='lat' dir='ltr'><strong>fugere</strong></span> <span class='ocrx_word' id='word_1_269' title='bbox 985 2666 1118 2720; x_wconf 87' lang='lat' dir='ltr'><strong>centrum</strong></span> <span class='ocrx_word' id='word_1_270' title='bbox 1134 2677 1191 2720; x_wconf 90' lang='lat' dir='ltr'><strong>non</strong></span> <span class='ocrx_word' id='word_1_271' title='bbox 1214 2659 1314 2720; x_wconf 90' lang='lat' dir='ltr'><strong>muudi</strong></span> <span class='ocrx_word' id='word_1_272' title='bbox 1333 2661 1388 2722; x_wconf 87' lang='lat' dir='ltr'><strong>sed</strong></span> <span class='ocrx_word' id='word_1_273' title='bbox 1402 2661 1524 2733; x_wconf 88' lang='lat' dir='ltr'><strong>Terrae,</strong></span> 
     </span>
    </p>
   </div>
   <div class='ocr_carea' id='block_1_4' title="bbox 157 2747 1545 4869">
    <p class='ocr_par' dir='ltr' id='par_1_5' title="bbox 168 2747 1545 4513">
     <span class='ocr_line' id='line_1_28' title="bbox 171 2747 1525 2828; baseline 0.001 -22"><span class='ocrx_word' id='word_1_274' title='bbox 171 2765 225 2807; x_wconf 91' lang='lat' dir='ltr'><strong>nec</strong></span> <span class='ocrx_word' id='word_1_275' title='bbox 249 2755 383 2811; x_wconf 85' lang='lat' dir='ltr'><strong>centrum</strong></span> <span class='ocrx_word' id='word_1_276' title='bbox 408 2755 621 2828; x_wconf 87' lang='lat' dir='ltr'><strong>utpunctu1n‚</strong></span> <span class='ocrx_word' id='word_1_277' title='bbox 651 2749 705 2810; x_wconf 87' lang='lat' dir='ltr'><strong>sed</strong></span> <span class='ocrx_word' id='word_1_278' title='bbox 728 2759 762 2809; x_wconf 94' lang='lat' dir='ltr'><strong>ut</strong></span> <span class='ocrx_word' id='word_1_279' title='bbox 785 2749 912 2810; x_wconf 89' lang='lat' dir='ltr'><strong>medium</strong></span> <span class='ocrx_word' id='word_1_280' title='bbox 936 2747 1183 2827; x_wconf 83' lang='lat' dir='ltr'><strong>corporis,&#39;quod</strong></span> <span class='ocrx_word' id='word_1_281' title='bbox 1206 2767 1314 2826; x_wconf 91' lang='lat' dir='ltr'><strong>corpus</strong></span> <span class='ocrx_word' id='word_1_282' title='bbox 1337 2747 1429 2810; x_wconf 90' lang='lat' dir='ltr'><strong>habet</strong></span> <span class='ocrx_word' id='word_1_283' title='bbox 1451 2767 1525 2810; x_wconf 88' lang='lat' dir='ltr'><strong>snae</strong></span> 
     </span>
     <span class='ocr_line' id='line_1_29' title="bbox 173 2833 1526 2917; baseline 0.001 -21"><span class='ocrx_word' id='word_1_284' title='bbox 173 2843 319 2905; x_wconf 87' lang='lat' dir='ltr'><strong>naturae,</strong></span> <span class='ocrx_word' id='word_1_285' title='bbox 354 2856 430 2915; x_wconf 91' lang='lat' dir='ltr'><strong>quae</strong></span> <span class='ocrx_word' id='word_1_286' title='bbox 463 2837 584 2899; x_wconf 88' lang='lat' dir='ltr'><strong>dilatari</strong></span> <span class='ocrx_word' id='word_1_287' title='bbox 617 2838 717 2917; x_wconf 87' lang='lat' dir='ltr'><strong>eupit,</strong></span> <span class='ocrx_word' id='word_1_288' title='bbox 750 2837 993 2899; x_wconf 82' lang='lat' dir='ltr'><strong>infensissimum.</strong></span> <span class='ocrx_word' id='word_1_289' title='bbox 1044 2833 1151 2896; x_wconf 88' lang='lat' dir='ltr'><strong>Dicam</strong></span> <span class='ocrx_word' id='word_1_290' title='bbox 1184 2836 1331 2915; x_wconf 90' lang='lat' dir='ltr'><strong>amplius,</strong></span> <span class='ocrx_word' id='word_1_291' title='bbox 1364 2855 1423 2898; x_wconf 92' lang='lat' dir='ltr'><strong>non</strong></span> <span class='ocrx_word' id='word_1_292' title='bbox 1448 2835 1526 2916; x_wconf 86' lang='lat' dir='ltr'><strong>fugit</strong></span> 
     </span>
     <span class='ocr_line' id='line_1_30' title="bbox 174 2923 1526 3006; baseline 0.003 -22"><span class='ocrx_word' id='word_1_293' title='bbox 174 2924 296 2984; x_wconf 87' lang='lat' dir='ltr'><strong>flamma</strong></span> <span class='ocrx_word' id='word_1_294' title='bbox 318 2925 373 2986; x_wconf 87' lang='lat' dir='ltr'><strong>sed</strong></span> <span class='ocrx_word' id='word_1_295' title='bbox 405 2926 565 3006; x_wconf 85' lang='lat' dir='ltr'><strong>expellitur</strong></span> <span class='ocrx_word' id='word_1_296' title='bbox 589 2947 608 2988; x_wconf 94' lang='lat' dir='ltr'><strong>a</strong></span> <span class='ocrx_word' id='word_1_297' title='bbox 631 2925 761 3006; x_wconf 83' lang='lat' dir='ltr'><strong>graviori</strong></span> <span class='ocrx_word' id='word_1_298' title='bbox 794 2933 882 2999; x_wconf 75' lang='lat' dir='ltr'><strong>atre,</strong></span> <span class='ocrx_word' id='word_1_299' title='bbox 913 2932 946 2986; x_wconf 91' lang='lat' dir='ltr'><strong>ut</strong></span> <span class='ocrx_word' id='word_1_300' title='bbox 976 2923 1079 2985; x_wconf 87' lang='lat' dir='ltr'><strong>vesica</strong></span> <span class='ocrx_word' id='word_1_301' title='bbox 1106 2923 1145 2984; x_wconf 89' lang='lat' dir='ltr'><strong>ab</strong></span> <span class='ocrx_word' id='word_1_302' title='bbox 1176 2943 1261 3004; x_wconf 88' lang='lat' dir='ltr'><strong>aqua.</strong></span> <span class='ocrx_word' id='word_1_303' title='bbox 1308 2925 1403 2986; x_wconf 90' lang='lat' dir='ltr'><strong>Terra</strong></span> <span class='ocrx_word' id='word_1_304' title='bbox 1433 2923 1526 3004; x_wconf 87' lang='lat' dir='ltr'><strong>igitur</strong></span> 
     </span>
     <span class='ocr_line' id='line_1_31' title="bbox 173 3011 1522 3094; baseline 0.001 -22"><span class='ocrx_word' id='word_1_305' title='bbox 173 3013 324 3076; x_wconf 79' lang='lat' dir='ltr'><strong>mutreria</strong></span> <span class='ocrx_word' id='word_1_306' title='bbox 347 3013 407 3092; x_wconf 84' lang='lat' dir='ltr'><strong>igni</strong></span> <span class='ocrx_word' id='word_1_307' title='bbox 432 3034 488 3076; x_wconf 89' lang='lat' dir='ltr'><strong>non</strong></span> <span class='ocrx_word' id='word_1_308' title='bbox 514 3023 600 3094; x_wconf 89' lang='lat' dir='ltr'><strong>petet</strong></span> <span class='ocrx_word' id='word_1_309' title='bbox 622 3015 726 3094; x_wconf 88' lang='lat' dir='ltr'><strong>vigore</strong></span> <span class='ocrx_word' id='word_1_310' title='bbox 749 3015 835 3094; x_wconf 89' lang='lat' dir='ltr'><strong>hujus</strong></span> <span class='ocrx_word' id='word_1_311' title='bbox 858 3011 1046 3075; x_wconf 89' lang='lat' dir='ltr'><strong>Aristotelici</strong></span> <span class='ocrx_word' id='word_1_312' title='bbox 1067 3012 1235 3092; x_wconf 87' lang='lat' dir='ltr'><strong>argumenti</strong></span> <span class='ocrx_word' id='word_1_313' title='bbox 1255 3019 1389 3074; x_wconf 88' lang='lat' dir='ltr'><strong>centrum</strong></span> <span class='ocrx_word' id='word_1_314' title='bbox 1410 3011 1522 3086; x_wconf 90' lang='lat' dir='ltr'><strong>mundi,</strong></span> 
     </span>
     <span class='ocr_line' id='line_1_32' title="bbox 173 3101 1522 3181; baseline 0.001 -20"><span class='ocrx_word' id='word_1_315' title='bbox 173 3101 225 3162; x_wconf 89' lang='lat' dir='ltr'><strong>sed</strong></span> <span class='ocrx_word' id='word_1_316' title='bbox 249 3108 383 3164; x_wconf 89' lang='lat' dir='ltr'><strong>centrum</strong></span> <span class='ocrx_word' id='word_1_317' title='bbox 408 3103 532 3176; x_wconf 88' lang='lat' dir='ltr'><strong>Terrae,</strong></span> <span class='ocrx_word' id='word_1_318' title='bbox 558 3103 614 3164; x_wconf 88' lang='lat' dir='ltr'><strong>lroc</strong></span> <span class='ocrx_word' id='word_1_319' title='bbox 639 3112 687 3164; x_wconf 89' lang='lat' dir='ltr'><strong>est</strong></span> <span class='ocrx_word' id='word_1_320' title='bbox 710 3123 805 3165; x_wconf 89' lang='lat' dir='ltr'><strong>suurn.</strong></span> <span class='ocrx_word' id='word_1_321' title='bbox 853 3103 928 3162; x_wconf 75' lang='lat' dir='ltr'><strong>Esto</strong></span> <span class='ocrx_word' id='word_1_322' title='bbox 953 3120 1040 3173; x_wconf 86' lang='lat' dir='ltr'><strong>vero,</strong></span> <span class='ocrx_word' id='word_1_323' title='bbox 1075 3107 1108 3162; x_wconf 92' lang='lat' dir='ltr'><strong>ut</strong></span> <span class='ocrx_word' id='word_1_324' title='bbox 1141 3101 1262 3162; x_wconf 85' lang='lat' dir='ltr'><strong>flamma</strong></span> <span class='ocrx_word' id='word_1_325' title='bbox 1291 3101 1399 3162; x_wconf 89' lang='lat' dir='ltr'><strong>subeat</strong></span> <span class='ocrx_word' id='word_1_326' title='bbox 1429 3120 1522 3181; x_wconf 87' lang='lat' dir='ltr'><strong>usque</strong></span> 
     </span>
     <span class='ocr_line' id='line_1_33' title="bbox 173 3189 1522 3272; baseline 0.001 -23"><span class='ocrx_word' id='word_1_327' title='bbox 173 3189 211 3250; x_wconf 86' lang='lat' dir='ltr'><strong>ad</strong></span> <span class='ocrx_word' id='word_1_328' title='bbox 234 3189 347 3252; x_wconf 81' lang='lat' dir='ltr'><strong>extima</strong></span> <span class='ocrx_word' id='word_1_329' title='bbox 370 3190 480 3261; x_wconf 87' lang='lat' dir='ltr'><strong>rnundi,</strong></span> <span class='ocrx_word' id='word_1_330' title='bbox 503 3211 571 3254; x_wconf 93' lang='lat' dir='ltr'><strong>num</strong></span> <span class='ocrx_word' id='word_1_331' title='bbox 587 3191 653 3252; x_wconf 87' lang='lat' dir='ltr'><strong>ideo</strong></span> <span class='ocrx_word' id='word_1_332' title='bbox 674 3191 751 3269; x_wconf 81' lang='lat' dir='ltr'><strong>fugit</strong></span> <span class='ocrx_word' id='word_1_333' title='bbox 769 3208 789 3251; x_wconf 87' lang='lat' dir='ltr'><strong>a·</strong></span> <span class='ocrx_word' id='word_1_334' title='bbox 807 3199 909 3252; x_wconf 87' lang='lat' dir='ltr'><strong>centro</strong></span> <span class='ocrx_word' id='word_1_335' title='bbox 934 3189 1059 3252; x_wconf 89' lang='lat' dir='ltr'><strong>mundi?</strong></span> <span class='ocrx_word' id='word_1_336' title='bbox 1082 3189 1150 3252; x_wconf 90' lang='lat' dir='ltr'><strong>Non</strong></span> <span class='ocrx_word' id='word_1_337' title='bbox 1169 3208 1306 3270; x_wconf 88' lang='lat' dir='ltr'><strong>semper;</strong></span> <span class='ocrx_word' id='word_1_338' title='bbox 1331 3189 1394 3252; x_wconf 89' lang='lat' dir='ltr'><strong>lieri</strong></span> <span class='ocrx_word' id='word_1_339' title='bbox 1417 3209 1522 3272; x_wconf 88' lang='lat' dir='ltr'><strong>nempe</strong></span> 
     </span>
     <span class='ocr_line' id='line_1_34' title="bbox 173 3273 1523 3359; baseline 0.001 -21"><span class='ocrx_word' id='word_1_340' title='bbox 173 3286 284 3357; x_wconf 89' lang='lat' dir='ltr'><strong>potest,</strong></span> <span class='ocrx_word' id='word_1_341' title='bbox 317 3287 350 3338; x_wconf 95' lang='lat' dir='ltr'><strong>ut</strong></span> <span class='ocrx_word' id='word_1_342' title='bbox 373 3279 398 3340; x_wconf 91' lang='lat' dir='ltr'><strong>si</strong></span> <span class='ocrx_word' id='word_1_343' title='bbox 424 3280 473 3340; x_wconf 87' lang='lat' dir='ltr'><strong>ria</strong></span> <span class='ocrx_word' id='word_1_344' title='bbox 496 3279 537 3341; x_wconf 88' lang='lat' dir='ltr'><strong>sit</strong></span> <span class='ocrx_word' id='word_1_345' title='bbox 559 3281 641 3359; x_wconf 81' lang='lat' dir='ltr'><strong>prius</strong></span> <span class='ocrx_word' id='word_1_346' title='bbox 666 3280 704 3342; x_wconf 90' lang='lat' dir='ltr'><strong>ad</strong></span> <span class='ocrx_word' id='word_1_347' title='bbox 737 3288 871 3342; x_wconf 86' lang='lat' dir='ltr'><strong>centrum</strong></span> <span class='ocrx_word' id='word_1_348' title='bbox 889 3273 924 3339; x_wconf 83' lang='grc' dir='ltr'><strong>ἐι</strong></span> <span class='ocrx_word' id='word_1_349' title='bbox 955 3297 1009 3359; x_wconf 81' lang='grc' dir='ltr'><strong>ρει</strong></span> <span class='ocrx_word' id='word_1_350' title='bbox 1040 3285 1193 3352; x_wconf 89' lang='lat' dir='ltr'><strong>centrum,</strong></span> <span class='ocrx_word' id='word_1_351' title='bbox 1228 3277 1329 3359; x_wconf 88' lang='lat' dir='ltr'><strong>itaque</strong></span> <span class='ocrx_word' id='word_1_352' title='bbox 1353 3278 1426 3358; x_wconf 84' lang='lat' dir='ltr'><strong>fuga</strong></span> <span class='ocrx_word' id='word_1_353' title='bbox 1448 3277 1523 3342; x_wconf 85' lang='lat' dir='ltr'><strong>haec</strong></span> 
     </span>
     <span class='ocr_line' id='line_1_35' title="bbox 175 3366 1523 3446; baseline 0.001 -20"><span class='ocrx_word' id='word_1_354' title='bbox 175 3366 317 3446; x_wconf 87' lang='lat' dir='ltr'><strong>respiciat</strong></span> <span class='ocrx_word' id='word_1_355' title='bbox 341 3366 420 3429; x_wconf 86' lang='lat' dir='ltr'><strong>alius</strong></span> <span class='ocrx_word' id='word_1_356' title='bbox 443 3369 486 3430; x_wconf 91' lang='lat' dir='ltr'><strong>rei</strong></span> <span class='ocrx_word' id='word_1_357' title='bbox 510 3378 654 3442; x_wconf 88' lang='lat' dir='ltr'><strong>centrum,</strong></span> <span class='ocrx_word' id='word_1_358' title='bbox 680 3388 723 3430; x_wconf 91' lang='lat' dir='ltr'><strong>sc.</strong></span> <span class='ocrx_word' id='word_1_359' title='bbox 748 3377 883 3430; x_wconf 88' lang='lat' dir='ltr'><strong>centrum</strong></span> <span class='ocrx_word' id='word_1_360' title='bbox 907 3368 1017 3432; x_wconf 85' lang='lat' dir='ltr'><strong>Terrae</strong></span> <span class='ocrx_word' id='word_1_361' title='bbox 1041 3367 1119 3428; x_wconf 90' lang='lat' dir='ltr'><strong>sitae</strong></span> <span class='ocrx_word' id='word_1_362' title='bbox 1144 3375 1230 3428; x_wconf 84' lang='lat' dir='ltr'><strong>extra</strong></span> <span class='ocrx_word' id='word_1_363' title='bbox 1253 3373 1389 3430; x_wconf 89' lang='lat' dir='ltr'><strong>centrum</strong></span> <span class='ocrx_word' id='word_1_364' title='bbox 1412 3366 1523 3429; x_wconf 90' lang='lat' dir='ltr'><strong>mnndi.</strong></span> 
     </span>
     <span class='ocr_line' id='line_1_36' title="bbox 173 3455 1545 3537; baseline -0.001 -20"><span class='ocrx_word' id='word_1_365' title='bbox 173 3455 275 3535; x_wconf 88' lang='lat' dir='ltr'><strong>Atque</strong></span> <span class='ocrx_word' id='word_1_366' title='bbox 299 3474 337 3516; x_wconf 90' lang='lat' dir='ltr'><strong>an</strong></span> <span class='ocrx_word' id='word_1_367' title='bbox 363 3475 420 3518; x_wconf 90' lang='lat' dir='ltr'><strong>non</strong></span> <span class='ocrx_word' id='word_1_368' title='bbox 445 3475 560 3530; x_wconf 90' lang='lat' dir='ltr'><strong>verurn,</strong></span> <span class='ocrx_word' id='word_1_369' title='bbox 595 3477 663 3520; x_wconf 90' lang='lat' dir='ltr'><strong>esse</strong></span> <span class='ocrx_word' id='word_1_370' title='bbox 687 3456 794 3537; x_wconf 85' lang='lat' dir='ltr'><strong>gravia</strong></span> <span class='ocrx_word' id='word_1_371' title='bbox 817 3456 878 3530; x_wconf 91' lang='lat' dir='ltr'><strong>illa,</strong></span> <span class='ocrx_word' id='word_1_372' title='bbox 912 3474 987 3535; x_wconf 86' lang='lat' dir='ltr'><strong>qnae</strong></span> <span class='ocrx_word' id='word_1_373' title='bbox 1012 3456 1049 3516; x_wconf 90' lang='lat' dir='ltr'><strong>ad</strong></span> <span class='ocrx_word' id='word_1_374' title='bbox 1075 3455 1175 3516; x_wconf 91' lang='lat' dir='ltr'><strong>mundi</strong></span> <span class='ocrx_word' id='word_1_375' title='bbox 1209 3464 1343 3518; x_wconf 89' lang='lat' dir='ltr'><strong>centrum</strong></span> <span class='ocrx_word' id='word_1_376' title='bbox 1368 3456 1545 3518; x_wconf 67' lang='lat' dir='ltr'><strong>ferunturl</strong></span> 
     </span>
     <span class='ocr_line' id='line_1_37' title="bbox 174 3543 1524 3627; baseline 0.001 -23"><span class='ocrx_word' id='word_1_377' title='bbox 174 3543 230 3606; x_wconf 89' lang='lat' dir='ltr'><strong>Illa</strong></span> <span class='ocrx_word' id='word_1_378' title='bbox 252 3561 357 3622; x_wconf 89' lang='lat' dir='ltr'><strong>nempe</strong></span> <span class='ocrx_word' id='word_1_379' title='bbox 382 3553 453 3608; x_wconf 90' lang='lat' dir='ltr'><strong>suut</strong></span> <span class='ocrx_word' id='word_1_380' title='bbox 475 3545 590 3625; x_wconf 81' lang='lat' dir='ltr'><strong>gravia,</strong></span> <span class='ocrx_word' id='word_1_381' title='bbox 615 3565 690 3627; x_wconf 90' lang='lat' dir='ltr'><strong>quae</strong></span> <span class='ocrx_word' id='word_1_382' title='bbox 713 3546 752 3607; x_wconf 89' lang='lat' dir='ltr'><strong>ad</strong></span> <span class='ocrx_word' id='word_1_383' title='bbox 776 3546 888 3608; x_wconf 78' lang='lat' dir='ltr'><strong>Terrae</strong></span> <span class='ocrx_word' id='word_1_384' title='bbox 912 3552 1046 3606; x_wconf 87' lang='lat' dir='ltr'><strong>centrum</strong></span> <span class='ocrx_word' id='word_1_385' title='bbox 1077 3545 1220 3607; x_wconf 86' lang='lat' dir='ltr'><strong>feruntur.</strong></span> <span class='ocrx_word' id='word_1_386' title='bbox 1268 3543 1330 3608; x_wconf 88' lang='lat' dir='ltr'><strong>Sed</strong></span> <span class='ocrx_word' id='word_1_387' title='bbox 1354 3545 1425 3626; x_wconf 90' lang='lat' dir='ltr'><strong>quid</strong></span> <span class='ocrx_word' id='word_1_388' title='bbox 1439 3550 1524 3618; x_wconf 84' lang='lat' dir='ltr'><strong>tota,</strong></span> 
     </span>
     <span class='ocr_line' id='line_1_38' title="bbox 173 3632 1524 3712; baseline 0.001 -20"><span class='ocrx_word' id='word_1_389' title='bbox 173 3632 279 3712; x_wconf 87' lang='lat' dir='ltr'><strong>inquis,</strong></span> <span class='ocrx_word' id='word_1_390' title='bbox 305 3633 424 3696; x_wconf 85' lang='lat' dir='ltr'><strong>Terre?</strong></span> <span class='ocrx_word' id='word_1_391' title='bbox 449 3632 559 3697; x_wconf 85' lang='lat' dir='ltr'><strong>Gravis</strong></span> <span class='ocrx_word' id='word_1_392' title='bbox 584 3655 621 3696; x_wconf 92' lang='lat' dir='ltr'><strong>an</strong></span> <span class='ocrx_word' id='word_1_393' title='bbox 646 3635 721 3697; x_wconf 91' lang='lat' dir='ltr'><strong>levis</strong></span> <span class='ocrx_word' id='word_1_394' title='bbox 736 3633 809 3696; x_wconf 87' lang='lat' dir='ltr'><strong>illa?</strong></span> <span class='ocrx_word' id='word_1_395' title='bbox 832 3635 980 3696; x_wconf 88' lang='lat' dir='ltr'><strong>Neutrum</strong></span> <span class='ocrx_word' id='word_1_396' title='bbox 995 3633 1143 3694; x_wconf 90' lang='lat' dir='ltr'><strong>absolute.</strong></span> <span class='ocrx_word' id='word_1_397' title='bbox 1180 3633 1260 3696; x_wconf 89' lang='lat' dir='ltr'><strong>Nam</strong></span> <span class='ocrx_word' id='word_1_398' title='bbox 1275 3634 1379 3696; x_wconf 89' lang='lat' dir='ltr'><strong>eadem</strong></span> <span class='ocrx_word' id='word_1_399' title='bbox 1398 3633 1524 3708; x_wconf 90' lang='lat' dir='ltr'><strong>ratione,</strong></span> 
     </span>
     <span class='ocr_line' id='line_1_39' title="bbox 173 3707 1525 3802; baseline 0.001 -21"><span class='ocrx_word' id='word_1_400' title='bbox 173 3740 231 3799; x_wconf 90' lang='lat' dir='ltr'><strong>qua</strong></span> <span class='ocrx_word' id='word_1_401' title='bbox 252 3720 422 3800; x_wconf 90' lang='lat' dir='ltr'><strong>philosophi</strong></span> <span class='ocrx_word' id='word_1_402' title='bbox 442 3723 555 3795; x_wconf 90' lang='lat' dir='ltr'><strong>dicunt,</strong></span> <span class='ocrx_word' id='word_1_403' title='bbox 578 3707 662 3785; x_wconf 88' lang='lat' dir='ltr'><strong>illa&#39;m</strong></span> <span class='ocrx_word' id='word_1_404' title='bbox 687 3723 714 3784; x_wconf 91' lang='lat' dir='ltr'><strong>in</strong></span> <span class='ocrx_word' id='word_1_405' title='bbox 738 3723 835 3784; x_wconf 91' lang='lat' dir='ltr'><strong>medio</strong></span> <span class='ocrx_word' id='word_1_406' title='bbox 860 3723 988 3802; x_wconf 88' lang='lat' dir='ltr'><strong>pendere</strong></span> <span class='ocrx_word' id='word_1_407' title='bbox 1013 3721 1156 3802; x_wconf 86' lang='lat' dir='ltr'><strong>quietam,</strong></span> <span class='ocrx_word' id='word_1_408' title='bbox 1181 3721 1247 3784; x_wconf 88' lang='lat' dir='ltr'><strong>dico</strong></span> <span class='ocrx_word' id='word_1_409' title='bbox 1263 3739 1328 3800; x_wconf 81' lang='lat' dir='ltr'><strong>ego,</strong></span> <span class='ocrx_word' id='word_1_410' title='bbox 1354 3729 1386 3782; x_wconf 91' lang='lat' dir='ltr'><strong>et</strong></span> <span class='ocrx_word' id='word_1_411' title='bbox 1401 3721 1525 3782; x_wconf 87' lang='lat' dir='ltr'><strong>Terram</strong></span> 
     </span>
     <span class='ocr_line' id='line_1_40' title="bbox 174 3809 1525 3893; baseline 0.001 -25"><span class='ocrx_word' id='word_1_412' title='bbox 174 3821 204 3870; x_wconf 89' lang='lat' dir='ltr'><strong>et</strong></span> <span class='ocrx_word' id='word_1_413' title='bbox 226 3810 393 3891; x_wconf 89' lang='lat' dir='ltr'><strong>quamlibet</strong></span> <span class='ocrx_word' id='word_1_414' title='bbox 420 3812 540 3874; x_wconf 88' lang='lat' dir='ltr'><strong>stellam</strong></span> <span class='ocrx_word' id='word_1_415' title='bbox 573 3811 712 3875; x_wconf 90' lang='lat' dir='ltr'><strong>mobilem</strong></span> <span class='ocrx_word' id='word_1_416' title='bbox 742 3811 909 3893; x_wconf 89' lang='lat' dir='ltr'><strong>quieturam</strong></span> <span class='ocrx_word' id='word_1_417' title='bbox 937 3809 994 3885; x_wconf 91' lang='lat' dir='ltr'><strong>ibi,</strong></span> <span class='ocrx_word' id='word_1_418' title='bbox 1027 3816 1282 3890; x_wconf 87' lang='lat' dir='ltr'><strong>quorsumcunque</strong></span> <span class='ocrx_word' id='word_1_419' title='bbox 1315 3809 1525 3880; x_wconf 81' lang='lat' dir='ltr'><strong>transferatur.</strong></span> 
     </span>
     <span class='ocr_line' id='line_1_41' title="bbox 172 3897 1527 3981; baseline -0.001 -21"><span class='ocrx_word' id='word_1_420' title='bbox 172 3897 321 3962; x_wconf 84' lang='lat' dir='ltr'><strong>Materiae</strong></span> <span class='ocrx_word' id='word_1_421' title='bbox 355 3917 460 3980; x_wconf 89' lang='lat' dir='ltr'><strong>nempe</strong></span> <span class='ocrx_word' id='word_1_422' title='bbox 490 3901 641 3981; x_wconf 92' lang='lat' dir='ltr'><strong>proprium</strong></span> <span class='ocrx_word' id='word_1_423' title='bbox 674 3909 721 3962; x_wconf 89' lang='lat' dir='ltr'><strong>est</strong></span> <span class='ocrx_word' id='word_1_424' title='bbox 751 3901 843 3981; x_wconf 91' lang='lat' dir='ltr'><strong>quies.</strong></span> <span class='ocrx_word' id='word_1_425' title='bbox 905 3897 982 3962; x_wconf 84' lang='lat' dir='ltr'><strong>Cum</strong></span> <span class='ocrx_word' id='word_1_426' title='bbox 1012 3899 1068 3960; x_wconf 90' lang='lat' dir='ltr'><strong>hac</strong></span> <span class='ocrx_word' id='word_1_427' title='bbox 1103 3898 1203 3980; x_wconf 89' lang='lat' dir='ltr'><strong>quiete</strong></span> <span class='ocrx_word' id='word_1_428' title='bbox 1235 3905 1380 3977; x_wconf 89' lang='lat' dir='ltr'><strong>perpetue</strong></span> <span class='ocrx_word' id='word_1_429' title='bbox 1412 3904 1527 3976; x_wconf 80' lang='lat' dir='ltr'><strong>pugnat</strong></span> 
     </span>
     <span class='ocr_line' id='line_1_42' title="bbox 173 3984 1526 4070; baseline -0.002 -21"><span class='ocrx_word' id='word_1_430' title='bbox 173 3987 265 4050; x_wconf 81' lang='lat' dir='ltr'><strong>virtus</strong></span> <span class='ocrx_word' id='word_1_431' title='bbox 299 3988 370 4063; x_wconf 87' lang='lat' dir='ltr'><strong>illa,</strong></span> <span class='ocrx_word' id='word_1_432' title='bbox 405 4007 480 4070; x_wconf 89' lang='lat' dir='ltr'><strong>quae</strong></span> <span class='ocrx_word' id='word_1_433' title='bbox 505 3991 628 4052; x_wconf 87' lang='lat' dir='ltr'><strong>Terram</strong></span> <span class='ocrx_word' id='word_1_434' title='bbox 652 3998 762 4052; x_wconf 84' lang='lat' dir='ltr'><strong>moret.</strong></span> <span class='ocrx_word' id='word_1_435' title='bbox 810 3990 910 4070; x_wconf 84' lang='lat' dir='ltr'><strong>Atque</strong></span> <span class='ocrx_word' id='word_1_436' title='bbox 943 3987 1010 4050; x_wconf 92' lang='lat' dir='ltr'><strong>inde</strong></span> <span class='ocrx_word' id='word_1_437' title='bbox 1047 3987 1181 4049; x_wconf 85' lang='lat' dir='ltr'><strong>nascitur</strong></span> <span class='ocrx_word' id='word_1_438' title='bbox 1214 3986 1350 4048; x_wconf 89' lang='lat' dir='ltr'><strong>modulus</strong></span> <span class='ocrx_word' id='word_1_439' title='bbox 1382 3984 1526 4064; x_wconf 87' lang='lat' dir='ltr'><strong>temporis</strong></span> 
     </span>
     <span class='ocr_line' id='line_1_43' title="bbox 172 4072 1527 4156; baseline -0.002 -18"><span class='ocrx_word' id='word_1_440' title='bbox 172 4076 325 4154; x_wconf 87' lang='lat' dir='ltr'><strong>periodici.</strong></span> <span class='ocrx_word' id='word_1_441' title='bbox 373 4078 452 4140; x_wconf 88' lang='lat' dir='ltr'><strong>Nam</strong></span> <span class='ocrx_word' id='word_1_442' title='bbox 483 4078 509 4140; x_wconf 91' lang='lat' dir='ltr'><strong>si</strong></span> <span class='ocrx_word' id='word_1_443' title='bbox 542 4078 648 4142; x_wconf 86' lang='lat' dir='ltr'><strong>fortior</strong></span> <span class='ocrx_word' id='word_1_444' title='bbox 677 4079 772 4141; x_wconf 91' lang='lat' dir='ltr'><strong>virtus</strong></span> <span class='ocrx_word' id='word_1_445' title='bbox 805 4077 933 4154; x_wconf 81' lang='lat' dir='ltr'><strong>fuisset,¹</strong></span> <span class='ocrx_word' id='word_1_446' title='bbox 961 4078 1056 4138; x_wconf 90' lang='lat' dir='ltr'><strong>minor</strong></span> <span class='ocrx_word' id='word_1_447' title='bbox 1086 4083 1168 4138; x_wconf 90' lang='lat' dir='ltr'><strong>esset</strong></span> <span class='ocrx_word' id='word_1_448' title='bbox 1199 4073 1351 4156; x_wconf 86' lang='lat' dir='ltr'><strong>periodica</strong></span> <span class='ocrx_word' id='word_1_449' title='bbox 1384 4072 1527 4155; x_wconf 88' lang='lat' dir='ltr'><strong>temporis</strong></span> 
     </span>
     <span class='ocr_line' id='line_1_44' title="bbox 172 4161 1526 4247; baseline -0.002 -21"><span class='ocrx_word' id='word_1_450' title='bbox 172 4165 332 4228; x_wconf 88' lang='lat' dir='ltr'><strong>restitutio.</strong></span> <span class='ocrx_word' id='word_1_451' title='bbox 386 4164 420 4226; x_wconf 89' lang='lat' dir='ltr'><strong>Si</strong></span> <span class='ocrx_word' id='word_1_452' title='bbox 450 4185 555 4247; x_wconf 89' lang='lat' dir='ltr'><strong>nempe</strong></span> <span class='ocrx_word' id='word_1_453' title='bbox 587 4168 624 4228; x_wconf 92' lang='lat' dir='ltr'><strong>ad</strong></span> <span class='ocrx_word' id='word_1_454' title='bbox 654 4167 801 4230; x_wconf 90' lang='lat' dir='ltr'><strong>Tellurem</strong></span> <span class='ocrx_word' id='word_1_455' title='bbox 833 4185 1007 4246; x_wconf 88' lang='lat' dir='ltr'><strong>quocunque</strong></span> <span class='ocrx_word' id='word_1_456' title='bbox 1036 4163 1065 4226; x_wconf 92' lang='lat' dir='ltr'><strong>in</strong></span> <span class='ocrx_word' id='word_1_457' title='bbox 1100 4165 1165 4227; x_wconf 91' lang='lat' dir='ltr'><strong>loco</strong></span> <span class='ocrx_word' id='word_1_458' title='bbox 1199 4163 1401 4243; x_wconf 75' lang='lat' dir='ltr'><strong>quiescentem</strong></span> <span class='ocrx_word' id='word_1_459' title='bbox 1425 4161 1526 4242; x_wconf 87' lang='lat' dir='ltr'><strong>appli-</strong></span> 
     </span>
     <span class='ocr_line' id='line_1_45' title="bbox 169 4251 1525 4336; baseline -0.004 -20"><span class='ocrx_word' id='word_1_460' title='bbox 169 4264 287 4318; x_wconf 87' lang='lat' dir='ltr'><strong>caretur</strong></span> <span class='ocrx_word' id='word_1_461' title='bbox 312 4254 418 4316; x_wconf 88' lang='lat' dir='ltr'><strong>Tellus</strong></span> <span class='ocrx_word' id='word_1_462' title='bbox 447 4255 508 4318; x_wconf 88' lang='lat' dir='ltr'><strong>alia</strong></span> <span class='ocrx_word' id='word_1_463' title='bbox 532 4265 563 4318; x_wconf 92' lang='grc' dir='ltr'><strong>ει</strong></span> <span class='ocrx_word' id='word_1_464' title='bbox 586 4257 692 4336; x_wconf 86' lang='lat' dir='ltr'><strong>major,</strong></span> <span class='ocrx_word' id='word_1_465' title='bbox 717 4264 786 4318; x_wconf 92' lang='lat' dir='ltr'><strong>tunc</strong></span> <span class='ocrx_word' id='word_1_466' title='bbox 810 4251 960 4318; x_wconf 75' lang='lat' dir='ltr'><strong>illa&#39;sane</strong></span> <span class='ocrx_word' id='word_1_467' title='bbox 985 4255 1068 4316; x_wconf 88' lang='lat' dir='ltr'><strong>lieret</strong></span> <span class='ocrx_word' id='word_1_468' title='bbox 1096 4252 1198 4333; x_wconf 87' lang='lat' dir='ltr'><strong>gravis</strong></span> <span class='ocrx_word' id='word_1_469' title='bbox 1227 4260 1367 4331; x_wconf 87' lang='lat' dir='ltr'><strong>respectu</strong></span> <span class='ocrx_word' id='word_1_470' title='bbox 1395 4251 1525 4331; x_wconf 87' lang='lat' dir='ltr'><strong>majoris,</strong></span> 
     </span>
     <span class='ocr_line' id='line_1_46' title="bbox 168 4340 1525 4424; baseline -0.004 -18"><span class='ocrx_word' id='word_1_471' title='bbox 168 4344 377 4408; x_wconf 80' lang='lat' dir='ltr'><strong>attraheretur</strong></span> <span class='ocrx_word' id='word_1_472' title='bbox 401 4363 429 4404; x_wconf 91' lang='lat' dir='ltr'><strong>a.</strong></span> <span class='ocrx_word' id='word_1_473' title='bbox 454 4344 494 4406; x_wconf 87' lang='lat' dir='ltr'><strong>ab</strong></span> <span class='ocrx_word' id='word_1_474' title='bbox 517 4343 579 4420; x_wconf 88' lang='lat' dir='ltr'><strong>illa,</strong></span> <span class='ocrx_word' id='word_1_475' title='bbox 604 4345 694 4424; x_wconf 88' lang='lat' dir='ltr'><strong>plane</strong></span> <span class='ocrx_word' id='word_1_476' title='bbox 718 4345 761 4406; x_wconf 92' lang='lat' dir='ltr'><strong>uti</strong></span> <span class='ocrx_word' id='word_1_477' title='bbox 785 4345 859 4412; x_wconf 82' lang='lat' dir='ltr'><strong>haec</strong></span> <span class='ocrx_word' id='word_1_478' title='bbox 883 4343 985 4406; x_wconf 81' lang='lat' dir='ltr'><strong>&#39;Tellus</strong></span> <span class='ocrx_word' id='word_1_479' title='bbox 1010 4341 1125 4421; x_wconf 88' lang='lat' dir='ltr'><strong>lapides</strong></span> <span class='ocrx_word' id='word_1_480' title='bbox 1149 4340 1286 4402; x_wconf 82' lang='lat' dir='ltr'><strong>attrabit.</strong></span> <span class='ocrx_word' id='word_1_481' title='bbox 1324 4341 1429 4420; x_wconf 87' lang='lat' dir='ltr'><strong>Itaque</strong></span> <span class='ocrx_word' id='word_1_482' title='bbox 1453 4359 1525 4420; x_wconf 88' lang='lat' dir='ltr'><strong>gra-</strong></span> 
     </span>
     <span class='ocr_line' id='line_1_47' title="bbox 171 4427 1525 4513; baseline -0.002 -21"><span class='ocrx_word' id='word_1_483' title='bbox 171 4436 249 4498; x_wconf 81' lang='lat' dir='ltr'><strong>uitas</strong></span> <span class='ocrx_word' id='word_1_484' title='bbox 273 4452 337 4496; x_wconf 87' lang='lat' dir='ltr'><strong>non</strong></span> <span class='ocrx_word' id='word_1_485' title='bbox 360 4441 411 4494; x_wconf 88' lang='lat' dir='ltr'><strong>est</strong></span> <span class='ocrx_word' id='word_1_486' title='bbox 428 4433 519 4506; x_wconf 88' lang='lat' dir='ltr'><strong>actio,</strong></span> <span class='ocrx_word' id='word_1_487' title='bbox 542 4432 597 4496; x_wconf 90' lang='lat' dir='ltr'><strong>sed</strong></span> <span class='ocrx_word' id='word_1_488' title='bbox 625 4433 726 4513; x_wconf 90' lang='lat' dir='ltr'><strong>passio</strong></span> <span class='ocrx_word' id='word_1_489' title='bbox 748 4433 857 4512; x_wconf 91' lang='lat' dir='ltr'><strong>lapidis</strong></span> <span class='ocrx_word' id='word_1_490' title='bbox 881 4433 930 4513; x_wconf 96' lang='lat' dir='ltr'><strong>qui</strong></span> <span class='ocrx_word' id='word_1_491' title='bbox 953 4431 1090 4504; x_wconf 86' lang='lat' dir='ltr'><strong>trahitur,</strong></span> <span class='ocrx_word' id='word_1_492' title='bbox 1114 4429 1290 4512; x_wconf 89' lang='lat' dir='ltr'><strong>principium</strong></span> <span class='ocrx_word' id='word_1_493' title='bbox 1314 4427 1435 4510; x_wconf 87' lang='lat' dir='ltr'><strong>inquam</strong></span> <span class='ocrx_word' id='word_1_494' title='bbox 1449 4428 1525 4510; x_wconf 88' lang='lat' dir='ltr'><strong>ejus.</strong></span> 
     </span>
    </p>

    <p class='ocr_par' dir='ltr' id='par_1_6' title="bbox 157 4517 1528 4869">
     <span class='ocr_line' id='line_1_48' title="bbox 248 4517 1525 4602; baseline -0.004 -16"><span class='ocrx_word' id='word_1_495' title='bbox 248 4521 293 4588; x_wconf 86' lang='lat' dir='ltr'><strong>Et</strong></span> <span class='ocrx_word' id='word_1_496' title='bbox 317 4539 387 4584; x_wconf 88' lang='lat' dir='ltr'><strong>cnm</strong></span> <span class='ocrx_word' id='word_1_497' title='bbox 404 4521 507 4594; x_wconf 91' lang='lat' dir='ltr'><strong>Terra,</strong></span> <span class='ocrx_word' id='word_1_498' title='bbox 533 4531 566 4584; x_wconf 92' lang='lat' dir='ltr'><strong>nt</strong></span> <span class='ocrx_word' id='word_1_499' title='bbox 589 4541 722 4602; x_wconf 85' lang='lat' dir='ltr'><strong>magnes,</strong></span> <span class='ocrx_word' id='word_1_500' title='bbox 747 4523 884 4584; x_wconf 87' lang='lat' dir='ltr'><strong>attrahet</strong></span> <span class='ocrx_word' id='word_1_501' title='bbox 903 4521 1009 4602; x_wconf 89' lang='lat' dir='ltr'><strong>gravia</strong></span> <span class='ocrx_word' id='word_1_502' title='bbox 1029 4539 1084 4600; x_wconf 88' lang='lat' dir='ltr'><strong>per</strong></span> <span class='ocrx_word' id='word_1_503' title='bbox 1112 4519 1253 4580; x_wconf 86' lang='lat' dir='ltr'><strong>effluxum</strong></span> <span class='ocrx_word' id='word_1_504' title='bbox 1277 4517 1525 4592; x_wconf 84' lang='lat' dir='ltr'><strong>immateriatum,</strong></span> 
     </span>
     <span class='ocr_line' id='line_1_49' title="bbox 162 4607 1526 4693; baseline -0.006 -18"><span class='ocrx_word' id='word_1_505' title='bbox 162 4615 253 4678; x_wconf 87' lang='lat' dir='ltr'><strong>Terra</strong></span> <span class='ocrx_word' id='word_1_506' title='bbox 278 4631 337 4693; x_wconf 88' lang='lat' dir='ltr'><strong>per</strong></span> <span class='ocrx_word' id='word_1_507' title='bbox 361 4629 451 4672; x_wconf 86' lang='lat' dir='ltr'><strong>suam</strong></span> <span class='ocrx_word' id='word_1_508' title='bbox 475 4610 605 4672; x_wconf 89' lang='lat' dir='ltr'><strong>animam</strong></span> <span class='ocrx_word' id='word_1_509' title='bbox 633 4612 784 4674; x_wconf 87' lang='lat' dir='ltr'><strong>translata</strong></span> <span class='ocrx_word' id='word_1_510' title='bbox 811 4610 993 4672; x_wconf 88' lang='lat' dir='ltr'><strong>transfertur</strong></span> <span class='ocrx_word' id='word_1_511' title='bbox 1016 4607 1107 4670; x_wconf 88' lang='lat' dir='ltr'><strong>etiam</strong></span> <span class='ocrx_word' id='word_1_512' title='bbox 1131 4607 1276 4668; x_wconf 85' lang='lat' dir='ltr'><strong>effluxus:</strong></span> <span class='ocrx_word' id='word_1_513' title='bbox 1303 4607 1432 4668; x_wconf 83' lang='lat' dir='ltr'><strong>elfluxus</strong></span> <span class='ocrx_word' id='word_1_514' title='bbox 1452 4625 1526 4675; x_wconf 86' lang='lat' dir='ltr'><strong>¹uero</strong></span> 
     </span>
     <span class='ocr_line' id='line_1_50' title="bbox 159 4694 1527 4780; baseline -0.007 -14"><span class='ocrx_word' id='word_1_515' title='bbox 159 4703 326 4769; x_wconf 89' lang='lat' dir='ltr'><strong>tractorias</strong></span> <span class='ocrx_word' id='word_1_516' title='bbox 361 4697 615 4761; x_wconf 81' lang='lat' dir='ltr'><strong>inaestimabilem</strong></span> <span class='ocrx_word' id='word_1_517' title='bbox 649 4699 740 4761; x_wconf 90' lang='lat' dir='ltr'><strong>babet</strong></span> <span class='ocrx_word' id='word_1_518' title='bbox 772 4700 993 4780; x_wconf 88' lang='lat' dir='ltr'><strong>proportionem</strong></span> <span class='ocrx_word' id='word_1_519' title='bbox 1018 4698 1056 4758; x_wconf 91' lang='lat' dir='ltr'><strong>ad</strong></span> <span class='ocrx_word' id='word_1_520' title='bbox 1081 4694 1309 4774; x_wconf 89' lang='lat' dir='ltr'><strong>dispositionem</strong></span> <span class='ocrx_word' id='word_1_521' title='bbox 1334 4695 1426 4769; x_wconf 88' lang='lat' dir='ltr'><strong>illam,</strong></span> <span class='ocrx_word' id='word_1_522' title='bbox 1450 4714 1527 4775; x_wconf 89' lang='lat' dir='ltr'><strong>quae</strong></span> 
     </span>
     <span class='ocr_line' id='line_1_51' title="bbox 157 4782 1528 4869; baseline -0.009 -13"><span class='ocrx_word' id='word_1_523' title='bbox 157 4803 203 4856; x_wconf 89' lang='lat' dir='ltr'><strong>est</strong></span> <span class='ocrx_word' id='word_1_524' title='bbox 226 4793 258 4856; x_wconf 91' lang='lat' dir='ltr'><strong>in</strong></span> <span class='ocrx_word' id='word_1_525' title='bbox 284 4787 399 4869; x_wconf 86' lang='lat' dir='ltr'><strong>lapide</strong></span> <span class='ocrx_word' id='word_1_526' title='bbox 423 4787 462 4848; x_wconf 90' lang='lat' dir='ltr'><strong>ad</strong></span> <span class='ocrx_word' id='word_1_527' title='bbox 497 4788 647 4867; x_wconf 89' lang='lat' dir='ltr'><strong>quietern,</strong></span> <span class='ocrx_word' id='word_1_528' title='bbox 681 4787 751 4868; x_wconf 90' lang='lat' dir='ltr'><strong>quia</strong></span> <span class='ocrx_word' id='word_1_529' title='bbox 783 4807 889 4868; x_wconf 88' lang='lat' dir='ltr'><strong>corpus</strong></span> <span class='ocrx_word' id='word_1_530' title='bbox 913 4787 1024 4848; x_wconf 88' lang='lat' dir='ltr'><strong>Terrae</strong></span> <span class='ocrx_word' id='word_1_531' title='bbox 1057 4782 1319 4847; x_wconf 87' lang='lat' dir='ltr'><strong>inaestimabiliter</strong></span> <span class='ocrx_word' id='word_1_532' title='bbox 1351 4792 1400 4846; x_wconf 91' lang='lat' dir='ltr'><strong>est</strong></span> <span class='ocrx_word' id='word_1_533' title='bbox 1431 4785 1528 4865; x_wconf 87' lang='lat' dir='ltr'><strong>majus</strong></span> 
     </span>
    </p>
   </div>
   <div class='ocr_carea' id='block_1_5' title="bbox 0 0 1844 5538">
    <p class='ocr_par' dir='ltr' id='par_1_7' title="bbox 0 0 1844 5538">
     <span class='ocr_line' id='line_1_52' title="bbox 0 0 1844 5538; baseline 0 0"><span class='ocrx_word' id='word_1_534' title='bbox 0 0 1844 5538; x_wconf 95' lang='lat' dir='ltr'><strong> </strong></span> 
     </span>
    </p>
   </div>
  </div>
 </body>
</html>
