3648 5530
619 317 622 322 '
653 309 685 364 ds
701 309 769 362 tom
791 307 943 362 Satellitibus
962 307 1007 362 dte.
1095 259 1103 264 Ἀ
1441 301 1509 374 463

245 483 488 548 Altiseimum
521 485 712 564 planetam
745 487 987 567 tergeminum
1017 485 1227 548 observavi.
1273 483 1420 548 Nimirum
1443 480 1505 545 Sa-

157 581 278 638 turnum
301 593 418 638 enmma
442 575 729 640 cumadmiratione
754 575 935 657 deprehendi
968 596 1025 638 non
1054 594 1143 638 unam
1167 574 1260 636 solam
1285 593 1352 636 esee
1375 571 1504 644 stellam,

155 663 210 724 esd
233 671 299 748 tres
320 663 400 724 inter
424 681 457 723 se
480 664 652 742 proximas,
678 666 754 728 adeo
777 673 812 726 ut
834 683 903 726 esse
927 673 1029 726 mutuo
1053 663 1139 743 qnasi
1162 662 1346 740 contingant.
1392 662 1505 722 Immo-

155 751 231 812 biles
264 759 336 813 sunt
367 751 446 813 inter
478 771 511 813 se
544 771 667 832 prorsus
700 761 732 816 et
764 752 950 834 compositae
973 753 1003 814 in
1028 753 1106 814 hunc
1128 752 1246 812 modurn
1275 763 1342 826 000:
1394 748 1507 811 Eamm

155 839 254 902 media
277 839 369 901 multo
396 847 443 901 est
467 840 564 918 major
587 843 739 904 extremis.
760 864 765 874 ¹
785 841 871 904 Sitne
904 849 975 902 sunt
1008 842 1044 902 ad
1080 841 1225 904 orientem
1249 859 1317 914 una,
1348 838 1445 900 altera
1469 837 1508 898 ad

156 928 354 1002 occidentem,
379 927 408 990 in
433 947 492 989 una
514 937 599 990 reeta
622 931 702 992 linea
725 931 764 992 ad
786 931 898 1009 pilum3
923 948 980 991 non
1004 936 1106 992 tamen
1130 939 1238 990 exacte
1261 928 1423 990 seeundum
1439 926 1507 987 lon·-

155 1017 321 1095 gitudinem
353 1017 485 1081 zodiaci:
532 1017 747 1080 occidentalior
785 1019 862 1079 enim
898 1019 1030 1097 assurgit
1068 1016 1201 1078 nonnihil
1236 1034 1341 1079 versus
1377 1015 1508 1086 boream,

155 1107 233 1168 torte
253 1112 324 1165 erint
343 1104 555 1184 aequinoctiali
577 1108 752 1185 parallelae.
791 1107 826 1168 Si
850 1106 1005 1185 aspexeris
1028 1107 1097 1167 illas
1120 1124 1174 1184 per
1195 1106 1325 1178 oculare,
1348 1103 1425 1183 quod
1450 1121 1509 1163 non

156 1194 313 1274 plurimum
339 1193 531 1274 multiplicat,
562 1213 618 1256 non
643 1196 831 1275 apparebunt
853 1195 929 1257 bcue
953 1194 1031 1256 iuter
1054 1213 1087 1255 se
1111 1193 1273 1256 distinctae
1296 1193 1420 1266 stellae;
1453 1191 1508 1252 sed

155 1282 305 1344 videbitur
327 1277 418 1344 stella
442 1281 564 1344 Saturni
599 1284 801 1362 longiuscula,
844 1285 957 1346 t'ormae
982 1283 1098 1356 olivae,
1129 1281 1192 1343 sic:
1221 1295 1271 1352 0.
1317 1279 1413 1342 Atei
1437 1299 1508 1342 usus

156 1371 251 1432 tueris
275 1370 397 1443 oculari,
432 1371 510 1450 quod
534 1373 601 1451 plus
632 1391 720 1452 quam
743 1373 853 1434 millies
876 1370 1285 1451 multiplicatnuperliciem
1319 1368 1509 1449 apparebunt

155 1467 220 1520 tres
244 1458 325 1536 globi
350 1458 580 1522 distinctissime
604 1462 707 1542 etqui
731 1479 799 1523 sese
824 1461 909 1542 quasi
923 1458 1213 1540 tangentiuvicem3
1238 1477 1292 1520 nen
1306 1458 1373 1538 plus
1389 1456 1508 1518 diremti

156 1565 231 1610 ase
256 1555 358 1609 mutuo
382 1549 599 1624 censebuntur,
635 1569 721 1629 quarn
746 1549 913 1612 tenuissimi
946 1555 977 1611 et
1004 1547 1056 1610 vix
1088 1545 1240 1628 conspicui
1263 1546 1303 1607 tili
1337 1545 1507 1608 latitudine.

155 1637 258 1716 Atque
281 1655 316 1696 en
339 1635 490 1698 inventurn
508 1637 582 1698 Jovi
593 1639 778 1712 satellitium,
802 1637 934 1702 seniculo
955 1655 1026 1698 varo
1044 1636 1196 1718 decrepito
1221 1636 1295 1698 duos
1319 1651 1433 1708 servos,
1459 1629 1509 1712 qni

156 1725 308 1788 incessum
339 1724 421 1785 illiue
454 1725 609 1803 adjurent,
644 1745 794 1808 nunquam
826 1747 845 1788 a
876 1726 1023 1788 lateribus
1055 1725 1135 1786 illins
1168 1723 1370 1786 discedentes.
1418 1720 1510 1785 Circa

156 1813 286 1892 reliquos
310 1813 451 1892 planetas
473 1813 542 1876 novi
566 1815 638 1878 nihil
661 1815 824 1896 comperi.“
871 1819 990 1887 (ῖιιιιι
1018 1819 1059 1872 tt.
1077 1819 1141 1872 Nor.
1163 1817 1252 1882 reto.)

246 1901 330 1964 llaec
346 1899 514 1966 Galilaeae.
559 1903 604 1964 At
626 1923 683 1983 ego
706 1905 733 1968 si
755 1905 883 1967 habeam
905 1902 1071 1972 arbitrium,
1096 1919 1155 1964 uon
1178 1919 1217 1962 ex
1231 1899 1364 1964 Saturno
1389 1897 1506 1960 silicer-

157 1989 246 2063 nium,
273 2009 310 2050 ex
333 1989 424 2050 sociis
439 1991 569 2070 globulis
584 1994 719 2055 servulos
735 1993 777 2056 illi
798 1994 906 2068 lacero,
931 1993 985 2054 sed
1009 1991 1108 2070 potius
1132 1988 1289 2052 extribus
1313 1987 1373 2050 illis
1392 1986 1509 2065 junctis

155 2077 351 2158 tricorporem
376 2076 563 2160 Geryonem,
588 2099 626 2142 ex
650 2080 790 2143 Galilaao
813 2081 992 2154 Herculem,
1026 2097 1063 2141 ex
1086 2077 1257 2158 perspieillo
1281 2078 1420 2150 clavam,
1450 2091 1510 2154 qua

158 2167 317 2229 Galilaeae
341 2177 475 2230 armatus
499 2167 582 2230 illum
606 2169 786 2233 altissimum
818 2171 1004 2250 planetamrn
1038 2175 1070 2230 et
1099 2167 1174 2229 vicit
1196 2173 1228 2228 et
1251 2162 1509 2244 expeditissimis

157 2263 284 2316 naturae
307 2256 409 2338 adytis
433 2265 600 2320 extractum
625 2259 711 2338 inque
735 2259 846 2320 Terrae
879 2259 1047 2320 detractum
1080 2264 1216 2318 nostrum
1252 2253 1382 2316 omnium
1415 2251 1510 2312 oeulis

160 2341 308 2423 exposuit.
356 2345 456 2407 Lubet
489 2346 626 2448 equidem
655 2347 725 2410 nido
749 2349 870 2409 detecto
893 2345 1124 2449 contemplando
1157 2361 1321 2424 quaerere,
1351 2339 1486 2421 quales
1480 2359 1509 2400 m

155 2431 209 2494 illo
235 2432 387 2506 aviculae,
421 2435 520 2513 qualis
543 2420 625 2510 vita,
659 2437 684 2498 si
709 2455 767 2515 qua
791 2437 873 2511 vita,
907 2435 986 2497 inter
1018 2434 1103 2496 binos
1137 2440 1168 2494 et
1199 2431 1286 2494 binos
1309 2431 1415 2510 globos
1439 2445 1507 2491 sess

153 2529 283 2582 mutnoo
276 2539 367 2600 opens
404 2522 631 2601 contingentee;
678 2525 726 2586 ubi
764 2543 842 2586 ιιιι
894 2525 989 2599 „Tres
1022 2521 1098 2584 coeli
1137 2520 1269 2599 spatium
1305 2525 1413 2600 pateat
1448 2532 1507 2578 ιιι

153 2609 281 2689 amplius
318 2609 445 2685 ulnas,“
480 2613 533 2672 sed
571 2612 622 2674 vix
659 2614 752 2674 lotum
780 2631 909 2692 unguem
946 2613 974 2672 in
1012 2610 1154 2673 circulum
1191 2609 1321 2688 undique
1358 2605 1507 2667 dehiscat.

153 2699 203 2760 An
236 2715 308 2758 vere
341 2700 487 2779 astrologi
511 2700 642 2762 Saturno
674 2702 800 2762 tutelam
832 2699 1065 2763 metallariomm
1096 2696 1315 2769 transeribunt,
1341 2693 1404 2773 qui,
1443 2693 1507 2754 tal·

154 2805 257 2867 parum
281 2786 377 2848 instar·
400 2788 455 2849 sub
479 2790 568 2851 terrie
593 2790 701 2867 degere
726 2790 849 2866 assueti,
875 2790 999 2851 liberum
1022 2805 1091 2849 raro
1107 2785 1362 2848 lrauriuntabrem
1377 2781 1432 2844 sub
1448 2782 1507 2842 dio.

156 2875 224 2938 litei
248 2876 338 2954 paulo
363 2876 584 2938 tolerabiliores
607 2878 657 2940 hie
679 2879 842 2954 tenebrae,
875 2879 945 2959 quia
968 2875 1042 2952 Sol,
1075 2875 1124 2957 qui
1155 2881 1259 2936 tantus
1289 2871 1349 2934 illis
1380 2877 1509 2952 apparet

156 2972 273 3043 quanta
287 2963 400 3026 nobis'
393 2985 421 3025 m
442 2967 537 3027 Terra
550 2967 665 3042 Venus,
691 2967 791 3029 radios
810 2985 865 3047 per
887 2966 1061 3028 discrimina
1079 2963 1234 3044 globorum
1251 2967 1397 3042 perpetuo
1421 2958 1512 3060 traji-

155 3053 206 3126 cit,
232 3054 308 3113 adeo
332 3061 366 3113 ut
389 3054 437 3133 qui
461 3054 490 3114 in
514 3054 634 3134 globum
659 3055 957 3130 altemminsistnnt‚
982 3047 1409 3132 areliqnovelutalaqueari
1424 3045 1508 3121 tacti,

154 3141 211 3202 illi
221 3140 260 3202 ab
283 3139 372 3220 hujus
387 3141 432 3202 eui
451 3143 524 3204 tecti
540 3143 709 3206 eminentiis
732 3143 761 3206 in
787 3144 883 3206 lucem
907 3143 989 3205 Solis
1012 3139 1206 3220 exporrectis,
1231 3139 1324 3200 veluti
1348 3135 1510 3218 aquibus-

154 3231 223 3290 darn
247 3229 406 3291 titionibus
437 3232 566 3312 desuper
593 3233 807 3295 illuminentur.
854 3231 916 3295 Sed
949 3230 1127 3294 adducenda
1159 3229 1248 3290 irena
1280 3225 1375 3290 menti
1407 3222 1511 3288 liberis

153 3318 287 3380 aetheris
310 3317 425 3399 campie
448 3319 584 3400 potitae;
608 3322 633 3382 si
659 3321 728 3402 qnid
753 3322 884 3384 fortasse
906 3320 1092 3401 posteriores
1116 3315 1345 3379 observationes
1360 3313 1511 3377 diversum

154 3407 192 3469 ab
215 3407 269 3469 illa
291 3407 391 3486 priore
414 3409 588 3470 narratione
612 3419 643 3472 et
666 3409 855 3472 immutatum
878 3418 1013 3487 tempore
1036 3407 1222 3469 renuntient.

245 3495 417 3557 Videbatur
440 3495 498 3559 sibi
522 3495 714 3560 Galilaeae
706 3518 735 3559 m
759 3499 816 3561 line
841 3499 990 3578 epistolae
1013 3495 1132 3557 linem
1124 3493 1303 3575 imposuisse
1326 3489 1510 3553 narrationi·

156 3583 211 3644 bus
241 3581 277 3644 de
307 3583 443 3664 planetis
472 3586 616 3666 novisque
646 3587 727 3650 circa
751 3605 803 3649 eos
827 3585 1098 3648 observationibus.
1145 3584 1191 3646 At
1213 3599 1332 3661 semper
1350 3577 1510 3660 perspicax

156 3671 804 3756 oculusillelaetitiue,perspieillumdlco‚
829 3671 1172 3755 brevipluradetexit·
1197 3669 1364 3750 dequibus
1389 3669 1511 3746 legeet

155 3770 328 3840 sequentem
353 3760 485 3824 Galilaei
509 3765 688 3844 epistolamr
717 3771 903 3824 Πιιιιιιιιι.
925 3770 967 3821 tl.
987 3770 1132 3824 Decembris
1152 3765 1229 3818 tulo.

247 3849 419 3931 „Exspecto
442 3871 509 3914 euru
533 3853 682 3916 desiderio
706 3854 882 3934 responsum
906 3853 945 3914 ad
968 3860 1138 3934 postremas
1161 3849 1255 3922 duas;
1279 3851 1314 3908 ut
1334 3843 1509 3914 reeeieeam,

155 3937 224 4018 quid
249 3937 398 4021 Ksplerus
422 3940 459 4003 ds
483 3940 645 4004 Saturniae
668 3944 778 4005 stellae
801 3942 945 4005 miraculo
969 3941 1062 4004 dicat.

242 4027 366 4090 Interim
398 4029 484 4092 mitto
516 4030 561 4093 illi
588 4031 726 4112 griphum
759 4049 855 4094 novae
886 4030 1043 4110 cujusdam
1067 4025 1253 4103 eximiaeque
1275 4016 1507 4121 observationis,

154 4133 230 4196 quae
256 4117 329 4180 tacit
352 4117 391 4178 ad
415 4117 598 4181 decisionem
629 4137 803 4199 magnarum
833 4120 862 4181 in
894 4115 1079 4180 astronomia
1111 4111 1385 4174 controversiarum
1416 4115 1449 4169 et
1479 4107 1510 4168 iu

154 4203 255 4282 specie
279 4204 444 4268 continet
436 4226 465 4268 ιι
490 4209 700 4288 sepulchrum
724 4216 932 4289 argumentum
956 4225 1010 4288 pro
1034 4200 1248 4268 constitutione
1271 4197 1372 4262 mundi
1390 4191 1518 4278 Pytha-

154 4293 258 4368 gorica
285 4302 317 4355 et
341 4291 559 4376 Oopemicana.
606 4297 752 4400 Tempore
777 4317 831 4358 suo
855 4295 990 4376 aperiam
1014 4291 1195 4356 solutionem
1225 4287 1323 4369 griphi
1346 4293 1380 4348 et
1401 4286 1509 4365 singu-

155 4381 232 4442 laria
254 4383 399 4444 nonnulla
430 4383 500 4446 alia
547 4385 645 4464 Spero
668 4385 821 4448 inventam
853 4405 873 4446 a
904 4403 951 4445 me
982 4381 1154 4445 methodum
1186 4376 1345 4440 deliniendi
1369 4375 1511 4456 periodos

155 4479 284 4548 quatuor
305 4470 523 4542 Medieeorum,
559 4491 634 4553 quas
659 4473 807 4554 Keplsrus
839 4491 898 4536 nou
931 4473 996 4534 sine
1029 4487 1145 4533 summa
1176 4466 1293 4528 ratione
1322 4463 1511 4566 existimavit

155 4557 392 4638 inexplicabiles,
417 4567 476 4622 ete.

244 4647 368 4710 Literae
396 4648 602 4729 transpositae
631 4655 702 4710 suut
733 4648 833 4712 ἰιιιιι
875 4649 968 4713 Haec
990 4649 1163 4712 remeare
1184 4663 1207 4705 ιι
1227 4663 1277 4706 nra
1295 4659 1364 4724 pom
1378 4639 1511 4723 frustra

55 4746 59 4752 ’
156 4731 438 4818 spoewe

244 4824 400 4887 Hactenus
420 4823 589 4890 Galilaeae.
638 4822 752 4896 Quodsi
783 4832 814 4886 te
848 4825 945 4886 lector
972 4824 1047 4884 haee
1070 4819 1202 4900 epistola
1224 4817 1375 4883 desiderio
1399 4816 1509 4897 imple-
