3718 5528
278 287 344 356 286
770 286 945 337 ⁴tatrorrcnrlae
962 283 1025 336 Para
1042 285 1141 351 opaca.

280 465 391 528 montis
413 463 568 535 umbram
592 462 755 524 subtendet
777 461 870 540 igitur
890 461 998 524 umbra
1019 461 1130 524 montis
1153 461 1205 522 vin
1227 457 1282 523 4¹¹.
1328 459 1430 530 Quare
1456 459 1496 522 15
1520 459 1634 522 millia-

279 555 355 616 rium
389 552 517 614 altitudo
551 552 667 612 demum
694 548 723 611 1‘
756 549 880 613 umbrae
913 551 1016 624 addit,
1053 568 1174 629 quorum
1208 550 1247 612 ad
1276 545 1318 612 90
1352 557 1423 611 suut
1450 550 1479 611 in
1513 548 1636 611 umbrae

280 643 463 704 dimetiente.
502 637 604 709 Quare
627 639 653 698 si
677 638 748 718 quid
771 639 935 719 irregulare
954 638 984 700 in
1007 637 1188 718 partialibus
1207 639 1313 701 Lunae
1337 638 1504 700 defectibus
1527 655 1635 700 occur-

280 733 330 808 rit,
353 733 384 792 id
408 730 445 790 ab
468 729 534 807 ipso
557 727 661 789 Lunae
680 745 804 806 corpore
830 745 954 790 necesse
978 735 1026 788 est
1049 727 1193 806 originem
1216 727 1348 789 trahere.

368 821 457 882 Anno
484 811 578 879 1599.
602 823 690 877 nocte
714 817 793 877 iuter
816 813 846 879 9.
872 825 903 878 et
929 815 977 880 10.
994 815 1149 878 Februarii
1173 817 1252 898 stylo
1266 834 1354 889 novo,
1379 835 1446 878 curn
1464 823 1549 878 esset
1563 835 1635 877 coe-

281 914 339 974 lum
361 906 598 988 pulcherrimum,
624 903 784 984 deliquium
797 905 903 966 Lunae
927 925 991 966 sum
1015 905 1244 984 contemplatus.
1273 905 1315 966 Et
1337 904 1472 985 quamvis
1496 905 1636 966 carebam

279 995 504 1061 instrumentis:
538 1011 596 1055 nou
626 1001 726 1055 tamen
754 995 803 1056 vel
827 1014 864 1054 ea
887 1013 963 1074 quae
986 995 1074 1056 nudis
1103 995 1198 1055 oculis
1227 1003 1388 1055 cernuntur
1410 1001 1555 1055 annotare
1579 1011 1636 1054 ne-

279 1089 369 1169 glexi.
394 1087 484 1146 Mane
506 1090 579 1162 post
602 1083 705 1142 horam
728 1083 850 1144 tertiam
873 1083 955 1145 urbis
979 1082 1022 1144 sic
1041 1083 1128 1144 Luna
1151 1102 1183 1145 se
1207 1083 1291 1144 cordi
1312 1083 1423 1144 Leonis
1447 1082 1634 1157 obvertebat,

280 1187 313 1238 ut
334 1177 364 1237 in
389 1177 468 1237 latus
492 1170 580 1231 faciei
604 1171 733 1232 medium
757 1171 1011 1250 perpendicularis
1035 1191 1073 1232 ex
1095 1172 1184 1234 corde
1209 1191 1317 1233 casura
1339 1171 1572 1234 existimaretur.

367 1265 444 1325 Erat
466 1262 494 1322 iu
519 1260 601 1320 illam
624 1260 745 1338 plagam
774 1260 918 1321 inclinata
950 1261 1043 1323 facies
1071 1261 1177 1322 Lunae
1213 1260 1276 1322 fere
1303 1267 1337 1322 ut
1365 1261 1492 1322 hominis
1520 1259 1636 1339 effigies

281 1355 363 1434 cujus
394 1354 502 1414 dextra
530 1348 611 1409 auris
640 1348 726 1409 latet.
773 1349 809 1408 Id
842 1350 921 1410 refer
951 1350 990 1410 ad
1022 1369 1072 1423 ea,
1103 1368 1179 1428 quae
1207 1368 1299 1429 supra
1330 1349 1404 1412 Nro.
1429 1348 1461 1412 2.
1493 1349 1530 1410 de
1559 1349 1637 1409 facie

278 1445 383 1506 Lunae
416 1441 487 1502 dixi.
534 1438 613 1499 Nam
648 1438 705 1499 hoc
737 1437 767 1497 iu
801 1438 879 1499 omni
902 1437 1063 1518 plenilunio
1092 1439 1141 1511 iit,
1173 1445 1257 1500 certo
1286 1447 1476 1517 argumento,
1509 1438 1637 1498 eandem

280 1534 383 1595 Lunae
409 1529 515 1590 faciem
539 1545 657 1606 semper
680 1528 720 1586 ad
743 1526 868 1588 Terram
890 1527 1052 1606 respicere.
1100 1527 1271 1590 Videbatur
1294 1535 1396 1591 autem
1423 1525 1553 1588 hiulcum
1577 1527 1637 1586 ali-

280 1621 350 1702 quid
379 1638 471 1699 supra
503 1616 619 1678 oculum
652 1615 803 1689 dextrum,
834 1615 884 1696 qui
911 1616 998 1677 nobis
1029 1615 1190 1694 eregioue
1222 1623 1344 1679 nostrae
1376 1615 1518 1677 sinistrae
1551 1622 1637 1688 erat;

281 1710 366 1790 quasi
390 1717 524 1770 extremo
549 1704 659 1766 circulo
684 1703 795 1782 aliquid
819 1705 857 1764 ad
882 1704 1096 1766 rotunditatem
1120 1706 1250 1766 deesset.

370 1797 447 1860 Cum
470 1807 613 1856 sonarent
637 1801 699 1852 tres
724 1792 906 1870 quadrantes
930 1794 960 1855 in
979 1801 1132 1872 quartam,
1163 1794 1299 1855 defectus
1323 1791 1554 1855 existimabatur
1576 1793 1637 1853 iui-

280 1889 372 1951 tium:
397 1882 592 1948 dubitabatur
614 1889 726 1952 tamen,
751 1881 904 1944 diminutio
928 1882 1030 1944 circuli
1051 1890 1133 1944 esset
1157 1901 1195 1943 an
1212 1883 1287 1943 rima
1308 1884 1435 1961 primurn
1449 1882 1638 1952 obumbrata,

281 1979 360 2040 sicut
382 1975 483 2036 solent
504 1971 601 2032 valles
624 1969 752 2050 primurn
774 1971 898 2032 umbrae
921 1971 1050 2032 involvi:
1075 1970 1164 2050 idque
1186 1971 1243 2032 fuit
1265 1972 1355 2050 paulo
1380 1972 1458 2033 infra
1481 1978 1634 2050 punctum,

282 2066 360 2148 quod
384 2063 487 2125 stabat
510 2080 526 2121 e
549 2058 671 2137 regione
696 2058 804 2120 cordis.

370 2154 453 2213 Hora
475 2145 506 2210 4.
531 2153 658 2208 sonante
684 2147 748 2224 jam
772 2146 851 2208 boua
873 2165 944 2225 pars
968 2146 1136 2208 deficiebat.
1174 2147 1217 2208 Et
1239 2167 1276 2209 na
1300 2147 1421 2209 nimium
1445 2165 1492 2210 me
1516 2148 1639 2209 falleret

281 2241 478 2318 horologium,
511 2255 588 2316 quae
611 2235 711 2296 solent
733 2253 825 2314 saepe
849 2235 913 2296 sine
937 2253 1010 2296 cura
1032 2234 1206 2314 gubernari,
1241 2237 1445 2315 conjecturam
1469 2236 1640 2298 altitudinis

280 2330 367 2392 Jovis
391 2326 508 2390 institui
532 2343 569 2386 ex
598 2324 823 2403 comparatione
850 2343 935 2385 meae
963 2345 982 2384 a
1014 2325 1148 2385 fenestra
1176 2325 1340 2387 distantiae
1371 2326 1410 2386 ad
1437 2325 1640 2387 elevationem

282 2419 365 2482 limbi
388 2419 539 2479 fenestrae
563 2431 653 2492 super
680 2431 776 2474 meum
807 2413 933 2474 oculum.
980 2412 1088 2492 Itaque
1120 2415 1284 2492 putabatur
1312 2414 1442 2477 altitudo
1464 2413 1554 2476 Jovis
1577 2413 1638 2474 cir-

283 2511 358 2571 citer
382 2501 429 2569 6⁰.
475 2505 507 2566 Is
532 2503 698 2584 quadrante
721 2507 792 2581 post
815 2509 952 2581 quartam
982 2502 1046 2579 jam
1074 2509 1147 2580 post
1178 2511 1308 2565 montem
1342 2502 1474 2572 abierat,
1509 2503 1639 2564 nondum

284 2607 384 2658 tamen
408 2592 603 2656 horizontalis
627 2609 694 2652 esse
718 2591 827 2670 potuit.
875 2590 957 2650 Tunc
981 2591 1110 2651 nondum
1134 2591 1284 2652 dimidium
1308 2593 1338 2652 in
1362 2592 1468 2653 umbra
1491 2603 1568 2652 erut.

370 2686 455 2746 Haec
480 2680 596 2752 addidi,
619 2699 655 2740 ne
679 2679 727 2740 vel
753 2678 1032 2741 observatiunoulae
1057 2680 1201 2759 temporis
1225 2680 1453 2742 circumstantia
1475 2680 1641 2743 carendum

283 2783 375 2850 esset,
401 2773 449 2834 vel
474 2769 665 2851 expressione
688 2768 832 2846 temporis
857 2768 952 2828 lector
975 2768 1110 2829 curiosus
1133 2787 1233 2830 errore
1253 2768 1409 2848 horologii,
1433 2769 1458 2828 si
1482 2768 1548 2849 quis
1572 2768 1640 2841 fuit,

284 2864 480 2946 conjiceretur
511 2862 541 2921 in
575 2856 779 2920 difficultates.
827 2853 913 2926 Quae
937 2857 1000 2917 alia
1027 2858 1063 2917 de
1091 2856 1149 2918 hac
1179 2857 1284 2936 eclipsi
1308 2859 1472 2931 annotavi,
1503 2857 1641 2918 dicentur

283 2956 362 3018 infra
385 2971 451 3033 cap.
480 2949 548 3011 VIi.
574 2967 602 3010 n.
628 2943 658 3006 3.

372 3045 462 3103 Anno
490 3034 583 3102 1598.
609 3033 658 3095 die
684 3030 733 3094 11.
757 3029 809 3094 21.
834 3031 989 3094 Februarii
1013 3051 1100 3094 mane
1123 3053 1190 3095 cum
1213 3033 1301 3096 Luna
1331 3035 1421 3113 paulo
1451 3041 1522 3096 aute
1551 3033 1640 3113 quiu-

285 3139 349 3193 tam
372 3127 466 3192 urbici
490 3123 636 3204 horologii
661 3121 783 3182 dimidia
806 3119 952 3180 diametro
977 3120 1117 3183 deficiens
1147 3129 1248 3182 erecta
1276 3123 1416 3185 stetisset
1442 3123 1481 3184 ad
1508 3139 1641 3202 perpen-

284 3219 429 3292 diculum,
455 3224 487 3276 et
509 3235 547 3276 er
570 3232 605 3275 eo
629 3216 779 3270 momento
802 3208 949 3286 paulatim
972 3209 1093 3288 pronior
1119 3211 1385 3290 septentrionalem
1417 3212 1540 3273 umbrae
1564 3210 1642 3271 Ter-

284 3327 376 3370 renae
398 3311 515 3385 partem
539 3305 729 3382 peragraret,
755 3297 881 3375 denique
904 3298 994 3375 paulo
1019 3305 1089 3359 aute
1113 3306 1232 3360 sentam
1256 3300 1353 3361 adhuc
1377 3301 1551 3362 decrescere
1573 3298 1643 3360 visa

285 3397 340 3458 sub
364 3395 458 3456 nubes
483 3410 516 3452 ee
540 3389 720 3451 subduceret
741 3383 917 3446 tenuissimo
941 3404 1008 3446 curn
1031 3385 1161 3448 lumine:
1195 3387 1263 3448 visa
1286 3396 1336 3450 est
1357 3396 1422 3450 toto
1447 3407 1482 3450 eo
1505 3395 1641 3467 tempore

285 3483 430 3560 (maximo
453 3499 524 3541 vero
549 3474 776 3556 superveniente
810 3492 919 3534 aurora
942 3480 974 3535 et
997 3473 1090 3536 diluto
1125 3475 1232 3536 lumine
1255 3477 1351 3555 partis
1374 3477 1539 3551 residuae),
1573 3474 1641 3555 qui-

283 3575 410 3636 busdam
448 3569 531 3631 striis
563 3565 670 3628 lucidis
700 3563 729 3623 in
760 3561 895 3624 umbram
918 3581 985 3624 sese
1016 3564 1252 3640 insinuantibus,
1287 3565 1371 3645 quasi
1405 3565 1558 3646 discerpta
1589 3571 1644 3625 aut

285 3664 422 3732 laniata,
457 3659 564 3740 quique
598 3671 685 3716 arcus
719 3669 787 3713 esse
820 3651 925 3713 debuit
955 3651 1127 3714 umbrosam
1151 3673 1170 3714 a
1194 3655 1293 3715 lucida
1323 3661 1411 3734 parte
1441 3653 1641 3732 distinguens,

287 3751 400 3814 asseris
424 3747 571 3810 confracti
595 3742 717 3807 limbum
748 3741 989 3820 repraesentavit
1015 3741 1232 3821 inaequalitate
1263 3761 1328 3804 sua.
1376 3741 1475 3805 Credo
1506 3742 1643 3822 equidem

286 3839 439 3922 adjuvisse
464 3834 679 3916 crepusculum.
726 3829 804 3890 Nam
828 3829 867 3890 ab
901 3831 1003 3891 eadem
1037 3830 1266 3908 septentrionali
1294 3831 1416 3893 umbrae
1445 3837 1533 3913 parte
1555 3831 1644 3891 Luna

285 3931 395 3992 affecta
418 3946 495 3988 auno
522 3921 617 3987 1601.
643 3917 810 3992 Decembri,
837 3925 868 3980 et
890 3918 946 3980 hoc
974 3914 1067 3982 1603.
1098 3919 1180 3980 Maio
1203 3922 1267 3982 tale
1290 3921 1362 4000 quid
1384 3939 1441 3983 uon
1467 3929 1515 3982 cst
1535 3937 1639 3998 passa,

285 4019 364 4101 quod
386 4017 415 4078 iu
439 4013 618 4095 profundam
641 4013 762 4069 noctem
786 4006 917 4086 deliquia
940 4006 1122 4069 devenerint.

374 4105 464 4166 Adde
487 4104 543 4177 his,
570 4101 649 4181 quod
674 4097 759 4157 Luna
782 4095 837 4156 sub
861 4096 959 4174 ipsum
982 4097 1073 4157 etiarn
1096 4096 1299 4175 plenilunium,
1326 4097 1353 4158 si
1375 4096 1537 4176 diligenter
1559 4095 1642 4157 illam

285 4194 439 4268 intuearis,
465 4214 483 4254 a
506 4190 692 4253 rotunditate
717 4183 901 4245 sensibiliter
925 4185 1050 4246 deficere
1074 4186 1201 4248 videtur.

374 4284 458 4344 Haec
483 4279 584 4340 omnia
607 4275 680 4338 mihi
703 4271 850 4352 praebent
880 4279 1088 4350 argumentum
1117 4274 1180 4353 ejus
1205 4275 1283 4353 quod
1306 4273 1387 4336 dixi:
1417 4280 1498 4335 recte
1523 4273 1641 4334 Lunam

286 4371 486 4434 aPlutarcho
510 4369 573 4429 tale
597 4379 705 4442 corpus
728 4359 796 4434 dici,
822 4359 909 4438 quale
933 4361 1028 4421 Terra
1059 4369 1123 4436 est,
1152 4363 1310 4442 inaequale
1338 4369 1579 4441 montosurnque,
1612 4369 1645 4421 et

285 4461 417 4540 majores
442 4459 560 4540 quidem
584 4461 700 4516 montes
723 4448 753 4509 in
776 4448 969 4526 proportione
990 4449 1029 4509 ad
1051 4467 1136 4512 snum
1160 4450 1289 4530 globum,
1314 4469 1403 4531 quarn
1426 4458 1496 4512 sunt
1519 4450 1644 4510 Terreni

285 4550 316 4610 in
340 4569 396 4611 sua
418 4546 621 4627 proportione.
669 4541 717 4602 Ac
740 4543 774 4598 ut
796 4553 861 4597 cum
885 4536 1048 4598 Plutarcho
1073 4539 1163 4600 etiam
1182 4538 1334 4619 jocemur:
1369 4539 1439 4618 quia
1466 4555 1559 4617 panes
1587 4554 1644 4600 noe

286 4657 341 4699 usu
365 4637 458 4711 veuit,
482 4642 516 4696 ut
537 4633 676 4696 homines
701 4633 732 4690 et
755 4624 898 4686 animalia
921 4633 1085 4704 sequantur
1102 4627 1253 4706 ingenium
1267 4627 1380 4688 'ferrae
1404 4643 1457 4687 seu
1471 4624 1644 4705 provinciae

286 4745 376 4800 auae,
402 4730 490 4785 erunt
511 4722 603 4802 igitur
625 4721 654 4783 iu
670 4720 758 4782 Luna
790 4721 945 4776 creaturae
971 4715 1109 4777 viventes
1132 4717 1227 4777 multo
1250 4715 1358 4794 majori
1386 4732 1543 4794 corporum
1565 4713 1644 4774 mole

285 4818 648 4893 temperamentorumque
678 4801 786 4870 duritie
816 4819 907 4882 quam
938 4809 1063 4866 nostra:
1097 4821 1171 4866 sane
1203 4802 1273 4884 quia
1304 4811 1336 4864 et
1368 4802 1447 4866 diem
1477 4801 1646 4883 quindecim
