3674 5538
740 279 821 348 caput
839 281 884 334 111.
906 279 930 332 l.
1451 275 1512 352 165

160 457 255 519 Multa
274 457 358 520 enirn
381 456 553 539 hujusmodi
577 466 648 520 sunt
671 458 759 520 aliter
781 459 811 520 in
835 459 978 538 imagine,
1009 471 1098 540 qnam
1121 459 1149 522 in
1174 479 1215 522 re.
1262 462 1380 525 Deinde
1403 473 1511 543 postn-

162 548 251 608 latnm
273 547 352 626 qnod
378 539 419 608 ex
443 549 539 610 fronte
563 547 630 609 libri
654 547 766 627 repetit
789 548 926 628 equidem
950 567 1008 610 non
1033 548 1185 628 intelligo,
1214 549 1272 612 nisi
1296 560 1439 630 quantum
1465 552 1513 613 hic

164 633 233 696 lucis
254 635 434 698 Albazsnus
459 636 560 698 Arabs
589 636 723 716 praefert
746 635 797 697 lib.
823 634 853 708 5,
876 637 914 699 N.
939 634 969 706 9,
998 634 1047 700 10.
1072 637 1150 698 unde
1174 636 1301 702 Vitellio
1325 660 1381 702 sua
1409 649 1513 704 trans-

163 723 238 784 tulit.
254 720 295 795 ¹⁷)

244 811 424 874 Alhaaenue
448 811 535 874 initio
558 813 674 891 prolixe
698 813 736 874 ab
760 812 946 891 experientia
966 813 1084 892 probat,
1110 813 1208 874 locum
1232 813 1371 894 imaginis
1395 834 1514 896 semper

162 917 227 962 esse
251 900 281 961 in
305 901 547 980 perpendiculari
571 921 607 962 ex
627 919 659 962 re
683 918 774 980 supra
797 901 982 981 superficiem
1006 901 1130 981 speculi.
1167 902 1285 964 Deinde
1307 903 1346 965 N.
1372 899 1392 966 9
1416 913 1448 966 et
1473 904 1514 968 10

163 989 265 1050 nititur
295 989 386 1065 hujus
410 990 454 1050 rei
476 1009 585 1052 causas
616 989 752 1052 reddere.
800 987 940 1052 Ceterum
974 1006 1029 1067 ego
1057 1009 1094 1052 na
1127 989 1174 1051 hio
1205 991 1322 1072 quidem
1356 993 1512 1073 quicquam

161 1077 267 1138 melius
300 1077 456 1154 intelligo,
491 1079 549 1139 nisi
574 1078 650 1139 hanc
673 1078 810 1138 nltimam
839 1077 1028 1140 seutentiam.
1076 1089 1185 1152 Rerum,
1208 1077 1312 1158 inquit,
1344 1092 1511 1146 naturalium
1606 1111 1616 1134 κ

162 1173 251 1220 status
266 1166 379 1236 respicit
394 1168 464 1221 situs
479 1184 589 1224 suorum
604 1167 807 1238 principiorum,
829 1173 859 1220 et
873 1166 1008 1238 principia
1022 1185 1112 1222 rernm
1133 1169 1300 1224 naturalium
1316 1176 1381 1223 sunt
1394 1171 1511 1225 occulte.

162 1242 277 1312 Quibus
305 1245 406 1306 verbis
435 1246 492 1307 dno
521 1246 613 1307 dicit:
646 1247 773 1327 primum
797 1245 907 1324 repetit
930 1245 961 1307 id
987 1245 1097 1326 ipsum,
1133 1248 1209 1325 qnod
1239 1256 1306 1309 erat
1327 1249 1512 1327 propositum

161 1332 247 1404 (nihil
272 1334 352 1394 enim
383 1334 465 1395 alind
498 1329 642 1410 sonant),
675 1333 781 1394 deinde
817 1352 940 1394 cansam
972 1333 1183 1414 subjuncturus
1222 1336 1297 1396 dicit
1323 1337 1406 1398 illam
1445 1356 1513 1400 essa

166 1421 323 1484 occultam.
369 1423 415 1484 At
438 1422 494 1484 hoc
519 1441 577 1484 non
601 1431 649 1484 cst
672 1422 888 1484 demonstrare.
1510 1447 1516 1462 ·

252 1511 384 1572 Videtur
407 1519 508 1572 tamen
529 1511 587 1573 huc
602 1511 745 1583 alludere,
761 1511 838 1572 hano
860 1509 1001 1589 imaginis
1020 1509 1049 1571 in
1073 1511 1311 1589 perpendiculari
1334 1512 1513 1575 locationem

158 1597 222 1676 jam
245 1598 317 1660 olim
342 1619 361 1658 a
383 1592 450 1660 De'o
474 1599 627 1661 conditore
650 1601 694 1661 sic
723 1618 790 1660 esse
823 1599 1032 1672 constitutam,
1067 1599 1146 1678 qnod
1174 1600 1218 1661 sic
1246 1607 1330 1662 esset
1358 1600 1512 1680 optimum,

165 1704 219 1747 nec
244 1685 363 1766 dignior
395 1687 519 1767 imagini
543 1689 626 1750 locus
659 1687 784 1749 attribui
815 1687 927 1767 possit,
960 1687 1038 1766 qnod
1061 1687 1171 1768 probat
1194 1709 1212 1749 a
1235 1689 1311 1751 situs
1340 1687 1512 1753 idemtitate

163 1781 216 1835 ant
247 1775 403 1836 contraria
434 1776 611 1838 variatione.
667 1775 793 1838 Vitellio
826 1777 923 1854 ipsum
957 1783 1078 1837 secutus
1113 1775 1203 1838 etiam
1236 1778 1274 1839 de
1306 1777 1406 1839 anima
1437 1797 1513 1858 quaa

166 1863 273 1925 risioni
298 1864 469 1942 praesidet,
499 1865 684 1944 suspiciones
709 1865 851 1944 concipit,
885 1864 972 1943 qnasi
994 1863 1070 1924 haec
1094 1873 1178 1927 certo
1206 1866 1336 1946 quodam
1359 1885 1413 1930 sno
1437 1886 1512 1930 con-

164 1951 231 2012 eilio
256 1953 443 2030 speculariae
467 1953 602 2016 rationes
626 1954 793 2016 constituat
817 1953 866 2014 lib.
892 1951 922 2026 5,
947 1972 977 2031 p.
1007 1949 1053 2015 lt.
1075 1948 1114 2026 ¹⁸)

253 2041 350 2120 Atqui
369 2041 427 2102 bae
442 2042 618 2104 affectiones
631 2061 734 2102 omnes
752 2041 849 2102 visum
865 2060 902 2101 ex
917 2040 1067 2102 materiali
1083 2041 1266 2103 necessitate
1281 2051 1511 2122 consequuntur,

163 2126 214 2188 ubi
238 2128 322 2192 nulla
344 2129 411 2190 finis
435 2139 488 2192 aut
509 2129 740 2209 pulchritudinis
764 2129 964 2190 consideratio
988 2130 1086 2191 locum
1109 2127 1230 2190 lrabet.'

247 2216 412 2278 Praeterea
438 2217 613 2280 Alhazenns
640 2218 670 2278 in
703 2218 793 2297 plano
826 2219 948 2297 speculo
976 2216 1015 2278 ad
1048 2219 1208 2280 veritatem
1240 2218 1363 2297 propius
1396 2220 1514 2300 quidem

157 2303 275 2378 alludit,
297 2304 342 2366 sio
357 2312 467 2379 tamen,
487 2307 640 2368 utstatim
654 2305 802 2367 instantia
817 2305 918 2386 aliqua
932 2305 1027 2384 ipsum
1046 2307 1175 2380 refellat,
1197 2306 1276 2380 dnm,
1293 2307 1398 2386 inquit,
1413 2307 1513 2388 imago

157 2393 292 2454 cernitur
311 2393 340 2454 in
364 2394 585 2472 perpendiculo,
607 2394 722 2472 justam
738 2401 769 2456 et
787 2395 832 2455 rei
855 2395 949 2473 ipsius
963 2393 1057 2455 babet
1079 2394 1326 2472 magnitudinem.
1364 2397 1515 2460 Atinate

157 2498 233 2559 ego:
259 2499 319 2542 non
343 2501 411 2542 esse
435 2501 569 2552 necesse,
593 2491 627 2544 nt
646 2483 761 2561 justam
786 2483 922 2544 obtineat
944 2482 1188 2562 magnitudinem,
1212 2490 1317 2561 patere
1341 2503 1378 2544 ex
1402 2485 1512 2560 curvis,

157 2568 207 2630 ubi
230 2587 354 2648 semper
377 2579 510 2632 mutatur
533 2570 695 2650 quantitas.
743 2570 865 2642 Quaero
889 2589 970 2650 ergo,
995 2571 1065 2650 quid
1089 2589 1198 2632 causae
1219 2571 1260 2631 ait
1283 2591 1336 2633 our
1358 2572 1458 2651 potius
1481 2574 1513 2635 in

157 2657 250 2734 plano
276 2676 349 2718 vera
372 2658 528 2737 quantitas
551 2659 707 2734 habeatnr,
733 2677 821 2738 quam
844 2659 875 2721 in
898 2677 998 2720 curvo.

243 2745 308 2807 Sed
333 2747 406 2808 illud
429 2748 550 2826 insuper
572 2747 766 2810 vehementer
780 2747 880 2826 arguit
899 2747 1023 2826 opticos,
1050 2746 1128 2826 quod
1142 2763 1202 2807 non
1224 2746 1351 2808 candem
1374 2755 1514 2811 statuunt

160 2851 285 2896 cansam
310 2835 399 2912 hujus
423 2837 475 2910 rei,
501 2855 566 2898 cum
590 2837 619 2896 in
643 2836 868 2916 repercussione
892 2843 955 2896 tum
978 2835 1007 2897 in
1032 2833 1223 2897 refractione.

244 2921 374 2984 Vitellio
398 2924 449 2986 lib.
478 2921 527 2986 10.
550 2943 597 3003 pr.
625 2921 662 2986 13
688 2925 957 2997 demonstraturus,
982 2922 1141 3002 imaginem
1162 2923 1374 2984 arelractione
1399 2924 1511 2986 factam

154 3010 297 3074 similiter
328 3013 358 3073 in
391 3013 630 3091 perpendiculari
662 3013 846 3086 consistere,
881 3031 957 3092 qnae
989 3033 1008 3073 a
1035 3029 1067 3073 re
1095 3009 1125 3072 in
1159 3011 1345 3091 superficiem
1377 3011 1512 3090 corporis

157 3099 308 3162 densioris
333 3099 460 3174 ducitur,
485 3101 740 3164 verballlbazeni
763 3101 892 3163 fideliter
914 3101 1017 3174 refert,
1043 3099 1142 3169 credo,
1167 3100 1318 3178 quianon
1342 3099 1513 3164 consultum

154 3207 217 3248 csse
245 3189 382 3266 putavit,
418 3189 582 3251 buculcus
612 3197 737 3268 tangere
769 3199 820 3252 aut
848 3207 907 3250 non
934 3189 1024 3269 plane
1056 3188 1213 3250 intellecta
1242 3195 1356 3250 temere
1384 3195 1510 3252 mutare.
1627 3189 1632 3202 '

155 3277 420 3356 Argumentantur
450 3297 487 3339 ex
519 3276 736 3356 compositione
769 3287 869 3341 motus
902 3277 1032 3357 obliqui,
1067 3277 1145 3356 quod
1175 3279 1201 3339 is
1233 3268 1275 3340 ’sit
1303 3297 1341 3338 ex
1372 3285 1456 3339 recto
1480 3287 1512 3340 et

153 3365 303 3443 parallelo
332 3366 370 3426 ad
399 3367 584 3445 superficiem
617 3366 775 3427 densioris.
823 3365 1046 3428 Connexionem
1078 3365 1238 3428 difficulter
1268 3366 1387 3442 videas,
1421 3385 1511 3446 quam

156 3454 210 3516 etsi
233 3453 388 3516 admittas
412 3472 469 3514 non
493 3463 595 3516 tamen
618 3455 753 3535 prodibit
783 3455 934 3516 conclusio
959 3455 1175 3516 mathematica
1197 3457 1276 3535 ejus,
1311 3455 1388 3534 quod
1413 3475 1509 3536 pone-

156 3542 262 3604 batur:
306 3560 402 3622 ueqne
427 3544 545 3612 statim,
580 3543 604 3604 si
634 3551 768 3614 constet,
802 3543 936 3604 alludere
966 3543 1127 3621 imaginem
1156 3544 1195 3604 ad
1222 3543 1509 3624 perpendicularem,

157 3630 274 3707 patebit
302 3628 370 3691 ideo
394 3641 426 3690 et
449 3631 477 3691 in
502 3633 569 3709 ipsa
591 3632 831 3710 perpendiculari
854 3630 1029 3694 consistere.

241 3719 377 3779 Vitellio
405 3718 558 3798 subjungit
585 3720 734 3782 Alhazeni
767 3719 934 3782 sententiae
958 3721 989 3782 id
1018 3719 1097 3798 quod
1129 3719 1323 3798 impertinens
1347 3725 1378 3778 et
1401 3716 1510 3779 falsum

157 3806 234 3868 cirea
256 3807 521 3884 repercussionem
547 3825 637 3886 snpra
660 3807 688 3868 in
708 3807 833 3868 Euclide
858 3815 1079 3870 notaveramns.
1121 3817 1166 3880 Si,
1189 3807 1293 3885 inquit,
1322 3823 1454 3887 punctum
1484 3815 1511 3868 in

154 3897 298 3966 superficie
320 3896 466 3965 diapbani,
488 3896 531 3951 oui
553 3897 648 3951 incidit
672 3897 907 3967 perpendicularis
929 3916 966 3952 sx
986 3915 1016 3952 re
1037 3898 1110 3959 visa,
1137 3895 1283 3966 contingat
1308 3895 1439 3950 abscondi
1459 3911 1512 3965 per

155 3984 392 4054 interpositionem
415 3987 495 4053 opaci
515 3985 603 4039 visum
624 3985 698 4038 inter
719 3993 750 4039 et
770 3986 847 4048 illud,
872 4003 916 4040 res
938 3987 989 4040 illa
1008 4003 1063 4040 non
1082 3984 1227 4038 videbitur.
1252 3974 1373 4036 Falsum
1388 3973 1511 4052 inquam
1580 3999 1582 4013 ’

156 4071 208 4124 est
252 4064 337 4126 Nam
369 4063 527 4124 dnmmodo
560 4063 686 4124 liberum
718 4063 759 4125 sit
790 4073 952 4143 punctum,
989 4085 1008 4124 a
1036 4083 1093 4144 qno
1126 4062 1228 4124 radius
1252 4081 1290 4122 ex
1318 4081 1349 4123 re
1383 4060 1449 4122 visa
1471 4063 1510 4122 ad

155 4151 267 4212 oculum
294 4151 494 4230 refringatur,
519 4151 638 4212 omnino
662 4152 761 4230 imago
785 4152 828 4213 rei
852 4153 880 4213 in
905 4152 1051 4231 profundo
1085 4149 1231 4212 radiantis
1264 4149 1422 4211 videbitur.
1468 4149 1512 4211 Et

156 4237 269 4316 quidem
294 4239 395 4318 prima
424 4247 514 4318 atque
544 4238 712 4301 evidentior
744 4247 881 4302 occurret
913 4241 1012 4319 imago
1040 4237 1142 4318 opaci,
1178 4238 1254 4318 quod
1285 4239 1351 4317 jam
1383 4236 1511 4299 dicimus

154 4335 235 4404 parte
260 4328 310 4388 sni
334 4327 366 4388 in
396 4347 503 4407 aquam
537 4327 670 4405 demergi
695 4335 727 4389 et
754 4327 917 4408 interponi,
952 4347 990 4390 ex
1018 4345 1196 4406 repercussu
1223 4326 1388 4389 constituta
1418 4325 1510 4404 (quae

155 4432 199 4474 res
223 4415 359 4476 fortasse
384 4415 581 4479 Vitellionem
614 4416 753 4492 fefellit),
789 4417 888 4478 altera
910 4435 981 4478 vero
1006 4425 1037 4478 et
1069 4415 1165 4478 minus
1198 4415 1320 4476 evidens
1344 4414 1444 4500 imago
1468 4414 1510 4475 rei

156 4500 183 4562 in
204 4503 356 4582 profundo
381 4504 543 4578 radiantis,
577 4521 632 4581 per
655 4497 1075 4575 refractionemconstituta,
1110 4504 1215 4565 eodem
1237 4502 1304 4563 loco
1328 4521 1393 4564 cum
1417 4501 1510 4581 priori

157 4590 239 4668 opaci
263 4591 398 4670 imagine
423 4591 550 4652 confusa
573 4601 626 4652 aut
648 4594 738 4671 paulo
764 4599 848 4654 trans
873 4593 954 4654 illam
978 4591 1145 4672 apparebit.

238 4686 287 4748 Ex
322 4688 471 4752 hocloco
502 4690 594 4750 etiam
627 4691 700 4752 illud
734 4689 912 4764 refutatur,'
928 4689 1007 4768 qnod
1040 4687 1128 4748 modo
1162 4686 1290 4748 diximus
1323 4686 1511 4748 Albazenum

155 4774 231 4838 eirca
253 4776 343 4854 plani
366 4777 481 4856 speculi
505 4777 778 4840 considerationem
801 4796 983 4857 usurpasse:
1008 4793 1046 4836 ex
1068 4774 1208 4854 imaginis
1232 4774 1402 4855 quantitate
1426 4775 1509 4855 sequi
