3674 5538
306 255 369 326 153
516 227 522 238 ’
771 249 961 324 eranam
978 258 1004 310 ru
1023 255 1189 310 ommonem.

302 438 346 500 ita
367 454 435 498 cum
468 433 644 498 distantiam
676 435 719 497 rei
752 435 960 510 aestimamus,
994 434 1175 515 triangulum
1207 433 1242 496 lit
1273 433 1418 496 isosceles
1448 433 1651 514 utplurimum,

301 525 385 604 cnjus
409 542 534 586 acumen
558 542 611 585 sen
634 532 740 584 vertex
773 524 839 586 vice
869 544 959 586 versa
982 523 1010 584 in
1040 523 1139 604 sliqno
1162 522 1206 585 rei
1237 523 1321 584 visae
1352 529 1483 601 puncto,
1515 523 1600 586 basis
1622 521 1653 584 in

301 613 453 676 ocnlomm
477 611 633 674 distantia.
681 612 839 691 Propertio
863 614 941 676 enim
969 613 1081 674 attinet
1102 629 1207 673 omnes
1233 610 1400 690 superficiei
1426 611 1512 674 umas
1535 611 1654 674 dimen-

302 704 413 774 siones,
439 699 586 762 distantia
608 718 680 762 vero
704 701 913 765 consideratur
936 700 966 762 in
990 701 1071 764 linea
1097 708 1216 762 tanturn
1243 707 1343 774 recta,
1367 700 1444 762 unde
1468 699 1529 764 illic
1557 701 1655 764 solida

302 788 434 873 pyramis
457 787 506 850 hio
528 788 651 867 planum
673 789 857 868 triangulum
879 789 1050 870 requiritur.

391 888 481 942 Nota
495 893 530 941 et
543 887 702 944 Censura.
721 889 876 959 sequentes
891 889 1094 960 propositiones
1108 889 1208 942 9-14
1221 895 1287 942 sunt
1300 887 1417 945 ausast
1430 888 1492 942 loco
1505 894 1654 958 possetque

301 966 429 1038 capitalis
450 965 648 1022 demonstratio
673 969 726 1022 rel·
739 969 798 1024 sine
819 969 853 1024 iis
878 970 1039 1024 consistere.
1080 970 1212 1022 Testatur
1236 963 1344 1040 quidem
1369 967 1558 1038 exponentia,
1586 968 1654 1022 ina·

300 1047 393 1118 &nem
414 1063 475 1100 esse
497 1047 525 1099 in
545 1048 766 1117 perpendiculari
788 1049 872 1104 etiam
894 1067 954 1103 cnm
975 1067 1029 1104 uno
1043 1050 1123 1102 oculo
1143 1047 1253 1112 utimur,
1275 1056 1307 1102 ut
1320 1048 1361 1102 sio
1379 1064 1492 1102 necesse
1511 1047 1549 1101 sit
1569 1047 1656 1105 elius

300 1145 354 1181 nno
375 1127 454 1180 oculo
476 1126 622 1180 distantias
643 1135 807 1197 punctorum
828 1129 1029 1199 comprehendi.
1063 1133 1103 1182 At
1123 1144 1188 1182 vero
1210 1126 1263 1182 etsi
1285 1129 1336 1181 hoc
1357 1145 1411 1182 non
1432 1127 1498 1181 insit
1518 1124 1655 1200 singulari

302 1207 382 1260 oculo
403 1207 439 1260 ob
460 1222 558 1260 causas
589 1213 749 1278 sequentes,
781 1208 872 1265 inesse
892 1215 986 1262 tamen
1016 1214 1230 1262 consentaneum
1250 1215 1294 1261 est
1314 1209 1359 1260 vel
1380 1207 1418 1260 ob
1436 1207 1524 1262 solum
1553 1214 1655 1262 motnrn

301 1285 409 1356 capitis,
432 1302 485 1356 quo
506 1291 581 1339 motu
603 1303 673 1340 unns
695 1287 791 1342 oculus
811 1289 870 1341 vice
891 1290 1005 1342 duorum
1025 1295 1070 1341 est
1090 1289 1174 1358 longe
1195 1287 1366 1341 distantium.

390 1372 562 1452 Propositio
582 1373 638 1436 IX.
677 1375 710 1436 ld
734 1393 805 1436 vero
830 1376 1013 1454 triangulum
1037 1373 1199 1438 distantiae
1223 1373 1403 1436 mensorium
1427 1371 1518 1434 etiam
1543 1369 1572 1432 in
1597 1391 1654 1432 uno

301 1460 387 1522 oculo
409 1468 513 1539 potest
535 1461 728 1538 considerari,
755 1472 787 1525 ut
809 1471 916 1526 vertex
940 1465 982 1526 sit
1004 1465 1033 1526 in
1061 1471 1171 1544 puncto
1195 1461 1238 1523 rei
1262 1463 1362 1536 visae,
1386 1459 1469 1522 basis
1492 1459 1522 1521 in
1546 1459 1654 1521 latitu-

302 1548 370 1610 dine
393 1549 524 1628 pupillae
549 1556 580 1611 et
603 1551 750 1614 diametro
773 1553 906 1633 pupillae
930 1573 976 1626 ea,
1001 1570 1077 1632 qnae
1101 1551 1243 1614 coincidit
1265 1569 1330 1612 cnm
1355 1549 1435 1611 linea
1456 1557 1654 1610 connectente

301 1644 414 1718 puncta
437 1638 590 1718 utriusque
614 1639 764 1720 pupillae;
788 1651 822 1703 nt
844 1641 890 1703 ita
911 1641 1014 1703 oculus
1037 1659 1112 1703 nnus
1137 1663 1155 1702 a
1177 1639 1257 1701 binis
1280 1639 1374 1701 oculis
1397 1637 1454 1700 hoo
1478 1635 1655 1701 instituendi

302 1725 446 1805 trianguli
479 1727 631 1806 negotium
665 1729 889 1792 assuefactione
922 1729 1079 1792 didicerit:
1112 1729 1170 1790 hac
1194 1737 1294 1790 tamen
1326 1726 1538 1808 proportione,
1572 1734 1606 1786 ot
1629 1725 1655 1786 si

300 1822 425 1894 propter
458 1813 635 1878 distantiam
668 1819 818 1881 oculorum
847 1820 930 1881 visus
961 1817 1113 1881 discernet
1145 1836 1245 1880 eornm
1279 1815 1472 1890 distantiam,
1508 1834 1584 1896 quae
1616 1811 1655 1875 ad

302 1909 424 1964 centnm
447 1921 557 1982 passos
580 1915 789 1982 removentur,
814 1926 867 1987 per
886 1907 1076 1970 latitudinem
1098 1907 1229 1987 pupillae
1253 1906 1292 1967 ad
1315 1903 1418 1966 decem
1439 1921 1584 1984 passuum
1603 1909 1656 1963 ant

302 1991 433 2053 minores
457 1989 621 2054 distantias
644 1993 769 2073 aspiret.
816 1995 962 2067 Quamvis
986 2004 1018 2057 et
1040 1995 1118 2057 aliae
1141 1995 1276 2056 rationes
1300 2001 1387 2065 sunt,
1415 2012 1467 2054 cor
1494 1988 1654 2072 singularis

304 2079 407 2142 oculus
432 2079 595 2142 distantias
618 2082 760 2144 metiatur
782 2102 837 2162 per
861 2085 945 2146 illam
967 2083 1137 2146 latitudinis
1160 2084 1338 2145 diametrum
1356 2081 1465 2160 potins,
1490 2099 1578 2162 qnam
1601 2097 1655 2158 per

303 2167 394 2228 aliam
420 2167 599 2230 altitudinis.
646 2170 714 2232 Etsi
738 2171 817 2234 euim
841 2174 944 2235 oculus
968 2173 1048 2234 intra
1077 2172 1266 2252 undiquaque
1300 2170 1453 2232 circularis
1478 2178 1543 2243 est,
1569 2175 1657 2228 extra

302 2264 404 2316 tamen
427 2255 536 2317 valvae
559 2258 771 2336 palpebrarum
804 2259 983 2323 diducuntur
1005 2261 1035 2322 iu
1059 2259 1169 2322 lineam
1201 2260 1366 2323 distantiae
1394 2257 1547 2338 utriusque
1579 2255 1655 2316 oculi

302 2343 451 2405 horizonti
482 2345 669 2424 parellelem.
715 2349 834 2410 Natura
866 2351 944 2411 enim
974 2369 1040 2411 cum
1073 2351 1170 2429 ipsam
1201 2349 1352 2410 oculorum
1385 2345 1561 2408 distantiam
1593 2354 1656 2406 tum

302 2449 374 2492 varo
398 2433 490 2494 etiam
514 2433 592 2496 hano
618 2436 772 2498 valvamm
798 2439 983 2517 apertionem
1008 2439 1104 2499 volnit
1126 2435 1273 2499 horizonti
1298 2435 1510 2516 aequidistare,
1535 2433 1655 2494 minime

301 2537 375 2582 vero
398 2520 527 2584 altemm
547 2523 662 2585 oculum
686 2525 783 2586 altero
802 2535 856 2588 aut
871 2527 999 2588 alterum
1020 2526 1160 2606 angulum
1182 2525 1393 2605 palpebrarum
1408 2523 1503 2586 altero
1520 2521 1657 2584 altiorem

302 2627 371 2670 esse
396 2609 440 2681 (in
464 2611 646 2674 animalibus
664 2613 789 2693 ‘quidem
818 2612 1031 2694 perfectissimi
1054 2608 1152 2690 risus)
1176 2633 1211 2675 eo
1236 2614 1315 2694 quod
1339 2612 1377 2674 ad
1405 2611 1547 2690 trianguli
1570 2629 1656 2672 men·

302 2695 383 2771 sorii,
410 2698 448 2759 ad
472 2699 610 2776 planitiei
632 2701 765 2777 seilicet,
793 2703 1040 2783 imaginationem
1068 2703 1226 2782 plurimum
1255 2702 1372 2765 confert
1399 2699 1541 2780 planities
1570 2695 1655 2760 hori-

305 2785 403 2847 zontis
436 2787 535 2849 colore
568 2809 622 2850 suo
659 2789 687 2854 in
722 2792 825 2853 oculos
857 2793 1028 2864 incurrens,
1063 2791 1088 2852 si
1121 2792 1220 2853 altera
1242 2791 1284 2853 sit
1312 2789 1351 2852 ad
1383 2789 1512 2850 alteram
1535 2787 1564 2848 in
1589 2785 1657 2847 basi

301 2873 476 2953 parallelos.
523 2877 691 2958 Propterea
714 2879 866 2943 intuentes
890 2899 996 2942 everso
1015 2889 1074 2943 ¹aut
1097 2879 1241 2943 inclinato
1265 2877 1365 2960 capite
1389 2875 1569 2958 perplexiori
1594 2875 1655 2936 uti-

301 2981 367 3024 mnr
391 2963 587 3042 dignoscendi
612 2967 765 3029 facultate.

390 3067 562 3148 Propositio
590 3071 631 3136 X.
678 3074 847 3153 Propterea
879 3073 971 3135 etiam
1004 3073 1033 3134 in
1067 3071 1198 3152 speculis
1231 3071 1373 3134 convexis
1406 3079 1439 3133 et
1469 3070 1497 3130 in
1531 3067 1657 3148 planitie

303 3153 474 3218 densicmm
497 3159 661 3226 mediorum
676 3172 786 3224 natura
800 3162 873 3223 duce
893 3163 1060 3230 studemus,
1084 3169 1118 3222 nt
1135 3158 1213 3222 radii
1231 3179 1268 3222 ex
1293 3169 1417 3238 utroque
1432 3158 1518 3222 oculo
1537 3157 1657 3238 aequali

302 3243 412 3322 angulo
436 3244 572 3307 incidant
595 3247 624 3308 in
649 3248 835 3330 superficiem
860 3250 1018 3322 (seuvice
1043 3268 1144 3323 uersa,
1177 3267 1246 3310 nam
1276 3247 1458 3328 geometrice
1480 3247 1561 3309 idem
1583 3248 1658 3318 est).

303 3331 380 3392 Com
404 3331 483 3395 enim
506 3335 582 3396 hacc
606 3337 736 3399 facultas
765 3338 941 3400 instituendi
975 3337 1118 3418 trianguli
1149 3337 1290 3398 mensorii
1312 3336 1354 3398 sit
1377 3345 1410 3398 et
1431 3335 1509 3398 binis
1528 3333 1659 3413 junctim

303 3419 398 3482 oculis
422 3429 454 3481 et
477 3421 604 3502 singulis
628 3427 755 3488 seorsim
780 3427 962 3501 communis,
995 3445 1160 3489 consensus
1183 3444 1254 3488 vero
1285 3425 1406 3505 quidam
1429 3433 1528 3486 motus
1552 3422 1657 3502 hujus-

308 3507 410 3580 modi,
442 3516 477 3570 ut
500 3529 566 3572 com
600 3517 787 3576 contortione
820 3515 921 3576 axium
954 3515 1107 3595 utriusque
1138 3514 1217 3578 oculi
1249 3513 1336 3576 simul
1370 3513 1462 3576 etiam
1495 3512 1549 3574 liat
1580 3529 1659 3574 noua

303 3594 406 3676 aliqua
430 3597 588 3678 dispositio
612 3602 642 3662 in
666 3603 793 3681 singulis
817 3603 911 3665 oculis
927 3604 983 3674 (sit
999 3604 1063 3683 jam
1088 3603 1172 3665 verbi
1191 3621 1284 3666 cansa
1298 3609 1330 3664 et
1352 3601 1514 3664 confusiom'
1538 3598 1657 3672 notitia,

303 3690 337 3745 ut
358 3703 436 3746 uvea
459 3686 562 3748 tunica
585 3687 615 3750 in
640 3690 766 3770 singolis
798 3691 892 3754 oculis
915 3701 969 3753 aut
1001 3700 1176 3772 corrogatur
1205 3699 1257 3752 ant
1290 3691 1480 3763 diducatur),
1516 3696 1547 3750 nt
1570 3688 1657 3750 oculo

303 3779 431 3852 utroque
455 3773 485 3836 in
520 3771 625 3839 eadem
655 3779 810 3860 superficie
834 3780 881 3842 vel
905 3781 1128 3861 repercusseria
1154 3780 1203 3842 vel
1234 3778 1413 3842 refractoria
1439 3784 1599 3848 versante,
1627 3783 1659 3838 et

303 3859 400 3921 altero
425 3879 526 3924 eorum
556 3865 675 3940 altiori,
710 3887 833 3930 necesse
857 3867 898 3928 sit
929 3868 1169 3948 corrogatiouem
1201 3887 1295 3930 nveae
1327 3865 1395 3930 cuni
1424 3887 1444 3928 a
1470 3865 1657 3928 contortione

303 3947 403 4010 axium
427 3949 583 4034 utriusque
597 3954 676 4016 confi
699 3963 762 4018 tum
777 3956 815 4018 ab
839 3956 964 4018 alterius
987 3977 1082 4018 nveae
1105 3955 1314 4036 corrogatione
1329 3957 1511 4036 discrepare,
1536 3961 1658 4034 propter

303 4036 511 4101 diversitatem
535 4041 737 4117 refractionis,
761 4053 795 4106 ut
818 4044 897 4106 infra
920 4045 1045 4107 dicetur.
1084 4045 1120 4106 Id
1145 4043 1256 4107 verosi
1275 4045 1342 4123 quis
1366 4050 1510 4114 attentet,
1531 4041 1657 4122 primum

302 4123 462 4188 difficulter
485 4127 642 4208 impetrat,
677 4131 839 4195 identidem
863 4132 941 4194 enim
964 4151 1018 4214 pro
1042 4152 1102 4194 una
1125 4134 1200 4195 duas
1230 4131 1327 4200 cernit
1354 4129 1515 4211 imagines,
1549 4129 1656 4192 deiude

301 4211 400 4275 visum
423 4215 618 4279 vehementer
640 4217 735 4282 laedit
758 4227 790 4282 et
813 4219 932 4282 dolores
956 4221 1064 4301 capitis
1089 4220 1212 4284 excitat.

390 4319 563 4400 Propositio
595 4323 651 4384 XI.
712 4323 853 4387 Ceterum
895 4334 1022 4388 externa
1060 4325 1215 4387 valvarum
1254 4322 1418 4404 palpebrae
1457 4321 1656 4386 conformatio

301 4405 419 4486 signnm
443 4410 545 4487 potins
569 4419 617 4472 est
640 4431 728 4492 quarn
752 4431 845 4474 cansa
869 4414 1024 4476 facultatis
1047 4414 1134 4492 hujus
1156 4413 1186 4474 in
1215 4411 1360 4492 singulari
1383 4410 1489 4474 oculo:
1513 4410 1655 4490 cogitan-

302 4493 371 4555 dnm
397 4496 433 4556 de
457 4497 576 4560 interna
600 4507 632 4560 et
654 4501 784 4580 genuina
817 4520 920 4563 cansa.
967 4504 1014 4565 Ac
1037 4521 1126 4564 uuam
1159 4502 1278 4582 quidem
1305 4500 1370 4579 jam
1399 4498 1468 4560 dedi
1492 4517 1569 4578 qnae
1593 4499 1656 4558 fere

301 4581 463 4660 sufficeret,
488 4587 727 4666 cormgationem
751 4609 845 4652 uveee
860 4599 892 4650 et
906 4591 1089 4654 contrariam
1113 4589 1333 4662 dilatationem,
1357 4586 1415 4650 nisi
1438 4586 1546 4650 medici
1570 4587 1654 4646 affir-

302 4677 434 4745 marent,
467 4693 535 4736 esse
559 4675 636 4738 hunc
660 4677 690 4738 in
713 4677 771 4740 hac
800 4679 902 4740 tunica
935 4687 1047 4742 motum
1072 4679 1164 4740 etiam
1186 4679 1224 4740 ob
1253 4677 1370 4756 copiam
1393 4676 1442 4738 vel
1465 4674 1655 4736 debilitatem

300 4755 393 4819 lncis:
419 4759 456 4821 de
480 4781 538 4843 qno
562 4762 630 4825 vide
655 4764 734 4828 infra
757 4785 823 4846 cap.
848 4763 879 4828 5.
