3464 5524
633 289 664 341 aa
680 289 752 342 ram
772 289 874 352 osea.
1389 289 1432 361 29

93 461 139 512 sta
165 460 200 510 ds
213 461 374 514 memmiae
396 469 476 528 potes
495 479 534 516 rue
556 477 650 530 quoque
674 465 818 522 advertisse,
847 479 897 516 uou
919 471 1018 516 tautum
1036 467 1061 516 iu
1077 465 1202 520 Solarihus
1224 467 1363 532 eclipsibus,
1388 472 1433 526 ssd

94 535 140 580 aaa
154 533 248 596 quaudo
269 531 356 586 Luna
377 536 486 586 stellam
506 537 612 601 aliquam
629 537 770 586 occultavit

149 603 281 666 lisplerus.
306 609 442 669 promtior
471 610 496 657 in
523 607 678 657 rescribendo
699 622 773 671 quam
794 606 957 664 Maestlinus,
977 608 1015 658 die
1035 605 1078 658 26.
1095 610 1166 659 Febr.
1187 607 1254 660 teat
1277 610 1340 662 haec
1365 612 1434 664 dedit

94 672 225 739 helsump.
243 676 295 725 rol.
317 677 341 726 i.
366 675 416 726 48.
442 674 513 741 tau

155 781 186 843 iu
214 782 336 844 calculo
371 783 534 864 eclipsium
564 783 648 844 vides
679 783 777 863 ipsum
801 784 1003 866 (Tychonem)
1034 805 1102 847 cum
1130 806 1198 850 mea
1221 787 1432 852 observatione

100 871 202 950 (eclipsis
224 869 349 932 Solaris
376 873 409 934 d.
436 871 469 934 7.
484 873 572 933 Mart.
600 869 700 946 1598)
726 874 787 934 lere
812 873 979 934 convenire.
1027 871 1196 936 Censebam
1226 875 1304 947 eninr
1327 877 1432 940 defec-

101 973 145 1022 un
162 959 247 1022 luisse
271 957 481 1041 belgicorum
505 959 632 1024 circiter.
666 956 940 1040 illelrabet10³l,‚
966 961 1036 1041 quia
1059 953 1321 1042 septentrionalior
1335 967 1432 1028 Ham-

103 1047 310 1130 burga·Gratio.
361 1051 409 1111 At
433 1049 578 1129 aenigma.
595 1048 713 1128 ingens,
736 1068 828 1130 prope
842 1050 910 1129 quid
927 1069 1008 1124 esse,
1034 1058 1065 1112 et
1089 1059 1188 1112 tamen
1213 1055 1309 1115 urinas
1333 1074 1432 1134 appa-

107 1158 165 1211 rere,
185 1157 265 1218 quam
288 1157 359 1200 curn
385 1147 437 1199 ast
461 1138 603 1200 remotius
627 1142 945 1211 (complicitam).
992 1137 1112 1218 Ergone
1137 1140 1267 1203 fallimur
1281 1141 1309 1202 in
1333 1144 1432 1224 pleni-

108 1227 188 1288 luniis?
227 1225 348 1307 Ergone
375 1233 479 1290 aerem
503 1226 595 1288 habet
617 1227 718 1298 Luna,
749 1226 798 1306 qui
822 1225 1050 1308 oppletusluce
1075 1239 1167 1308 auget
1190 1229 1433 1296 aestimationem

110 1315 205 1377 Lunae?
245 1315 293 1376 An
316 1316 367 1376 hic
394 1317 524 1377 fortasse
547 1335 615 1376 mea
637 1315 842 1393 speculatione
875 1333 949 1394 opus
974 1315 1031 1376 crit
1054 1317 1090 1377 de
1120 1336 1244 1380 accessu
1269 1318 1306 1379 ad
1331 1318 1433 1382 Solem

112 1413 135 1464 st
151 1405 274 1466 recessu?
320 1403 416 1466 Certe
440 1404 534 1466 habet
564 1421 665 1465 veram
689 1403 865 1464 distantiam
891 1422 928 1463 ex
955 1403 1106 1482 parallaxi
1130 1425 1195 1466 cunr
1219 1405 1247 1468 iu
1272 1409 1433 1478 novilunio,

113 1493 203 1554 turuiu
223 1493 394 1573 plenilunio.
441 1491 564 1562 Quaeso
595 1491 665 1572 quid
696 1511 802 1552 censes
833 1491 901 1552 hic?
939 1489 1059 1568 Scribe,
1094 1493 1119 1556 si
1150 1485 1241 1556 otium
1265 1506 1327 1571 est3
1360 1498 1433 1559 nihil

112 1584 170 1642 enin
191 1591 233 1642 est
253 1582 348 1655 aliud,
374 1582 415 1642 ad
440 1582 516 1661 quod
540 1580 699 1660 praecipue
724 1581 918 1658 respondeas.

178 1669 246 1731 illud
276 1670 369 1731 etiam
400 1669 557 1731 occasione
589 1669 631 1730 sic
656 1669 772 1730 ferente
796 1686 915 1730 monere
939 1667 1035 1743 volui,
1069 1669 1193 1748 eclipsin
1217 1671 1323 1755 Lunae
1347 1671 1433 1752 hujus

110 1759 200 1819 nensis
220 1755 283 1830 (to.
303 1757 424 1832 Febr),
450 1759 475 1819 si
500 1759 576 1818 sorte
600 1757 683 1817 illam
706 1776 763 1819 nou
788 1757 914 1831 videriS,
938 1775 993 1836 per
1015 1755 1142 1820 3h0rae
1167 1760 1349 1839 quadrantes
1373 1763 1434 1824 cir·

109 1847 169 1907 citer
187 1845 350 1908 viciniorem
376 1845 469 1908 luisse
493 1845 571 1907 ortui
595 1845 691 1918 Solis,
725 1847 804 1926 quod
827 1846 870 1907 sic
894 1843 1067 1921 observavi,
1098 1865 1165 1908 cum
1196 1848 1359 1912 etiamnum
1383 1850 1432 1912 iu-

109 1934 255 1996 strumentis
278 1955 408 1996 caream.
457 1933 582 2008 Curavi,
614 1941 647 1995 ut
678 1935 862 2012 horologium
894 1934 1019 1994 durante
1048 1935 1152 2014 eclipsi
1176 1955 1234 1998 nou
1258 1946 1432 2003 mutaretur.

109 2023 261 2102 Principium
284 2024 406 2104 eclipsis
430 2021 588 2084 observavi
612 2023 651 2084 ad
674 2041 792 2085 cursum
816 2021 975 2102 horologii,
1001 2030 1097 2084 ortum
1122 2021 1203 2086 Solis
1227 2026 1257 2086 in
1274 2025 1434 2089 ,horizonte

108 2129 196 2190 parum
217 2112 370 2172 admodum
396 2119 428 2172 et
452 2111 569 2191 quidem
592 2108 807 2172 insensibiliter
821 2117 958 2172 montoso
983 2110 1086 2172 itidem
1103 2113 1142 2174 ad
1157 2133 1273 2175 cursum
1290 2115 1435 2196 horologii

108 2199 203 2260 notari.
236 2197 356 2262 Occidit
369 2202 458 2263 Luna
472 2201 501 2261 iu
526 2199 674 2275 tenebris,
700 2200 753 2262 sed
777 2207 980 2278 postmontes
1004 2201 1093 2278 paulo
1118 2201 1309 2266 elevatiores.
1348 2203 1434 2274 Quo-

108 2287 238 2368 adusqoe
260 2289 359 2351 illusit
389 2291 542 2368 nubesque
574 2289 777 2362 albescereut,
809 2305 927 2368 semper
955 2288 1171 2350 occidentalior
1195 2309 1266 2369 pars
1290 2294 1434 2356 rubicuu-
1466 2369 1468 2374 Ι

107 2375 163 2436 dior
181 2378 342 2453 ridebatur3
375 2386 550 2458 argomento
574 2377 603 2438 id
629 2377 698 2446 tuit,
733 2377 860 2438 noudum
885 2395 952 2438 esse
982 2377 1109 2438 medium
1139 2378 1276 2458 eclipsis;
1309 2381 1352 2442 sic
1377 2381 1435 2444 ha-

106 2463 208 2527 bentem
232 2467 299 2528 mibi
331 2467 469 2546 eripuere
499 2473 625 2527 mustea.
673 2466 731 2526 iiic
760 2465 850 2527 velim
881 2473 962 2526 tuum
994 2465 1097 2526 audire
1127 2467 1269 2546 judicium
1301 2471 1339 2532 de
1369 2491 1437 2534 anea

105 2551 285 2632 disputatione
315 2554 463 2635 superiori
494 2555 634 2633 Augusto
663 2554 842 2635 perscripta.
889 2553 994 2616 Habes
1028 2555 1107 2617 eninr
1141 2556 1269 2634 plurima
1300 2559 1435 2637 phaeno-

106 2661 181 2703 mena
200 2643 271 2705 circa
293 2662 403 2726 corpus
427 2645 531 2706 Lunae
555 2650 587 2704 et
610 2662 642 2705 es
666 2663 712 2704 me
737 2643 853 2706 acutior
877 2643 952 2704 visu.

180 2761 316 2816 Mnestheus
342 2765 366 2814 d.
386 2763 429 2813 ²2.
447 2765 504 2828 hpr.
523 2763 561 2813 his
579 2779 666 2829 parum
692 2763 822 2814 admodum
846 2763 979 2828 respoudit,
1001 2763 1102 2814 dicens:
1131 2765 1171 2816 De
1190 2768 1274 2832 eclipsi
1295 2783 1359 2833 quae
1377 2772 1437 2822 scri·

106 2833 137 2880 bit
153 2839 278 2899 nuperrima
304 2837 365 2886 nibil
390 2837 471 2886 habeo
490 2835 554 2900 quod
571 2849 617 2900 ego
637 2836 736 2886 addam.
773 2834 842 2884 Nihil
862 2836 995 2891 observari,
1023 2837 1069 2884 nisi
1087 2837 1150 2900 quod
1175 2839 1230 2901 ipsa
1249 2839 1354 2889 durante
1376 2855 1439 2892 aura

107 2903 138 2952 rel
154 2911 193 2956 aer
215 2921 276 2957 more
295 2908 367 2957 solito
395 2907 506 2962 nimium,
532 2906 605 2955 veluti
625 2907 699 2956 Ianua
721 2905 817 2964 silente,
848 2905 1032 2956 obscurabatur.
1071 2905 1172 2958 coelum
1204 2908 1266 2959 adeo
1298 2909 1363 2973 apud
1392 2926 1437 2964 uos

106 2976 199 3026 rulilmu
218 2979 268 3035 luit,
295 2985 324 3028 ut
343 2991 389 3042 per
409 2983 489 3026 totam
508 2983 606 3026 noctem
624 2978 685 3026 nihil
707 2980 838 3042 quicquam
861 2977 891 3025 de
915 2991 1015 3042 corpora
1034 2979 1087 3039 ejus
1109 2978 1191 3029 ridere
1216 2981 1344 3044 potuerim.
1381 2981 1437 3033 an

106 3047 184 3096 man
199 3051 253 3099 milri
269 3050 435 3100 multo-toties
457 3048 560 3104 accidit,
582 3056 611 3098 ut
635 3064 682 3114 quo
704 3057 814 3110 tempore
835 3049 942 3098 maxime
960 3055 1048 3112 exopto
1075 3049 1169 3099 coelum
1186 3065 1311 3111 serenum,
1337 3053 1438 3104 minime

106 3119 197 3170 amium
212 3135 319 3172 saeuum
345 3121 451 3170 videam.
473 3143 505 3154 -
532 3117 645 3169 Pluribus
672 3120 787 3171 describit
807 3119 930 3182 Keplerus
951 3117 1017 3168 hanc
1041 3119 1237 3172 observationem
1260 3121 1320 3186 Cap.
1344 3122 1389 3174 VI.
1412 3121 1438 3174 θ.

107 3195 128 3234 tt
142 3187 191 3240 vn.
209 3189 245 3250 3.,
266 3193 420 3254 eandemque
440 3189 524 3252 Tycbo
546 3191 571 3238 iu
590 3191 654 3241 Hist.
679 3191 745 3240 Coei.
766 3206 789 3253 p.
804 3187 864 3240 85³.
902 3189 1070 3254 Wittebergae
1091 3191 1215 3251 habitam,
1240 3207 1288 3243 uec
1309 3209 1359 3244 uon
1372 3193 1437 3248 Lou-

108 3267 257 3323 mmmm,
278 3265 319 3328 qui
339 3263 442 3326 eclipsin
464 3263 503 3320 ,in
523 3275 588 3326 pago
606 3263 811 3328 Lougomoutauo
830 3262 909 3326 patrio
928 3275 983 3311 meo
1002 3261 1069 3310 soio“
1090 3263 1235 3314 observarit

179 3403 311 3456 introistis
335 3405 384 3454 huc
402 3418 480 3468 usque
499 3403 708 3455 observationibus
727 3405 869 3468 eclipsium,
898 3417 959 3466 quas
980 3408 1039 3458 ante
1058 3404 1152 3454 editum
1175 3419 1246 3456 suum
1265 3421 1325 3472 opus
1343 3406 1438 3468 habult,

108 3473 218 3538 mitraque
235 3493 264 3526 ax
279 3483 351 3542 parte
364 3477 463 3540 quidem
481 3489 539 3524 usus
559 3482 598 3526 est
615 3477 781 3526 fundamentis
800 3475 833 3525 ad
851 3475 1013 3525 extruendam
1031 3483 1126 3537 partem
1138 3479 1303 3529 astronomiae
1321 3481 1438 3542 opticam,

109 3544 150 3602 iam
166 3545 265 3597 addimus
290 3548 466 3598 retractionem
490 3547 672 3611 inquisitionem
690 3547 805 3610 chieri,
833 3559 882 3608 qua
908 3545 976 3595 lecta
997 3545 1117 3607 judicium
1135 3548 1316 3612 quadamtenus
1333 3550 1438 3612 patebit,

109 3625 206 3675 tutamur
217 3620 344 3681 profecerit
355 3617 480 3680 Keplerua
498 3623 607 3682 tempore
626 3620 691 3668 inter
709 3621 801 3668 editam
821 3616 935 3680 Opticam
954 3623 981 3666 et
998 3615 1161 3668 Harmoniam
1174 3619 1312 3683 interiecto.
1337 3619 1438 3686 Disqul·

110 3685 153 3732 titia
168 3690 224 3737 euim
245 3689 308 3740 haee
326 3692 393 3740 inest
411 3688 487 3736 literis
507 3689 538 3738 ad
556 3689 717 3740 Maertliuum
736 3689 801 3739 datis
820 3689 844 3736 5.
864 3685 930 3751 Sept
956 3684 1031 3736 1616.

149 3757 258 3822 Keplerm
267 3762 360 3812 Linciis
369 3758 505 3810 Maestliuo
514 3763 646 3819 nuncians,
657 3775 721 3826 quae
734 3760 818 3809 studia
827 3755 880 3808 tum'
1111 3793 1163 3860 pig·
1184 3793 1226 3845 13.

107 3840 207 3900 waaris
241 3835 403 3907 (adornare
427 3855 475 3912 se,
497 3843 583 3907 iuquit,
607 3833 765 3914 Epilomeu
790 3831 875 3893 Astr.

108 3912 320 3998 Cupemicauae3
335 3925 496 4005 plurimum
511 3924 625 4004 negotii
639 3921 697 3984 sibi
708 3921 876 3982 exhibuisse
962 3931 963 3934 ’

107 4002 202 4070 Lunam
224 4011 305 4087 ho),
338 4022 452 4084 adjunxit
471 4021 597 4088 problema
616 4019 664 4070 hoc
687 4018 878 4084 geometricum:

106 4091 275 4172 Sarmentum
298 4101 402 4162 circuli
426 4101 510 4166 ABG
535 4111 612 4176 esto,
636 4101 720 4180 cujus
744 4096 876 4180 sagittae

104 4182 148 4242 BD
167 4192 308 4268 proportio
324 4191 363 4252 ad
379 4192 476 4253 sinum
492 4189 546 4254 De
563 4191 604 4252 sit
627 4211 676 4264 ea,
703 4208 778 4269 quae
806 4189 818 4250 1
839 4190 876 4250 ad

104 4271 145 4334 50.
184 4276 248 4339 Jaru
271 4299 309 4341 ex
332 4289 446 4359 puncto
470 4281 498 4340 D
523 4288 611 4341 exeat
634 4286 737 4353 recta,
762 4277 876 4341 faciens

103 4379 154 4424 curu
171 4365 221 4428 bc
243 4370 387 4448 anguium
402 4366 486 4430 EDC
506 4363 575 4444 20⁰,
600 4369 752 4448 quaeritur
776 4367 875 4446 longi-

103 4453 159 4512 ifld⁰
172 4453 340 4533 b'ueaeDE,
357 4476 412 4519 seu
428 4457 579 4536 proportio
595 4456 659 4536 ejus
671 4458 708 4518 ad
720 4457 784 4528 BD,
801 4455 876 4518 DC?

139 4541 186 4596 Hoc
201 4547 327 4610 problema
344 4547 384 4596 sic
402 4544 545 4594 solvendum
557 4559 659 4602 censeo,
680 4545 763 4594 scribit
780 4543 876 4594 Maest-

99 4611 147 4664 liuus
163 4611 288 4683 (lisept
310 4633 335 4668 r.
352 4623 385 4666 st.
405 4611 498 4676 tritt:
525 4614 563 4665 Sit
578 4617 699 4680 segmenti
718 4613 783 4665 ABG
807 4623 875 4665 cent·

97 4699 136 4736 ram
146 4685 175 4744 P.
192 4695 217 4740 st
234 4685 455 4743 decusatim,
475 4685 523 4748 FC,
541 4687 590 4740 Fa.
609 4688 668 4736 item
681 4685 731 4735 BC.
761 4685 877 4746 Qualium

96 4769 139 4822 arga
158 4759 210 4810 Bi)
232 4767 272 4812 est
292 4759 324 4818 i,
354 4757 447 4808 talium
466 4755 520 4806 DC
544 4758 617 4808 datur
635 4757 681 4814 5ος
707 4759 751 4808 aed
769 4759 876 4822 qualium

94 4826 129 4880 su
142 4839 177 4884 ar
193 4829 313 4892 tumeo.
341 4827 438 4882 aaran
463 4825 510 4881 Dc
535 4829 578 4880 aa
595 4827 708 4880 sonmo.
747 4829 824 4896 rpus
851 4829 876 4882 tn
