3566 5536
305 261 371 332 684
785 261 825 315 De
843 261 924 316 Stella
939 261 1013 316 tlara
1030 263 1182 330 serpentuli

306 440 448 505 cistelle
468 441 544 502 haec
567 441 630 502 tale
657 439 756 502 lamen
784 440 859 504 fuit:
889 443 955 522 jam
979 441 1168 506 Patrioiaous
1200 438 1328 522 aliquis,
1354 437 1406 520 qni
1431 439 1594 504 menan
1615 435 1666 500 issi

306 537 463 611 tantopere
488 537 597 610 negat,
621 528 803 609 praestigias
826 531 1087 605 exiluissent,
1111 537 1166 592 aut
1186 529 1275 609 plane
1299 528 1432 591 deinum
1458 527 1560 592 lumen
1583 527 1667 588 inter
1736 516 1741 532 “

307 618 458 684 naturalia
488 617 715 680 cucumstantia
746 617 882 682 infinita:
915 620 945 682 id
969 621 1048 702 quod
1075 637 1132 700 ego
1161 618 1249 680 facile
1280 617 1432 692 concedo,
1466 624 1501 680 ut
1521 617 1591 698 qais
1614 615 1664 678 cni

307 707 455 788 placuerit
477 706 590 770 credet.
635 707 671 768 In
693 725 838 785 praeseus
862 727 933 772 vero
948 709 1028 770 viam
1050 715 1146 782 tento,
1170 727 1230 788 qua
1244 706 1284 782 id,
1308 707 1387 787 qnod
1405 707 1484 768 inter
1508 706 1666 768 natantia

308 795 460 877 apparuit,
492 795 679 867 naturalibus
708 796 801 858 etiam
832 797 983 876 requisitis
1015 797 1173 858 instruam.
1218 796 1283 858 Nec
1306 795 1389 857 aliud
1412 795 1567 858 Patricius
1589 795 1665 872 egit,

308 905 397 966 qnam
420 892 454 946 ut
476 884 544 946 illos
575 891 714 946 aeternos
745 886 894 948 coelorum
917 886 1018 965 ignes,
1054 904 1128 966 quos
1161 894 1286 946 naturae
1313 891 1420 964 partes
1441 903 1510 945 esse
1541 882 1667 954 snmus,

307 973 524 1037 immateriatos
554 974 746 1048 ostenderet;
775 975 853 1056 quod
877 975 905 1036 in
930 992 1075 1054 praesens
1105 973 1163 1054 ipsi
1187 993 1274 1054 nego.
1321 973 1414 1035 Dicat
1436 969 1528 1051 igitur
1552 971 1666 1052 aliquis

307 1063 407 1141 ignem
431 1069 484 1123 ant
507 1063 605 1124 lumen
628 1061 700 1124 mihi
722 1063 788 1126 sine
811 1063 957 1144 subjecto.
1004 1061 1039 1126 Si
1063 1061 1154 1125 ullum
1178 1071 1225 1124 est
1253 1062 1443 1141 exemplum,
1475 1061 1562 1139 ignes
1587 1059 1668 1121 fatui

310 1159 396 1224 sunt;
430 1151 507 1212 atii
531 1151 611 1213 circa
641 1150 790 1229 uliginosa
817 1152 885 1214 loca
908 1159 939 1214 et
960 1151 1089 1231 paludes
1120 1151 1282 1234 oberraut3
1314 1159 1348 1212 ιιι
1376 1157 1513 1223 constet,
1543 1169 1597 1211 eos
1620 1148 1668 1210 uti

308 1241 410 1322 pingui
433 1239 625 1302 exhalatione
644 1258 697 1320 pro
721 1240 866 1320 subjmto.
896 1240 1113 1321 Trajectiones,
1138 1259 1201 1302 rem
1215 1240 1314 1302 stellis
1338 1238 1532 1308 simillimam,
1555 1237 1668 1318 probat

309 1328 494 1394 Aristoteles
518 1347 574 1390 sua
595 1336 734 1391 constare
757 1329 902 1402 materia,
926 1337 958 1390 et
975 1329 1077 1392 docuit
1091 1349 1139 1390 me
1154 1329 1225 1390 olim
1248 1327 1443 1408 experientia,
1469 1347 1534 1388 cnm
1555 1327 1666 1406 ingens

308 1419 340 1482 in
363 1419 420 1480 hac
443 1418 515 1479 urbe
540 1425 637 1480 ortum
669 1425 752 1478 esset
781 1417 969 1493 incendium
1001 1418 1102 1497 plures
1132 1437 1191 1478 nnn
1223 1425 1311 1480 noete
1343 1417 1428 1479 coelo
1461 1435 1570 1478 sereno
1601 1414 1667 1476 'ridi

309 1507 519 1586 trajectiones,
551 1525 639 1587 quam
661 1507 778 1586 integro
807 1507 950 1569 decennio
979 1515 1133 1570 anteacto.
1177 1506 1290 1586 Aliqua
1316 1504 1409 1586 igitur
1430 1523 1486 1567 seu
1513 1504 1668 1585 pinguedo

268 1589 271 1598 '
310 1615 363 1660 eeu
387 1595 472 1657 arida
492 1595 619 1657 materia
638 1603 725 1658 aestu
747 1594 893 1657 subvecta
914 1595 945 1657 in
961 1595 1100 1675 frigidum
1124 1599 1225 1659 adrem
1240 1605 1272 1658 et
1285 1593 1469 1658 distributim
1492 1593 1669 1656 eousmtaos

310 1685 474 1765 coactaque
506 1684 535 1746 in
569 1683 706 1764 globulos
739 1691 771 1746 et
803 1684 846 1746 sie
878 1685 1003 1747 incensa
1034 1703 1087 1746 seu
1124 1685 1220 1746 mavis
1259 1683 1428 1746 illuminata
1467 1689 1517 1744 tot
1547 1682 1668 1762 speeies

311 1773 446 1836 exhibuit
469 1772 580 1852 ignium
604 1773 841 1836 discurrentium.
887 1773 923 1836 In
946 1793 1063 1836 summa
1086 1773 1160 1836 nihil
1179 1773 1283 1834 borum
1307 1773 1371 1834 sine
1395 1771 1533 1834 materia.
1581 1769 1669 1832 Con-

313 1863 467 1926 cludamns
497 1861 589 1941 igitur
621 1881 731 1941 magna
764 1861 1043 1924 verisimilitudine:
1075 1862 1234 1924 materiam
1265 1880 1342 1922 novo
1372 1859 1464 1922 sideri
1496 1859 1670 1940 praebitam

310 1953 360 2013 vel
383 1952 540 2032 pinguem,
569 1969 646 2032 quae
670 1949 779 2032 frigore
804 1950 893 2014 fuerit
919 1950 1061 2022 incensa,
1089 1959 1123 2014 ut
1145 1950 1361 2031 trajectiones:
1394 1950 1442 2011 rel
1465 1967 1615 2028 aqueum,
1639 1949 1671 2010 in

313 2061 374 2124 qna
396 2059 449 2102 seu
473 2037 527 2102 Sol
550 2059 603 2101 seu
626 2039 776 2101 internum
798 2039 898 2102 lumen
920 2039 1083 2102 refulserit.
1129 2039 1232 2102 Habet
1259 2049 1414 2118 utromque
1438 2037 1668 2119 probabilitatis

311 2129 434 2210 aliquid.
499 2129 578 2191 Nam
615 2129 694 2208 quod
728 2128 933 2209 trajectenism
975 2130 1105 2202 attinet,
1147 2128 1209 2190 vidi
1245 2128 1414 2208 nuperrime
1450 2145 1530 2188 anno
1571 2123 1668 2190 1605.

312 2213 346 2300 ΘΙ
350 2213 398 2281 18.
414 2217 600 2290 Decembris,
619 2217 684 2297 jam
697 2217 853 2298 ingruente
868 2226 939 2297 post
951 2225 1086 2297 teporem
1105 2217 1190 2298 justo
1210 2217 1330 2296 frigore,
1355 2217 1477 2278 stellam
1495 2215 1668 2290 cadentem,

311 2307 428 2380 Novae,
453 2307 550 2388 qualis
564 2305 649 2368 initio
665 2306 757 2383 iulsit,
778 2306 970 2382 simillimam,
990 2305 1245 2374 candidissimam,
1270 2305 1519 2385 limpidissimam,
1538 2303 1670 2366 flammis

311 2395 509 2458 dissilientem
534 2395 711 2477 aliquoties,
740 2394 835 2458 instar
859 2395 1058 2458 artificialium
1085 2394 1199 2476 ignium
1222 2413 1296 2475 quos
1320 2393 1474 2457 ralretulos
1497 2394 1668 2474 appellant.

311 2483 425 2548 Plinius
456 2483 573 2547 bolides
605 2484 729 2546 diceret.
782 2483 841 2546 Pro
873 2503 968 2565 aqueo
998 2504 1070 2547 vero
1103 2484 1192 2562 globo
1223 2485 1338 2548 iaciunt
1369 2484 1486 2546 colores
1519 2481 1606 2544 iridis
1639 2493 1671 2544 et

311 2573 498 2649 scintillatio,
524 2592 612 2656 quam
636 2573 818 2637 senteutiam
841 2581 873 2636 et
894 2573 924 2636 in
949 2572 1067 2655 Optinis
1091 2572 1190 2654 tetigi.

892 2835 1034 2844 ——-.----·
1048 2833 1074 2841 .-

868 3032 991 3134 Coput
1017 3029 1106 3108 XX.

467 3215 523 3278 Aa
535 3214 609 3300 jam
631 3211 709 3278 oiim
731 3215 888 3278 eonstiterit
908 3211 1045 3275 materie
1068 3230 1240 3292 cepamque
1261 3209 1346 3273 Nori
1369 3207 1505 3274 Sideris.

347 3413 355 3424 .
397 3372 455 3434 Hie
474 3373 538 3453 jam
570 3372 740 3454 quaeritur,
774 3373 852 3435 uude
885 3372 993 3434 stellae
1022 3371 1052 3434 in
1083 3389 1197 3433 summo
1230 3369 1354 3432 aethere
1394 3375 1483 3432 santa
1519 3368 1668 3432 materias

310 3463 415 3538 moles,
440 3481 515 3542 qnae
539 3463 675 3528 sufficere
699 3461 798 3542 potuit
820 3462 860 3524 ad
884 3467 1001 3524 tantum
1024 3459 1192 3522 incendium
1215 3457 1481 3522 inflammandum?
1508 3458 1579 3520 Non
1603 3457 1666 3520 uti·

311 3572 367 3634 qne
391 3570 428 3612 ex
451 3551 545 3615 Terre
568 3560 684 3622 nostra,
708 3569 746 3612 ex
760 3569 820 3630 qua
839 3550 910 3612 fumi
929 3549 1034 3630 reliqui
1058 3549 1332 3628 trajectionesqu03
1356 3546 1447 3610 nimio
1469 3547 1549 3610 enim
1571 3565 1669 3627 parra

311 3649 360 3705 est
383 3642 422 3702 ad
446 3639 528 3703 illam
561 3639 798 3720 amplitudinem.
845 3637 961 3709 Quodsi
994 3638 1059 3718 quis
1091 3637 1238 3700 morosius
1261 3637 1310 3698 hin
1338 3635 1459 3718 obloqui
1491 3635 1668 3710 contendat,

312 3739 364 3793 aut
385 3727 544 3792 materiam
567 3747 605 3790 ex
628 3728 723 3790 Terra
746 3727 875 3790 educens
898 3727 929 3790 in
952 3728 1107 3789 aetherem
1130 3733 1184 3788 ant
1206 3725 1327 3788 stellam
1351 3744 1388 3786 ex
1410 3724 1534 3787 aethere
1558 3723 1664 3787 detra-

311 3819 386 3882 hens
409 3818 465 3882 sub
488 3817 624 3881 Lunam:
648 3815 717 3878 huic
735 3835 792 3897 ego
815 3815 966 3898 praedico,
992 3835 1038 3878 me
1057 3813 1212 3878 obduratis
1228 3814 1349 3877 auribus
1372 3813 1521 3876 exiturum
1545 3832 1561 3875 e
1581 3813 1664 3893 peri·

310 3917 397 3990 pato,
430 3906 536 3970 relicto
565 3907 616 3968 illo
647 3907 797 3968 clamante
821 3915 853 3968 et
874 3903 1056 3968 insaniente.
1102 3903 1182 3967 Nam
1211 3911 1380 3966 assertores
1403 3911 1465 3966 tam
1494 3901 1666 3982 pertinaces

311 4017 369 4060 non
394 3997 482 4058 aliter
504 3995 723 4070 obmutescunt,
749 3993 806 4056 nisi
821 3993 902 4075 prior
921 3993 1076 4058 obfirmato
1096 3991 1217 4056 silentio
1240 3991 1387 4056 clamores
1410 3991 1545 4072 ipsorum
1559 3991 1665 4070 negle-

310 4084 402 4148 xeris.
440 4083 506 4164 Ego
530 4103 595 4146 eum
619 4083 722 4166 aequis
736 4103 834 4164 agam.
872 4081 1002 4144 Primum
1018 4083 1054 4144 de
1074 4079 1278 4162 magnitudine
1303 4100 1361 4142 uon
1385 4089 1434 4142 est
1458 4079 1663 4152 laborandum,

312 4174 338 4238 si
362 4175 399 4236 de
423 4174 488 4236 looo
512 4181 653 4248 constat;
677 4173 723 4236 oui
740 4173 877 4253 equidem
891 4190 949 4233 non
968 4171 1065 4252 major
1089 4170 1234 4234 iuitbaec
1253 4169 1355 4246 stella,
1379 4187 1468 4250 quam
1491 4177 1542 4232 est
1564 4167 1665 4249 aliqua

312 4261 450 4342 trajectio
474 4270 577 4324 nostro
601 4261 674 4324 atri.

401 4349 480 4430 Sunt
502 4357 602 4412 numm
626 4350 702 4413 duae
725 4349 913 4420 sententiae,
938 4367 1014 4430 qnae
1038 4349 1078 4411 ad
1100 4367 1162 4410 rem
1186 4347 1318 4422 iaciunt,
1348 4346 1448 4409 altera
1470 4363 1590 4421 eornm,
1615 4345 1666 4426 qui

312 4447 427 4520 negant
447 4437 518 4500 nori
541 4439 612 4520 quid
626 4438 658 4499 iu
682 4439 767 4500 sosio
788 4445 860 4517 post
882 4437 1008 4519 primum
1026 4436 1100 4501 illud
1123 4435 1285 4500 orentionis
1308 4435 1489 4498 sabbathum
1514 4435 1646 4498 existere
1655 4454 1668 4500 ι.

312 4529 368 4589 sed
390 4528 487 4590 latere
515 4526 686 4608 hujusmodi
713 4545 838 4607 corpora
860 4527 889 4588 in
914 4526 1042 4606 quodam
1071 4535 1196 4590 naturae
1225 4523 1409 4605 promtuario
1432 4525 1502 4586 inde
1526 4545 1545 4586 a
1567 4541 1666 4586 rerum

314 4616 426 4695 origine
450 4616 585 4679 carentia
607 4615 737 4690 lumiue;
760 4615 819 4678 uisi
834 4615 952 4695 quando
967 4614 1031 4676 Deo
1055 4614 1152 4678 visum
1176 4615 1275 4692 inerit,
1301 4613 1413 4694 aliquid
1427 4631 1482 4693 per
1500 4613 1555 4677 illa
1568 4611 1666 4694 signi-

314 4703 421 4765 dcare:
445 4704 538 4766 ceteri
561 4723 642 4780 vero,
666 4723 724 4766 nou
746 4705 845 4792 lumen
868 4711 987 4766 tentum
1010 4703 1063 4765 sed
1083 4712 1114 4766 et
1133 4723 1260 4784 corpora
1282 4703 1350 4784 ipso
1372 4701 1403 4766 in
1426 4703 1512 4770 coelo
1535 4703 1666 4766 existere

314 4791 470 4872 repentina
492 4799 525 4854 et
546 4812 644 4856 nova:
678 4812 731 4856 sen
754 4802 892 4859 creentur
915 4791 1056 4856 absoluta
1078 4791 1133 4855 illa
1164 4792 1283 4857 divinae
1315 4791 1489 4872 majestatis
1517 4789 1670 4876 potentia,
