3464 5524
298 285 342 354 32
471 222 476 229 ι
718 285 819 338 Litana
840 283 943 350 Keplert
961 285 1112 352 diarmaqua
1130 292 1232 340 mamae

298 462 356 528 AC
382 483 419 526 ex
442 463 578 544 obliquo,
603 462 681 526 ratio
705 459 868 524 densitatis
891 459 981 524 medii
1005 461 1036 524 in
1060 462 1117 526 bac
1141 482 1264 526 occursu
1290 462 1484 526 adumbratur
1509 479 1563 542 per
1587 459 1660 524 Ac,

302 552 406 626 Quare
431 561 464 614 ut
486 550 540 614 BC
564 552 603 614 ad
628 549 702 626 CA,
735 551 779 611 sic
812 548 949 610 densitas
983 570 1123 614 occursus
1148 552 1221 615 recti
1245 552 1284 612 ad
1310 552 1491 614 densitatem
1516 569 1661 614 occursus

300 643 389 722 hujus
404 641 526 724 obliqui.
551 641 616 702 Hae
630 639 722 719 igitur
736 639 833 700 lineae
852 635 909 700 Ao
925 639 1065 702 ridentur
1083 659 1171 720 qnam
1187 640 1323 721 proxime
1338 649 1474 704 naturam
1489 641 1587 722 ipsam
1607 659 1661 701 se-

300 732 360 812 qui,
385 739 417 792 et
431 729 560 810 genuina
574 747 643 791 esse
659 745 799 790 mensura
815 727 900 788 unius
916 728 1054 791 elementi
1069 729 1272 809 proportionis
1295 730 1520 793 retractionem.
1555 731 1660 794 Acce-

299 821 369 882 dere
394 819 471 880 euim
496 817 588 879 debet
602 816 730 878 alterum
745 816 937 891 elementum,
962 818 1117 896 quantitas
1133 818 1308 897 angulomm
1332 817 1547 881 inclinationis.
1576 819 1659 882 Nam

301 909 327 970 si
352 907 435 970 solae
459 907 516 968 hae
541 906 637 968 lineae
661 903 730 980 BC,
768 902 823 967 CA
848 906 1024 968 metirentur
1049 906 1260 983 retractiones,
1289 915 1360 970 tuuc
1384 914 1573 970 statueretur
1596 908 1659 968 ali-

299 1017 357 1078 qua
381 993 521 1058 retractio
545 994 573 1056 in
589 994 722 1056 vertice:
747 992 793 1054 sin
810 1001 911 1054 autem
926 994 962 1056 de
978 995 1065 1058 lineis
1079 993 1143 1070 Bo,
1169 994 1226 1058 CA
1243 1005 1399 1077 sumantur
1420 1004 1525 1076 partes
1539 1005 1658 1070 tantae,

300 1084 404 1166 quanti
428 1092 498 1145 sunt
521 1082 622 1164 anguli
646 1081 892 1170 inclinationum,
917 1091 988 1145 tnnc
1012 1086 1048 1144 de
1068 1082 1122 1146 BC
1147 1085 1273 1146 sumitur
1295 1085 1381 1159 nihil,
1408 1085 1485 1165 qnod
1509 1093 1558 1148 est
1582 1103 1660 1146 con·-

301 1181 478 1236 sentaneum
502 1172 636 1252 opticae,
672 1188 747 1251 quae
780 1172 809 1232 iu
843 1172 956 1232 vertice
980 1173 1091 1236 statuit
1112 1173 1323 1236 retractionem
1353 1173 1475 1236 nullam.
1522 1173 1659 1244 Dixeris

301 1263 379 1324 banc
403 1261 520 1325 omnino
544 1279 646 1323 veram
667 1280 734 1321 esse
763 1259 911 1321 rationem
934 1262 1075 1323 metiendi
1099 1261 1314 1324 retractiones:
1345 1281 1396 1324 cur
1420 1281 1491 1342 ergo
1515 1263 1574 1324 hac
1599 1281 1659 1324 non

303 1349 408 1412 tuerirn
432 1357 606 1424 contentus,
633 1348 905 1430 quaereusaliam?
936 1349 1045 1412 Dicant
1069 1369 1201 1412 causam.
1237 1351 1308 1412 Vidi
1329 1370 1457 1431 namque
1489 1352 1545 1412 lroc
1564 1359 1659 1433 pacto
1715 1423 1716 1426 Ἴ

258 1495 265 1502 .
300 1438 389 1500 nobis
404 1439 434 1500 in
451 1437 695 1500 inclinationibus
719 1436 866 1499 horizonti
881 1437 987 1500 ricinis
1003 1439 1143 1502 obvenire
1158 1447 1299 1501 secantes
1314 1440 1513 1518 longissimos,
1538 1448 1571 1502 et
1586 1447 1659 1501 tan·
1715 1437 1716 1440 ’

298 1528 365 1590 dem
388 1527 550 1602 infinitum,
584 1526 634 1588 ubi
657 1525 736 1587 ratio
760 1525 822 1586 ista
845 1527 935 1588 docet
958 1534 1071 1600 totum,
1102 1529 1181 1608 quod
1206 1529 1252 1590 lric
1283 1527 1427 1591 infinitum
1452 1529 1570 1604 eradit,
1604 1547 1658 1590 su-

297 1616 437 1679 mendum
460 1635 539 1678 esse.
576 1615 649 1676 Ideo
674 1613 701 1676 in
726 1614 916 1695 opticis'huc
940 1635 1005 1678 sum
1029 1617 1214 1697 compulsus,
1238 1623 1272 1678 ut
1295 1617 1453 1680 dicendum
1475 1626 1574 1692 esset,
1600 1637 1658 1702 non

297 1725 366 1767 esse
391 1703 574 1785 spectandas
597 1703 808 1766 inclinationes
832 1703 983 1773 radiorum
1008 1704 1036 1765 in
1061 1723 1143 1779 raro,
1179 1705 1232 1767 sed
1248 1707 1451 1786 ,tetrantorum
1470 1705 1604 1785 ipsorum
1630 1706 1659 1766 in
1715 1747 1716 1750 κ

298 1794 402 1856 denso.
449 1793 491 1856 Et
514 1794 569 1855 hoc
593 1791 692 1872 posito
715 1791 909 1854 mediocriter
928 1793 1063 1871 expressi
1087 1794 1284 1855 retractiones
1308 1793 1506 1875 Tychonicas.
1539 1794 1659 1856 Verum

297 1883 391 1944 etiam
414 1880 462 1944 hic
482 1889 567 1957 sunt,
593 1899 668 1961 qnae
693 1880 872 1942 desiderem.
918 1881 999 1944 Nam
1022 1882 1117 1961 pdmo
1141 1882 1255 1962 petitur
1276 1881 1474 1962 principium,
1504 1883 1587 1962 quod
1611 1883 1658 1942 ri-

297 1972 385 2034 detur
407 1978 533 2032 naturae
558 1969 758 2032 contrarium:
783 1969 809 2030 si
838 1970 1111 2051 quaerataliquis,
1137 1970 1333 2050 quantumin
1357 1971 1450 2034 denso
1473 1971 1660 2052 refringatur

298 2059 417 2134 radius,
441 2059 625 2137 respondeat
648 2059 735 2134 alter,
760 2065 829 2120 taut
831 2077 879 2120 um
903 2067 1046 2138 qnantum
1070 2058 1186 2120 indicat
1209 2077 1316 2122 secans
1336 2059 1401 2138 jam
1424 2059 1558 2122 retracti.
1591 2061 1658 2121 De·
1715 2065 1716 2136 ᾗ

298 2147 367 2210 inde
392 2148 647 2227 experimentatus
672 2166 736 2208 sum
760 2145 959 2209 retractiones
984 2147 1120 2250 crystalli
1145 2156 1176 2208 et
1195 2147 1376 2227 deprehendi
1399 2149 1468 2210 illas
1487 2167 1545 2209 non
1572 2149 1659 2228 sequi
1715 2179 1716 2196 r

298 2236 376 2298 hanc
399 2235 512 2316 legem3
536 2235 566 2297 in
590 2255 668 2316 aqua
692 2235 820 2297 confisus
845 2255 910 2297 sum
934 2211 1148 2316 experimentis
1163 2236 1338 2298 Vitellianis
1358 2244 1390 2300 et
1413 2236 1574 2300 conciliare
1589 2238 1659 2299 illas
1715 2319 1716 2324 ἵ

299 2325 491 2388 mediocriter
512 2324 629 2403 potui
622 2345 650 2386 ru
676 2323 810 2403 Opticis,
835 2331 905 2386 sunt
928 2326 1007 2386 enim
1031 2345 1164 2388 crassae.
1715 2373 1716 2388 .

384 2414 441 2475 ilis
465 2413 614 2492 angustiis
637 2412 769 2476 inclusus
797 2412 919 2474 taudem
943 2414 1077 2494 cogitare
1104 2413 1202 2492 coepi,
1227 2413 1353 2494 primam
1378 2433 1445 2476 esse
1470 2422 1581 2478 natura
1606 2435 1657 2478 re·
1715 2423 1716 2468 l

300 2503 479 2564 tractionem
503 2520 540 2562 ex
564 2502 657 2563 denso
680 2500 711 2562 in
735 2519 849 2577 rarum,
873 2502 1080 2564 secundariam
1096 2522 1134 2563 ex
1148 2521 1215 2566 raro
1241 2503 1270 2564 in
1295 2502 1436 2564 densum:
1458 2504 1590 2584 priorem
1615 2525 1656 2567 so.
1715 2497 1716 2518 ³

297 2590 484 2671 sparsionem
509 2587 583 2652 lucis
612 2589 817 2652 contractione
842 2590 986 2670 ejusdem.
1034 2593 1112 2653 Nam
1136 2591 1165 2652 in
1191 2592 1283 2652 denso
1311 2591 1420 2670 positis
1449 2592 1657 2655 inclinationi·
1715 2651 1716 2658 ,

299 2679 355 2742 bus
380 2697 470 2759 super
493 2679 680 2758 superficiem
704 2679 842 2753 rarioris,
867 2679 976 2741 dantur
999 2687 1140 2742 secantes
1164 2697 1324 2759 earumque
1348 2679 1502 2758 portiones
1525 2700 1657 2763 respon·
1715 2683 1716 2752 ἐ

300 2769 407 2832 dentes
436 2768 553 2847 angulis
578 2768 821 2843 inclinationum,
845 2787 921 2848 quae
946 2769 972 2829 si
994 2769 1189 2850 aequaverint
1209 2769 1458 2848 complementum
1481 2767 1657 2833 inclinatio·
1715 2801 1716 2804 ¹

296 2857 359 2934 uis,
379 2859 444 2939 jam
467 2857 671 2938 intelligimus,
695 2857 782 2919 finem
807 2875 874 2918 esse
899 2858 1106 2921 retrQactorum
1152 2855 1247 2918 Verbi
1273 2869 1366 2918 causa
1391 2858 1433 2920 sit
1455 2859 1508 2920 F'
1500 2879 1530 2921 tn
1550 2861 1657 2934 denso,
1715 2909 1716 2944 ,

778 2945 861 3024 cujus
894 2946 1040 3008 terminus
1069 2947 1133 3008 ΕΗ.
1180 2945 1295 3008 Valeat
1316 2943 1369 3006 FE
1397 2947 1522 3026 gradum
1553 2968 1657 3023 unuru,

780 3035 863 3112 cnjus
886 3034 985 3113 portio
1013 3035 1108 3110 nulla,
1144 3034 1251 3114 qnippe
1284 3033 1312 3094 in
1346 3033 1538 3098 inclinatione
1562 3039 1656 3112 nulla,

781 3131 828 3184 est
860 3141 1002 3184 mensura
1033 3123 1234 3185 retractionis.
1281 3120 1370 3184 Sit
1356 3142 1422 3202 Jam
1452 3125 1529 3187 alius
1552 3127 1659 3188 radius

778 3209 850 3286 FG,
886 3211 1047 3274 inclinatus
1079 3212 1188 3292 angulo
1212 3209 1295 3272 EFG
1322 3207 1396 3286 600,
1431 3213 1515 3292 eujus
1547 3233 1657 3276 secans
1715 3225 1716 3232 ’

780 3300 982 3379 estduplum
1015 3301 1105 3375 radii,
1139 3299 1254 3361 valebit
1284 3299 1376 3378 igitur
1398 3299 1455 3362 FG
1484 3299 1504 3363 2
1533 3305 1656 3382 gradus,
1715 3335 1716 3384 3

780 3389 850 3468 quia
873 3390 926 3452 ΓΕ
950 3391 1073 3451 valebat
1098 3383 1143 3451 1⁰.
1191 3387 1252 3450 Sed
1274 3389 1310 3449 de
1334 3388 1381 3448 bis
1405 3385 1425 3451 2
1449 3391 1595 3469 gradibus
1610 3400 1659 3453 est
1715 3445 1716 3448 ,

780 3478 924 3539 sumenda
947 3478 1045 3557 portio
1074 3471 1127 3561 ²s„
1153 3477 1222 3556 quia
1244 3476 1397 3538 inclinatio
1422 3473 1465 3541 60
1484 3488 1532 3542 est
1559 3476 1594 3558 Ἰ,
1621 3481 1657 3542 de
1715 3497 1716 3554 J

780 3563 833 3629 90.
880 3567 962 3645 Ergo
986 3567 1128 3630 retractio
1153 3565 1211 3628 erit
1237 3561 1272 3626 1⁰
1294 3563 1349 3628 200
1373 3585 1416 3628 sc.
1441 3567 1567 3648 angulus
1583 3568 1658 3631 FGl
1715 3589 1716 3624 r

424 3683 447 3737 Ε
572 3685 593 3740 p,
681 3651 708 3703 Η
782 3651 862 3718 1780
883 3653 951 3730 400,
986 3674 1052 3718 cum
1075 3653 1161 3718 FGH
1186 3655 1227 3716 sit
1253 3649 1340 3717 1500.
1386 3654 1468 3734 Ergo
1492 3654 1569 3719 HGI
1595 3652 1657 3720 280
1715 3711 1716 3720 ,

714 3750 729 3804 1
777 3741 847 3818 400;
878 3745 975 3806 adhuc
998 3746 1083 3808 valet
1110 3744 1264 3806 retractio.
1309 3744 1359 3805 lta
1382 3744 1409 3804 si
1431 3744 1485 3806 FE
1508 3746 1593 3808 valet
1618 3745 1653 3819 10,

776 3834 919 3896 retractio
943 3834 1053 3896 desiuit
1077 3833 1106 3895 in
1129 3833 1324 3896 inclinatione
1347 3827 1554 3908 890104000,
1587 3843 1654 3896 est·
1715 3905 1716 3910 .

295 3944 351 4006 quc
375 3924 507 3990 maxima
529 3925 671 3986 retractio
696 3921 750 3988 580
775 3919 850 3985 2000.
898 3921 952 3987 Sin
977 3931 1077 3985 autem
1100 3922 1153 3984 FE
1178 3923 1260 3983 valet
1274 3918 1348 3995 4000
1376 3920 1487 3985 desinit
1509 3923 1654 3985 retractio
1715 3957 1716 3990 r

293 4018 323 4080 in
342 4011 468 4082 890130
483 4020 588 4095 estque
603 4009 658 4077 48
673 4013 801 4076 circiter
835 4011 907 4074 Srt
899 4021 1005 4074 iterum
1024 4010 1108 4074 EFG
1123 4006 1262 4086 82049
1254 4018 1351 4147 ,tqqc
1368 4016 1423 4147 ppt
1434 4011 1488 4075 FG
1509 4007 1652 4086 800000,

294 4140 425 4222 qualium
451 4137 502 4202 ΓΕ
531 4134 670 4200 100000
709 4137 803 4200 Valet
832 4135 921 4218 igitur
946 4131 994 4211 80,
1018 4137 1054 4199 de
1080 4137 1185 4218 quibus
1208 4154 1353 4238 pars9
1303 4167 1411 4236 -—0-
1431 4144 1479 4198 est
1493 4140 1651 4214 sumenda
1715 4205 1716 4222 ,

294 4258 541 4330 0170214100
564 4281 618 4342 pro
642 4263 833 4325 retractione
879 4263 961 4342 Ergo
984 4259 1059 4324 FGI
1081 4269 1129 4323 est
1155 4255 1236 4324 172⁰
1258 4258 1312 4324 980
1340 4253 1478 4324 1908Θά
1500 4251 1653 4320 FGHest
1715 4295 1716 4298 ¹

298 4348 446 4417 1720490
462 4351 576 4432 major,
610 4369 682 4430 crgo
705 4351 899 4434 impossibilis
923 4360 971 4414 est
993 4352 1069 4414 haec
1092 4349 1252 4426 retractio,
1278 4350 1474 4430 desinuntque
1498 4345 1576 4407 radii
1601 4363 1651 4408 re·
1715 4367 1716 4404 r

295 4440 384 4521 tringi
408 4442 495 4521 longe
520 4447 620 4502 autea.

383 4527 460 4592 Cum
484 4547 555 4608 ergo
580 4548 679 4592 essem
703 4528 844 4592 redactus
868 4529 897 4594 in
928 4531 1023 4611 ipsum
1048 4529 1172 4594 densum
1197 4545 1263 4594 cum
1286 4525 1478 4612 inquisitione
1501 4521 1649 4607 genuinae
1715 4545 1716 4552 ¹

294 4633 467 4694 mensurae,
492 4617 588 4680 risum
612 4626 661 4681 est
684 4618 809 4680 densum
832 4621 1010 4696 formatum,
1036 4621 1092 4683 hoc
1116 4629 1165 4682 est
1183 4620 1355 4700 globosum,
1381 4615 1649 4682 demonstrationi-

294 4703 350 4766 bus
374 4723 440 4768 esse
464 4705 564 4786 aptius
592 4725 681 4787 qnam
704 4707 842 4788 planum:
875 4719 907 4771 et
929 4710 974 4771 sic
998 4710 1120 4772 tandem
1144 4710 1183 4772 ad
1207 4708 1302 4771 lineas
1327 4729 1365 4770 ex
1384 4715 1487 4772 cedtm
1511 4704 1596 4768 visus
1620 4706 1648 4766 in
1715 4733 1716 4736 ¹

294 4793 481 4878 superficiem
504 4795 585 4858 aeris
609 4795 715 4858 ductas
739 4796 856 4862 dereui.

471 3015 526 3082 erg.
551 3013 590 3066 18.

299 3197 305 3204 ·
411 3183 429 3234 10
