3700 5530
800 292 944 360 umam
1483 295 1549 366 131

198 467 351 544 nbuuut,
377 468 479 550 itaque
511 489 548 532 ne
573 468 676 534 Solem
704 471 821 552 quidem
851 470 979 534 calidum
1003 469 1124 540 latetur.
1171 469 1238 552 Ego
1262 463 1360 536 media
1381 473 1551 554 ingredior;
1583 481 1587 488 '

197 558 318 638 proprie
340 576 467 637 namque
490 577 548 620 uon
572 568 620 622 est
642 559 772 622 siderum
804 561 853 622 vel
885 560 999 623 0100000
1031 559 1079 622 001
1112 560 1283 624 humectare
1312 561 1385 624 haec
1406 561 1552 626 inferiora

197 647 257 708 uisi
279 665 334 726 per
356 647 505 722 accidens,
528 656 706 729 antegresso
729 647 937 712 calefactionis
959 655 1042 710 certo
1066 648 1170 727 gradu.
1217 649 1316 710 Multo
1339 651 1436 713 miuus
1460 671 1497 712 ex
1516 671 1550 715 ss

197 733 401 814 frigefaciunt.
425 733 582 806 Quatenus
606 755 677 800 vero
692 737 816 818 quaevis
830 736 1021 811 calefaciunt,
1038 744 1163 798 eatenus
1183 738 1296 818 etipsa
1314 739 1422 816 calida,
1447 737 1551 804 Solem

195 840 268 886 vero
292 823 544 886 ferventissimum
568 845 687 889 assero:
712 825 790 888 uude
813 825 932 905 quidem
955 843 993 888 ex
1016 825 1212 905 qualitatibus
1237 826 1316 906 apud
1341 846 1387 890 me
1402 829 1488 892 nulla
1502 837 1552 892 est

198 911 351 991 signorum
376 912 541 976 distinctio.

287 997 350 1062 Sed
373 1019 463 1081 quare
482 1020 539 1062 nou
564 1000 624 1064 tria
637 1001 788 1080 contigua,
814 999 943 1075 Gemini,
965 997 1090 1074 Cancer,
1115 1001 1179 1064 Leo
1203 1001 1301 1082 ignea,
1325 1004 1396 1084 quia
1414 1004 1549 1080 aestiva;
1609 1004 1612 1012 ’

200 1088 388 1152 autumnalia
409 1107 481 1151 vero
503 1097 617 1163 terrea3
648 1090 774 1153 hiberna
797 1106 909 1170 aquea;
934 1089 1155 1159 veruaaliria?

289 1175 391 1242 Causa
413 1196 465 1240 cur
494 1177 551 1240 hoc
573 1178 717 1240 omissum
749 1179 861 1257 pendet
890 1197 928 1240 ex
960 1185 1082 1258 recepto
1115 1178 1270 1241 divisionis
1294 1199 1427 1242 numero.
1475 1178 1550 1244 Cum

196 1265 276 1331 euim
298 1275 402 1348 partas
424 1265 540 1328 zodiaci
564 1265 709 1330 iecissent
735 1265 783 1341 lt,
808 1284 993 1348 consequeus
1017 1274 1083 1328 erat
1105 1275 1140 1328 ut
1171 1266 1259 1330 binae
1291 1269 1449 1348 contiguae
1476 1289 1549 1332 cou-

125 1375 135 1384 ’
196 1355 301 1418 trariis
324 1353 520 1434 qualitatibus
545 1355 759 1428 dividerentur,
782 1354 839 1416 uisi
862 1357 976 1418 vellent
998 1349 1052 1434 pio
1075 1375 1135 1416 uua
1156 1364 1245 1435 parte
1268 1356 1380 1432 haberi,
1410 1376 1484 1437 quaa
1507 1358 1551 1421 illi

196 1461 309 1524 magna
331 1444 395 1506 scil.
415 1461 482 1504 curn
505 1443 621 1506 ratione
645 1444 752 1506 101000
769 1443 944 1506 diviserant.
992 1441 1054 1506 Cur
1075 1461 1146 1524 ergo
1160 1443 1279 1524 singula
1297 1445 1385 1524 signa
1403 1446 1449 1508 lris
1473 1465 1549 1528 qua-

197 1531 337 1594 litatibus
360 1531 482 1604 tributa,
508 1550 582 1612 quas
606 1531 720 1594 habeut
733 1533 811 1612 apud
828 1533 1010 1609 astrologos,
1034 1549 1092 1595 000
1116 1532 1296 1596 contrariis?
1334 1531 1453 1596 Causae
1472 1535 1548 1596 dnae

197 1620 401 1695 adducuntur3
424 1619 521 1698 prima
544 1639 581 1682 ex
605 1621 766 1700 imaginum
789 1628 916 1683 natura:
945 1617 1063 1684 Cancer
1085 1619 1162 1683 enim
1186 1629 1218 1682 et
1241 1621 1366 1703 Scorpio
1390 1631 1423 1684 et
1444 1622 1549 1686 Pisces

198 1709 340 1789 aquatica
363 1718 433 1770 sunt
462 1708 622 1783 animalia;
655 1710 743 1789 signa
771 1709 873 1789 itaque
905 1710 981 1770 haec
1013 1727 1110 1788 aquea
1142 1718 1213 1772 suut
1243 1709 1358 1772 habita.
1405 1709 1548 1774 Vicissim

164 1863 167 1870 ,
196 1798 302 1873 Aries,
326 1796 406 1869 Leo,
438 1793 624 1876 Sagittarius
648 1797 814 1877 (posterius
846 1798 955 1878 equus)
988 1797 1130 1860 animalia
1163 1805 1233 1860 suut
1264 1807 1389 1862 naturae
1423 1799 1548 1879 igneae3

197 1904 289 1964 quare
312 1893 344 1948 st
366 1886 442 1947 haec
465 1885 555 1966 sigua
576 1886 675 1964 ignea.
722 1887 774 1948 Ita
796 1905 862 1948 cum
885 1885 961 1947 haec
984 1885 1058 1958 tria,
1082 1893 1145 1948 tum
1169 1885 1259 1948 etiam
1284 1885 1416 1966 Gemini,
1439 1889 1553 1968 Aqua:

195 1974 276 2046 rius,
308 1974 445 2038 mascula
466 1982 538 2036 suut
560 1974 673 2054 effigie,
703 1974 836 2065 maribus
860 1992 930 2036 vero
960 1974 1109 2055 copiosior
1131 1973 1222 2050 calor,
1247 1994 1338 2056 quare
1363 1983 1394 2036 et
1418 1973 1548 2051 Gemini,

194 2061 300 2136 Libra,
323 2061 474 2143 Aquarius
497 2063 597 2125 calore
620 2063 814 2143 participant.
859 2063 927 2126 Non
952 2070 1122 2124 esttamen
1145 2063 1322 2126 universalis
1346 2063 1420 2126 baec
1439 2083 1547 2138 causa:

194 2168 265 2214 nam
288 2169 341 2214 cur
363 2170 420 2214 uon
444 2149 581 2214 humidus
604 2151 767 2232 Aquarius,
792 2151 900 2230 igneus
922 2151 1094 2214 Taurus-et
1108 2149 1245 2214 Cancer?
1289 2153 1333 2214 Et
1355 2170 1406 2214 cur
1421 2152 1547 2230 Taurus,

194 2237 396 2319 Capricornus
419 2239 562 2302 feminina
584 2239 693 2319 sigua?
739 2240 828 2302 Adde
858 2240 937 2322 quod
968 2239 1173 2302 discesserunt
1204 2260 1242 2301 ex
1264 2240 1360 2321 signis
1383 2239 1445 2302 suis
1469 2240 1547 2304 ima-

194 2327 298 2409 gines:
322 2335 497 2391 mausemut
518 2335 620 2390 tamen
645 2327 809 2408 qualitates
832 2329 1023 2408 exipsorum
1048 2329 1197 2407 dogmate.

279 2417 448 2480 Audiamus
470 2416 573 2498 itaque
597 2417 838 2480 Albumasarem.
884 2417 1015 2479 Primum
1038 2415 1089 2477 illc
1112 2417 1180 2479 huic
1203 2416 1281 2478 inter
1304 2415 1456 2478 elementa
1480 2416 1545 2480 dis·

191 2504 348 2570 tributioui
371 2505 595 2568 fundamentum
618 2507 703 2587 pouit
726 2506 822 2569 minus
844 2505 902 2567 fide
926 2505 1062 2584 dignum:
1090 2503 1314 2585 bipertitionem
1338 2506 1491 2584 signorum
1515 2507 1544 2567 in

190 2594 357 2658 masculina
380 2602 412 2656 et
434 2593 588 2658 feminina.
635 2592 737 2664 Quare
765 2601 836 2656 sunt
863 2593 989 2656 alteruis
1016 2595 1181 2656 masculina
1208 2601 1241 2657 et
1271 2592 1429 2668 feminina,
1461 2593 1546 2655 101110

192 2685 273 2747 lactc
301 2682 340 2745 ab
362 2681 488 2745 Ariete?
532 2683 652 2746 Placuit
674 2700 779 2763 nempe
810 2683 998 2758 auctoribus,
1029 2691 1063 2746 ut
1086 2682 1281 2744 Ptolemaeus
1304 2682 1364 2756 ait,
1389 2681 1547 2744 occasione

191 2779 355 2852 perpetuae
378 2771 589 2836 alternationis
612 2771 689 2834 inter
712 2771 793 2834 diem
816 2779 848 2833 et
869 2779 999 2847 noctem,
1023 2780 1057 2834 ut
1079 2771 1175 2850 signa,
1200 2788 1277 2850 quae
1293 2777 1380 2833 eraut
1399 2770 1465 2850 pari
1488 2791 1546 2832 uu·

191 2878 274 2922 mero
300 2857 350 2935 12,
384 2859 413 2922 iu
447 2857 467 2924 6
500 2859 750 2926 distribuerentur
771 2858 936 2938 connubia,
968 2859 1101 2942 marique
1124 2860 1304 2922 adhaereret
1335 2878 1392 2921 sua
1424 2857 1544 2922 femina.

191 2951 307 3014 Forsan
330 2948 407 3010 enim
434 2946 475 3013 12
497 2969 557 3012 000
580 2948 766 3023 0110000100,
795 2948 854 3011 0101
871 2967 945 3010 sexu
968 2949 1111 3029 contigua
1133 2947 1397 3026 distinguerentur.
1433 2947 1544 3010 Ratio-

191 3057 260 3102 nem
282 3037 455 3100 solidiorem
478 3058 552 3100 sane
576 3038 690 3102 nullam
712 3039 840 3101 invenio.
887 3037 945 3099 Hic
969 3047 1041 3100 0001
1063 3056 1134 3117 ergo
1158 3036 1246 3116 sigua
1264 3035 1546 3099 0100000000-

190 3128 268 3202 cula,
293 3124 436 3188 leminea:
461 3135 533 3190 suut
554 3136 586 3189 et
610 3128 759 3190 elementa
781 3123 812 3202 4,
838 3145 913 3209 qnae
938 3126 1055 3205 singula
1071 3125 1282 3188 distributione
1301 3143 1340 3186 ex
1353 3142 1448 3204 aequo
1464 3124 1548 3187 10010

190 3215 272 3279 trina
294 3215 352 3278 sibi
376 3215 465 3295 signa
487 3216 628 3278 vidicaut.
674 3216 739 3279 Aut
757 3215 849 3296 igitur
870 3211 889 3278 3
907 3214 1048 3294 contigua
1067 3215 1166 3276 001110
1189 3231 1273 3287 0000,
1297 3220 1366 3287 001,
1396 3213 1467 3292 quia
1489 3213 1545 3275 hoc

189 3323 248 3367 non
271 3311 374 3388 potest
397 3306 450 3377 (00
474 3306 615 3384 contigua
628 3304 717 3384 signa
734 3307 869 3380 coeant),
893 3303 924 3364 in
946 3303 1222 3384 compensationem
1244 3303 1337 3383 igitur
1360 3297 1380 3364 3
1401 3300 1431 3363 iu
1451 3302 1548 3382 ligura

189 3393 341 3474 triangula
361 3412 417 3475 per
439 3394 593 3457 zodiacum
617 3393 737 3474 disponi
760 3390 902 3473 oportuit.
941 3390 1017 3454 Cum
1039 3392 1131 3472 igitur
1144 3389 1236 3454 Aries
1258 3389 1386 3470 primum
1404 3397 1436 3452 et
1449 3408 1542 3471 prae-

190 3481 307 3561 cipuum
339 3481 455 3544 zodiaci
488 3484 604 3562 signum
636 3482 691 3551 011,
725 3490 756 3544 01
787 3481 865 3563 ignis
888 3481 1062 3562 primarium
1090 3481 1132 3543 sit
1163 3480 1358 3554 elementum,
1386 3479 1543 3559 praeditus

191 3571 306 3644 calore,
334 3587 410 3650 quae
434 3578 482 3632 001
505 3571 634 3652 qualitas
659 3569 760 3632 activa
783 3571 822 3632 ad
845 3569 938 3631 vitam
962 3569 1088 3651 ideoque
1121 3569 1305 3642 masculina,
1320 3593 1324 3600 ·
1338 3567 1428 3630 Aries
1452 3567 1546 3646 igitur

191 3666 223 3720 et
245 3676 311 3720 cum
335 3676 370 3719 eo
394 3658 610 3738 triangulautia
624 3659 688 3722 Leo
712 3666 744 3720 01
766 3657 954 3738 Sagittarius
977 3665 1049 3720 suut
1070 3657 1169 3737 ignea.
1206 3657 1242 3720 Iu
1256 3656 1353 3736 primo
1373 3655 1541 3736 quadrante

189 3745 365 3827 principium
380 3746 481 3822 Aries,
506 3747 535 3809 in
559 3749 690 3810 secundo
713 3748 842 3810 medium
856 3747 930 3822 Leo,
955 3745 984 3809 iu
1009 3746 1100 3810 tertio
1122 3746 1190 3808 linis
1206 3743 1402 3825 Sagittarius.
1441 3739 1543 3813 Quar-

189 3844 238 3898 tus
262 3835 413 3916 quadrans
438 3835 574 3898 hiemalis
597 3845 680 3899 caret
705 3836 791 3916 signo
814 3837 913 3916 igneo.

277 3923 340 3986 Sed
363 3941 415 3986 cur
438 3925 497 3986 1010
520 3924 713 3988 succedentia
727 3924 852 4000 Το0000,
869 3923 973 4003 Virgo,
991 3921 1191 4002 Capricornus
1211 3927 1312 3982 terrea
1329 3917 1430 3999 potius
1453 3937 1551 3999 quam·

188 4019 294 4089 01000,
327 4029 393 4074 curu
423 4013 940 4093 01010000110100000010118011
972 4030 1093 4074 causam
1127 4011 1221 4071 refert
1243 4008 1426 4070 Albumasar
1449 4007 1543 4070 hauc:

188 4101 289 4166 calori
306 4100 425 4181 quidem
448 4102 597 4165 actionem
621 4121 689 4164 esse
712 4101 899 4178 0101100011,
933 4100 1037 4180 frigori
1067 4116 1137 4160 0000
1167 4096 1273 4159 itidem
1295 4096 1462 4166 actionem,
1490 4096 1545 4158 001

187 4189 388 4254 mortificandi
412 4197 443 4252 et
466 4190 686 4272 corrumpendi.
728 4188 855 4253 Omnem
877 4209 948 4252 vero
972 4183 1104 4250 activam
1128 4183 1305 4268 qualitatem
1328 4183 1454 4266 passiva
1476 4201 1545 4246 esse

187 4278 378 4342 nobiliorem:
400 4279 502 4360 itaque
526 4279 636 4356 Tauro,
661 4278 710 4360 qui
733 4281 868 4360 proxime
892 4276 1187 4360 sequiturArietem
1211 4273 1342 4336 activam
1366 4273 1544 4353 qualitatem

187 4368 316 4430 alteram
339 4367 500 4446 obtigisse,
535 4367 630 4448 frigus
659 4387 765 4450 nempe
789 4379 821 4430 et
849 4367 927 4430 inter
950 4367 1100 4427 elementa
1121 4373 1251 4436 terram,
1284 4362 1404 4442 frigoris
1428 4360 1539 4424 sedem.

186 4457 293 4537 Itaque
317 4475 394 4538 quae
417 4457 570 4537 proportio
596 4463 645 4518 eat
667 4457 749 4520 01100
773 4457 812 4518 01
835 4463 972 4531 mortem,
996 4453 1055 4516 diei
1072 4453 1111 4516 ad
1130 4459 1258 4526 noctem,
1282 4451 1375 4514 maria
1398 4450 1436 4513 ad
1451 4449 1540 4512 lemi-

186 4563 265 4618 uam,
289 4544 364 4606 baec
388 4563 504 4626 quoque
527 4545 686 4607 videbatur
708 4545 818 4607 caloris
842 4545 881 4607 01
904 4544 1010 4623 frigus.
1056 4543 1134 4605 Nam
1149 4549 1182 4603 et
1200 4540 1312 4604 lamina
1328 4539 1358 4603 iu
1376 4536 1541 4620 generandi

188 4639 258 4693 actu
280 4632 393 4712 aliquid
416 4633 482 4712 agit
505 4632 669 4715 (10000100
692 4633 769 4696 euim
792 4642 842 4698 est
859 4633 1044 4696 Albumasar
1065 4631 1174 4694 misera
1197 4629 1356 4705 laborans)
1379 4646 1435 4692 uec
1458 4645 1540 4691 mare

187 4719 308 4798 paaaive
330 4739 363 4781 00
387 4720 491 4783 babet.
654 4787 656 4794 ,
1588 4799 1591 4804 ,

275 4805 362 4870 Dixit
381 4807 581 4878 Albumasar,
611 4827 662 4872 cur
684 4807 772 4889 igneo
796 4811 881 4890 siguo
909 4816 1034 4872 censeat
1056 4807 1178 4872 succedi
1201 4813 1355 4888 orportare
1379 4827 1398 4868 a
1421 4804 1540 4886 frigido.
