3676 5540
746 317 916 385 casurus·
1441 321 1505 390 err

156 499 240 566 Nibil
264 500 343 564 enim
365 498 414 560 bio
438 495 591 560 efficaciae
621 516 687 560 curn
719 498 875 561 celeritate
903 517 1072 572 commune,
1104 517 1158 579 per
1190 518 1223 562 se
1256 499 1383 581 quidem.
1428 501 1508 565 Nam

157 609 234 672 qnae
257 607 312 670 per
335 589 482 668 quandam
507 587 593 668 qussi
616 588 862 668 compositionem
885 589 1117 651 accidentariam
1139 588 1208 650 inde
1226 589 1383 664 resultant,
1409 590 1446 652 de
1469 593 1508 654 iis

156 697 215 742 non
240 686 288 741 est
311 677 397 758 hujus
421 677 478 739 loci
503 675 612 738 dicere.
658 677 693 739 In
722 696 842 740 cursore
872 677 970 739 nobile
997 678 1159 752 velocitas,
1190 677 1221 740 in
1244 678 1330 758 Rege
1362 678 1446 761 quies
1476 689 1509 743 et

157 767 321 832 stabilitas.
368 765 449 838 Quid
477 763 643 844 Cepernico
676 767 757 829 dices
791 767 875 842 Pice,
909 767 958 846 qni
982 765 1085 830 Solem
1117 767 1206 829 docet
1238 777 1334 844 stare,
1368 787 1433 830 curu
1467 771 1509 833 sit

160 857 364 920 nobilissimus
379 855 587 936 planetarum?
623 855 729 936 Neque
744 875 819 918 sana
842 866 891 919 est
908 857 967 919 ullo
984 857 1073 918 modo
1087 855 1165 918 ratio
1180 855 1306 932 illorum,
1331 857 1381 938 qui
1396 855 1507 920 Satur-

158 967 227 1010 num
250 945 288 1010 ob
317 946 459 1025 majoram
488 945 630 1006 ambitum
653 944 731 1006 Jove
755 946 870 1008 iaciunt
892 944 1079 1009 velociorem.
1126 946 1204 1008 Nam
1227 963 1301 1008 vers
1324 947 1509 1010 astronomia

157 1044 242 1099 tanto
265 1053 336 1097 vere
359 1033 520 1096 tardiorem
539 1041 571 1095 et
594 1035 761 1114 seguiorem
786 1035 874 1111 lacit,
908 1041 1019 1114 quanto
1052 1045 1101 1098 est
1132 1036 1198 1115 ejus
1230 1035 1361 1115 spatium
1393 1034 1508 1100 itineris

156 1125 268 1188 Joviali
292 1123 419 1204 amplius
442 1134 473 1185 et
497 1123 622 1203 longius.
669 1121 755 1194 Qirae
788 1125 824 1185 de
852 1125 943 1186 verbo
972 1121 1025 1188 50.
1050 1122 1231 1208 Gentiloquii
1256 1123 1343 1187 Picus
1374 1124 1505 1202 disserit,

158 1235 195 1277 es
217 1215 290 1276 nihil
314 1214 353 1275 ad
376 1232 444 1289 nos,
475 1231 542 1275 eum
565 1212 793 1275 Mirandulsnus
826 1213 890 1294 ipse
919 1233 957 1275 ex
984 1231 1020 1275 eo
1051 1222 1167 1277 tanturn
1192 1214 1333 1290 deducat,
1364 1224 1507 1297 qnantum

156 1304 204 1366 hio
228 1305 389 1367 retinemus
412 1311 444 1364 et
467 1301 662 1365 defendimus.
673 1297 714 1377 ²⁰)

245 1393 338 1456 Libro
357 1392 392 1466 V,
409 1387 439 1454 6.
464 1392 569 1471 objicit
582 1392 671 1454 Picus
696 1390 858 1470 astrologis
881 1390 997 1455 medias
1020 1391 1244 1474 conjunctiones
1267 1391 1506 1472 respicientibus,

159 1482 236 1565 qnod
260 1483 332 1544 illae
356 1482 417 1542 siut
445 1481 551 1554 fictae,
575 1489 758 1561 apparentes
782 1481 858 1542 enim
883 1480 977 1544 luisse
1005 1480 1250 1544 considerandas.
1295 1481 1420 1556 Fateor,
1453 1502 1508 1546 nec

156 1573 212 1634 hoc
234 1579 353 1633 tantum
377 1571 432 1631 sed
455 1578 552 1632 totam
575 1570 652 1632 hauc
675 1580 785 1644 artem,
816 1569 994 1650 religionum
1024 1581 1055 1633 et
1082 1570 1272 1652 imperiorum
1298 1571 1439 1651 periodos
1470 1591 1509 1635 ex

156 1659 414 1740 conjunctionibus
438 1657 664 1732 determinandi,
694 1677 750 1739 ego
774 1677 890 1740 quoque
914 1678 980 1722 cum
1002 1660 1076 1722 Pico
1099 1658 1281 1740 ineptiarum
1304 1668 1336 1720 st
1358 1661 1507 1740 supersti-

156 1751 247 1814 tionis
271 1750 389 1812 damno.
427 1749 472 1810 At
488 1769 544 1810 non
562 1747 630 1810 ideo
647 1749 729 1811 nulla
747 1757 795 1812 est
818 1749 1036 1828 astrologorum
1062 1749 1247 1829 experientia
1266 1749 1302 1810 de
1319 1749 1508 1828 conjunctio·

155 1841 253 1905 nibus.
300 1836 380 1911 Quid
404 1846 467 1899 tum
490 1837 578 1912 enirn,
603 1838 629 1900 si
652 1857 725 1900 vera
747 1839 915 1919 conjunctio
940 1839 1041 1901 differt
1059 1860 1078 1901 a
1093 1839 1213 1900 medis?
1237 1857 1303 1900 cum
1322 1855 1394 1900 vera
1408 1839 1509 1921 aliqua

155 1927 289 2008 proxime
313 1927 440 1989 accedat
462 1927 500 1988 sd
523 1926 673 1989 mediam?
708 1927 789 1990 Nam
812 1927 871 1989 etsi
895 1947 972 1990 anno
994 1925 1089 1993 1583.
1110 1947 1185 2009 quae
1201 1939 1284 1989 motu
1303 1929 1399 1989 medio
1420 1929 1508 1992 stetit

85 2069 87 2083 ,
157 2018 197 2080 ad
219 2017 394 2098 principium
416 2016 544 2086 Arietis,
568 2035 606 2078 ea
627 2037 699 2078 vero
723 2025 805 2078 motu
828 2015 933 2079 incidit
955 2018 985 2079 in
1003 2012 1106 2091 21⁰3<
1121 2027 1244 2079 stanno
1268 2017 1385 2078 demum
1412 2015 1505 2082 170³.

156 2107 281 2187 primum
296 2106 450 2186 continget
469 2106 569 2186 aliqua
592 2107 621 2168 in
636 2105 680 2183 Υ,
706 2107 896 2168 nibilominus
920 2106 1087 2188 conjonctio
1107 2125 1254 2187 apparens
1279 2125 1314 2168 eo
1338 2125 1415 2170 anno
1440 2108 1507 2178 iuit,

157 2215 215 2276 quo
249 2214 324 2258 anno
357 2195 456 2257 media
488 2195 712 2258 ostendebatur.
759 2197 866 2276 Itaque
900 2197 924 2258 si
953 2197 1023 2277 quid
1052 2196 1163 2258 facturn
1191 2195 1220 2257 in
1244 2196 1334 2258 rebus
1359 2196 1506 2272 humanis,

157 2285 235 2368 quod
255 2285 293 2346 sd
316 2284 555 2364 conjunctionem
577 2285 606 2346 in
620 2285 726 2348 Ariete
750 2285 945 2360 referebatur,
971 2285 1035 2348 falli
1051 2287 1169 2369 quidem
1184 2285 1265 2347 circa
1279 2285 1394 2364 signum
1409 2286 1509 2365 potuit

157 2375 425 2456 experimentator;
459 2382 493 2435 at
521 2393 578 2436 non
607 2375 687 2436 circa
709 2374 807 2453 ipsam
830 2374 1083 2454 cunjunctionem
1117 2376 1153 2437 de
1178 2375 1284 2454 quibus
1309 2374 1355 2437 hic
1378 2376 1504 2454 agimus.

243 2465 312 2527 Non
336 2465 411 2525 haec
434 2463 510 2538 dico,
535 2465 612 2543 quod
636 2466 855 2542 astrologorum
877 2463 1065 2526 inductiones
1088 2483 1180 2544 usqne
1195 2464 1234 2525 sd
1249 2464 1392 2545 specialia
1414 2483 1506 2544 prae·

157 2553 284 2616 dicenda
307 2553 479 2624 delendam,
504 2553 613 2624 sedat
636 2552 796 2626 obtineam,
824 2551 905 2612 circa
927 2561 1044 2631 tempus
1068 2571 1242 2633 magnarum
1266 2553 1507 2631 conjunctionum

157 2651 261 2706 tantas
295 2641 387 2704 luisse
419 2641 632 2703 commotiones
664 2647 837 2702 naturarum
869 2640 1058 2721 ipsorumque
1086 2641 1245 2703 affectuum
1273 2641 1453 2703 naturalium
1476 2642 1506 2704 in

157 2731 341 2804 hominibus,
369 2739 402 2792 ut
430 2749 467 2791 ex
489 2730 527 2790 iia
551 2729 669 2808 decepti
692 2729 754 2790 sint
784 2730 942 2808 astrologi,
974 2739 1117 2811 putantes
1148 2749 1196 2793 res
1224 2731 1320 2810 ipsas,
1350 2748 1425 2811 quae
1452 2749 1507 2812 per

157 2821 226 2882 illas
250 2819 464 2882 commotiones
486 2815 681 2899 gerebantur,
706 2818 744 2879 ab
768 2819 824 2880 hoc
847 2819 972 2881 coelesti
995 2820 1140 2900 principio
1163 2818 1327 2900 profectas.

725 3261 844 3362 Caput
869 3261 937 3337 IX.

199 3445 257 3510 De
278 3447 461 3527 aspectuum
484 3449 658 3508 edmerum
679 3439 819 3524 adeoque
842 3448 872 3504 et
894 3441 1030 3526 [ilignei
1050 3443 1205 3529 efficacia,
1229 3449 1340 3508 contro
1361 3443 1457 3510 Joco.

621 3531 739 3596 Picum
760 3531 1035 3596 diirondrdurrona

241 3689 311 3753 Jam
325 3689 400 3752 libro
410 3691 466 3758 VI.
477 3687 510 3754 5.
522 3691 611 3755 Picus
625 3692 682 3754 boc
695 3692 819 3772 primunr
834 3693 998 3774 impugnat,
1018 3695 1096 3776 quod
1115 3699 1289 3774 aspectuum
1305 3690 1354 3754 alii
1375 3691 1437 3754 sint
1449 3712 1504 3775 per

155 3801 189 3844 ss
213 3779 315 3855 fausti,
339 3779 393 3842 alii
416 3779 540 3843 inlausti
564 3789 596 3842 et
617 3782 698 3858 mali,
722 3789 756 3844 ut
778 3783 952 3862 quadratus,
977 3785 1142 3865 oppositus.
1183 3782 1251 3844 Hac
1272 3781 1303 3842 in
1326 3793 1413 3860 parte
1436 3801 1503 3862 curn

152 3871 225 3933 Pico
249 3869 419 3932 consentio:
443 3887 512 3930 narn
536 3881 677 3950 aspectus
700 3871 766 3932 sola
789 3872 978 3934 vehementia
1001 3872 1158 3952 distingui,
1186 3889 1289 3933 omnes
1313 3889 1384 3933 vero
1407 3889 1501 3952 aeque

152 3961 192 4023 ad
222 3959 404 4022 incitandam
434 3967 572 4020 naturam
603 3977 699 4022 rerum
727 3961 930 4023 sublunarium
957 3962 1070 4042 pollere
1098 3961 1224 4022 affirmo.
1269 3957 1313 4020 Et
1335 3979 1427 4023 causa
1450 3980 1502 4024 cur
1598 4007 1601 4022 .

152 4051 316 4131 quadratus
345 4046 455 4123 malus,
489 4049 616 4111 refertur
646 4048 677 4110 io
706 4067 797 4111 sexus
828 4049 1048 4126 diversitatem,
1082 4049 1160 4131 quod
1191 4048 1316 4110 alterum
1349 4050 1500 4130 signorum

152 4139 299 4224 quadrato
323 4136 498 4200 distantium
516 4137 558 4200 sit
574 4137 779 4212 masculinnm,
803 4138 929 4200 alterurn
947 4139 1135 4215 femininum
1159 4138 1322 4220 dequibus
1341 4139 1402 4202 dixi
1422 4141 1498 4220 qnod

151 4248 231 4291 vana
253 4227 434 4310 existimem.
482 4225 557 4291 Cum
591 4245 662 4289 vero
695 4226 827 4308 quaerit,
861 4235 960 4289 utrum
992 4239 1132 4309 aspectus
1165 4227 1244 4291 inter
1275 4227 1343 4307 ipsa
1374 4247 1500 4309 corpora

151 4320 339 4400 planetarum
371 4323 514 4398 putentur
545 4337 583 4380 an
615 4326 754 4397 respectu
786 4318 943 4380 effectuum
975 4319 1024 4399 qui
1056 4327 1221 4398 sequuntur
1246 4317 1276 4380 in
1305 4317 1351 4380 bis
1376 4317 1498 4382 Terris?

151 4427 268 4472 rursum
297 4407 380 4470 illius
411 4407 504 4490 probo
535 4407 732 4483 senteutiam,
766 4406 839 4468 nihil
871 4407 910 4468 ab
938 4406 1061 4470 invicem
1089 4407 1153 4489 pati
1182 4406 1322 4487 planetas
1344 4407 1374 4469 in
1398 4409 1497 4484 coelo;

151 4517 245 4578 neque
269 4515 321 4559 eos
344 4495 502 4559 scientiam
526 4497 636 4560 habere
659 4515 763 4577 posse,
794 4496 912 4577 quando
940 4497 1000 4559 bini
1030 4509 1131 4561 mutuo
1164 4503 1342 4561 concurrant
1372 4506 1496 4578 aspectu

152 4587 182 4651 iu
196 4585 306 4662 Terris,
330 4588 357 4649 si
379 4587 427 4648 vel
453 4585 568 4649 animas
589 4586 649 4649 illis
673 4587 835 4649 rationales
857 4586 980 4650 tribuas.
1026 4588 1162 4668 Denique
1185 4595 1327 4668 aspectus
1349 4587 1404 4650 hos
1427 4605 1495 4650 esso

152 4676 231 4739 inter
252 4676 351 4738 radios
374 4676 542 4739 inTerram
562 4677 787 4753 descendentes,
811 4674 931 4739 minime
955 4696 1026 4739 vero
1049 4677 1128 4740 inter
1150 4695 1276 4757 corpora
1298 4677 1365 4758 ipsa
1386 4679 1494 4759 plane-

152 4773 266 4828 tarum:
296 4765 385 4840 baec,
414 4766 547 4847 inquam,
576 4767 675 4830 omnia
701 4767 810 4850 recipio
841 4785 907 4828 cum
929 4767 1012 4831 Pico.
1058 4769 1165 4848 Itaque
1189 4767 1244 4829 huc
1274 4767 1385 4847 ipsum,
1415 4769 1494 4850 quod

151 4854 337 4936 experientia
358 4864 499 4934 testatur,
524 4865 660 4922 naturam
682 4857 871 4921 sublunarem
889 4857 1001 4922 moveri
1015 4857 1053 4920 ab
1068 4857 1250 4938 aspectibus,
1274 4875 1339 4920 cum
1353 4867 1493 4941 aspectus

220 4959 308 5010 sapum
320 4961 390 5010 uam
406 4963 432 5006 u.
1247 4959 1278 5013 ⁴1
