3718 5528
762 273 932 340 meacm
952 273 978 328 s.
1483 278 1546 347 321

280 451 361 516 Vide
384 453 477 516 etlam
499 472 537 518 an
552 452 622 518 illae
647 451 799 530 tenebrae,
824 471 899 536 ques
919 450 1066 520 ennodi.
1091 455 1193 521 Terris
1216 452 1387 521 incubuisse
1406 475 1473 538 cup.
1491 457 1546 535 v1,

192 541 264 605 Nro.
289 538 339 604 11.
364 541 503 618 diximus,
527 543 633 608 umbra
655 550 792 606 cornetae
816 542 943 624 alicujus
967 543 1089 610 dilutior
1108 544 1208 618 luerit,
1232 563 1321 625 quam
1344 545 1546 628 suspicionem

195 629 285 694 etiarn
306 649 399 710 supra
422 630 513 694 mori.

279 717 325 782 Eo
344 737 415 784 vcro
434 719 531 794 modo,
549 737 606 800 qno
621 716 734 794 Solem,
749 719 856 784 stelles
876 739 978 784 omnes
997 727 1119 803 praeter
1132 721 1250 786 Lunam
1264 720 1396 802 quetidie
1410 724 1547 788 videmus

194 807 336 872 delicere:
368 827 488 890 semper
515 807 706 872 inferioribus
737 809 908 890 superiores
939 811 1129 892 tegentibus,
1161 811 1189 876 si
1212 813 1241 874 in
1264 831 1319 876 suo
1347 812 1418 878 illas
1439 813 1546 878 itinere

193 897 452 977 deprehenderint.

279 987 370 1048 Auno
393 982 447 1052 45.
477 979 640 1050 secundani
666 985 859 1070 Dionysium,
893 988 942 1068 qui
973 986 1030 1050 fuit
1059 985 1253 1052 annotatt.
1286 996 1357 1050 aute
1382 985 1546 1068 Christum,

191 1075 405 1138 Parthenonos
428 1073 476 1138 10.
501 1093 554 1137 εειι
573 1073 760 1156 Septembris
779 1071 809 1138 4.
829 1077 921 1139 stella
938 1076 1025 1138 Jovis
1040 1076 1086 1138 eoi
1102 1077 1265 1140 occultavit
1282 1078 1411 1140 asellum
1434 1079 1548 1142 amtri-

190 1181 272 1226 nnm.
319 1163 399 1228 Ptol.
423 1165 481 1235 XI.
506 1161 536 1228 3.

278 1251 416 1316 Eandem
439 1253 561 1316 stellam
583 1251 770 1314 Aristoteles
800 1252 879 1316 vidit
900 1253 947 1315 bis
971 1253 1112 1334 congredi
1140 1271 1208 1316 cnm
1240 1255 1339 1318 altera
1368 1254 1493 1320 duarum
1516 1255 1546 1318 in
1660 1303 1664 1315 .

190 1339 319 1420 pedibus
344 1339 547 1416 Geminorum,
574 1359 697 1422 eamque
721 1342 923 1406 occultantem
948 1341 1172 1422 (dpcrruunc).

280 1429 370 1492 Anno
406 1428 456 1496 13.
480 1431 636 1513 Dionysii,
669 1430 876 1510 Aegoceronie
908 1429 971 1506 25,
1005 1433 1055 1513 qni
1086 1441 1135 1494 est
1166 1427 1241 1494 272.
1276 1438 1346 1493 ante
1381 1431 1544 1510 Christum,

195 1516 403 1594 telonearii,
419 1520 600 1584 matutinum
614 1518 698 1582 sidus
708 1520 819 1582 Martis
835 1520 1064 1585 existimabatur
1077 1521 1546 1602 suppositomlnpooueaassa)

191 1607 307 1672 boreali
330 1609 440 1672 frontis
462 1608 591 1688 Scorpii.
638 1608 720 1672 Ptol.
743 1609 782 1684 X,
809 1605 840 1672 9.

279 1697 370 1759 Anno
396 1695 447 1762 13.
471 1696 677 1776 Philadelphi,
710 1696 789 1760 iuter
819 1697 870 1760 17.
895 1705 928 1760 et
956 1695 1008 1761 18.
1032 1696 1161 1767 Meteri.
1193 1697 1244 1779 qui
1274 1704 1324 1760 est
1354 1699 1435 1761 idem
1468 1698 1545 1764 272.

105 1819 109 1826 ·
191 1793 263 1850 ante
287 1784 451 1862 Christum,
480 1784 530 1850 12.
556 1785 709 1860 Octobris,
732 1787 824 1850 stella
847 1788 976 1852 Veneris
1000 1807 1088 1849 mane
1111 1784 1178 1848 visa
1201 1793 1250 1849 est
1272 1787 1545 1868 comprehendisse,

190 1893 254 1946 seu,
277 1883 312 1938 nt
325 1876 429 1938 Theon
443 1875 576 1956 expordt,
593 1875 809 1940 obtenebrasse
824 1877 994 1958 oppositum
1008 1875 1249 1952 Vindemiatrici,
1274 1895 1351 1958 quae
1365 1877 1395 1938 in
1411 1887 1546 1942 extreme

190 1965 258 2028 alae
283 1964 436 2028 austrinae
459 1965 520 2028 sita
543 1973 601 2027 est.
647 1965 727 2026 Ptol.
751 1965 791 2042 X,
816 1961 846 2030 4.

280 2051 462 2116 Maestlinns
492 2071 570 2116 anno
602 2049 697 2118 1574.
736 2050 783 2118 16.
808 2053 895 2134 Sept.
930 2073 1015 2116 mane
1040 2055 1070 2116 h.
1094 2049 1123 2116 4.
1154 2052 1231 2115 vidit
1260 2071 1312 2116 cor
1335 2059 1360 2130 ll
1384 2074 1404 2117 a
1426 2055 1547 2119 Venere

189 2149 315 2206 tectum.
360 2143 444 2205 ldem
469 2161 525 2223 ego
550 2141 650 2205 Gratii
673 2143 745 2218 vidi,
770 2163 847 2206 anuo
876 2139 968 2208 1598.
997 2138 1101 2222 15125.
1123 2141 1209 2222 Sept.
1234 2161 1322 2205 mane
1345 2143 1420 2207 bora
1442 2141 1472 2216 3,
1496 2145 1548 2209 riu

191 2239 259 2294 orta
281 2231 412 2294 Venere.
459 2232 544 2294 Hora
574 2241 683 2312 quarta
710 2233 775 2312 jam
799 2233 867 2313 plns
899 2251 959 2294 una
981 2232 1102 2294 Venere
1133 2231 1282 2294 interesse
1313 2233 1432 2312 potuit:
1466 2233 1548 2296 linea

190 2329 293 2384 tamen
317 2341 338 2382 a
359 2321 480 2384 Venere
503 2321 534 2384 in
557 2339 610 2384 cor
633 2322 764 2385 cadebat
784 2322 875 2402 paulo
899 2320 979 2384 inira
1000 2319 1118 2384 Jorem.
1157 2327 1254 2395 (comp
1273 2330 1330 2380 Vol.
1348 2327 1369 2392 1,
1388 2346 1413 2396 p.
1433 2327 1489 2394 ts.)

281 2409 322 2472 Ut
342 2408 462 2489 Jupiter
486 2409 650 2474 Saturnum
674 2419 776 2492 tegat,
803 2409 852 2474 vix
876 2411 969 2472 semel
991 2410 1072 2472 intra
1095 2412 1190 2474 multa
1213 2412 1316 2474 secula
1338 2411 1401 2474 lieri
1423 2417 1546 2493 potest3

190 2498 306 2562 laetum
328 2506 429 2564 tamen
453 2519 531 2561 anno
558 2495 653 2564 1564.
679 2519 748 2562 esee
775 2501 894 2562 videtur
918 2507 948 2562 et
971 2500 1068 2562 secuti
1095 2510 1166 2562 sunt
1193 2508 1319 2564 eventus
1342 2519 1396 2582 pro
1425 2501 1545 2582 magni-

189 2588 294 2650 tudine
317 2587 406 2668 signi,
431 2607 506 2669 quos
529 2589 675 2670 hodieque
700 2589 849 2652 cernimus
873 2588 911 2653 ob
936 2588 1048 2652 occulos.

280 2675 440 2740 Cometsm
464 2676 593 2758 aliquem
617 2699 636 2740 a
657 2677 744 2740 Jovis
773 2677 864 2740 stella
892 2686 1020 2752 tectum,
1053 2676 1173 2760 quidam
1198 2696 1235 2738 ex
1259 2678 1368 2740 Proelo
1390 2677 1546 2760 colligunt,
1665 2745 1673 2754 ,

188 2765 258 2828 ride
282 2766 333 2828 lib.
362 2767 390 2829 1.
414 2763 554 2848 Progym.
579 2767 739 2850 Tychonia
764 2768 817 2830 iol.
842 2763 917 2830 619.
933 2759 977 2840 ⁸¹)

278 2854 386 2920 Joreru
410 2875 429 2916 a
451 2855 552 2916 Marte
585 2865 682 2918 totum
716 2857 894 2938 eclipsatom
922 2856 1000 2918 vidit
1026 2852 1209 2917 Maestlinas
1232 2854 1389 2936 Tubingae
1419 2862 1451 2918 et
1480 2875 1547 2925 cnm

189 2961 226 3004 eo
257 2961 315 3024 ego
347 2961 426 3008 anno
457 2940 551 3010 1591.
587 2942 618 3009 9.
642 2945 790 3008 Jaouerii.
838 2944 931 3010 Color
961 2946 1072 3008 Martie
1104 2943 1210 3024 igneus
1238 2943 1367 3006 rutilans
1400 2943 1548 3026 arguebat

187 3031 322 3094 Martem
344 3032 527 3096 inferiorem.
637 3087 643 3092 .

278 3121 404 3184 Procles
428 3121 622 3184 observatum
645 3123 699 3197 ait,
724 3123 875 3186 Venerem
902 3122 1008 3184 subter
1028 3122 1160 3184 Martem
1192 3139 1325 3196 currere,
1358 3121 1438 3185 sicut
1459 3122 1545 3186 hier·

187 3211 302 3273 corium
325 3209 597 3274 subtercurrentem
622 3211 744 3276 Veneri.

275 3299 323 3362 De
346 3299 466 3362 Venere
492 3307 523 3362 et
541 3299 641 3361 Marte
665 3300 902 3382 experimentum
924 3300 1018 3361 refert
1040 3297 1120 3360 idem
1133 3297 1325 3372 Maestlinns,
1349 3315 1426 3362 anno
1448 3294 1544 3362 1599.

187 3385 218 3450 3.
235 3385 378 3452 Octobris
399 3408 486 3450 mane
505 3389 580 3450 hora
594 3386 625 3460 5,
640 3388 771 3451 Martem
790 3394 887 3448 totum
906 3387 1060 3450 aVenere
1084 3387 1278 3462 occultatum,
1297 3388 1397 3452 colore
1412 3387 1544 3449 Veneris

187 3477 317 3540 candido
340 3495 456 3540 rursum
479 3478 643 3553 indicante,
669 3478 747 3558 qnod
770 3477 875 3538 Venus
899 3475 1039 3538 humilier
1061 3476 1161 3539 fuerit.
1178 3468 1223 3550 ⁸²)

275 3565 406 3628 Veneris
430 3573 462 3627 et
485 3566 627 3628 Mercurii
657 3576 779 3630 mutuae
808 3575 937 3650 possunt
963 3585 1032 3628 esse
1064 3565 1300 3640 occultationes,
1330 3565 1396 3646 jam
1422 3565 1543 3628 Venere

185 3655 350 3736 superiore,
371 3655 436 3735 jam
459 3655 619 3718 Mercurio.

273 3743 365 3805 Anno
391 3739 485 3808 1599.
510 3763 575 3806 curn
600 3737 1001 3826 sustentamenta
1030 3761 1088 3804 nno
1121 3741 1208 3822 qnasi
1240 3742 1335 3822 gradu
1368 3750 1545 3822 superasset

184 3831 353 3906 Venerem,
386 3834 564 3895 tantundem
587 3833 650 3896 fere
674 3833 958 3913 septentrionalior:
990 3829 1189 3893 descenderet
1212 3837 1314 3894 antem
1348 3829 1543 3910 sequentibus

183 3920 290 3984 diebus
315 3929 348 3982 et
375 3939 480 3984 versus
509 3921 697 4002 eclipticam,
724 3922 924 3984 ¹decrescente
956 3919 1136 3995 latitudine,
1170 3925 1203 3980 et
1232 3935 1339 3981 versus
1363 3919 1488 3980 Terram
1511 3918 1541 3981 in

183 4009 332 4093 epinyclo‚
357 4018 514 4073 crescente
546 4011 691 4073 diametro
716 4010 841 4086 visibili,
876 4011 990 4072 lactum
1013 4015 1115 4070 tamen
1137 4003 1191 4072 29.
1217 4006 1300 4082 Maii,
1335 4005 1383 4069 vel
1407 4004 1437 4071 8.
1459 4007 1544 4072 Junii

184 4098 269 4171 (nam
294 4105 391 4160 totum
413 4099 606 4180 interjectum
634 4100 786 4162 octiduum
817 4098 987 4179 pluviosam
1010 4110 1042 4160 et
1064 4096 1197 4160 nubilum
1221 4093 1322 4159 Gratii
1346 4095 1419 4172 luit,
1453 4103 1488 4158 ut
1511 4105 1544 4160 et

184 4195 347 4267 sequentes
383 4187 448 4250 dies
478 4207 572 4269 usque
604 4188 634 4250 in
673 4181 761 4272 'l„),
793 4196 828 4250 nt
859 4185 1089 4267 diligentissime
1121 4185 1287 4266 respiciens
1317 4185 1357 4246 ad
1380 4185 1542 4264 Venerem,

181 4275 295 4338 nullum
318 4283 420 4338 tamen
444 4276 572 4339 viderim
589 4277 780 4352 Mercurium,
805 4295 872 4338 cum
895 4275 1022 4338 viderim
1041 4273 1187 4338 Geminos
1210 4282 1243 4336 et
1257 4271 1426 4355 Capellam.
1462 4276 1540 4338 Per·

181 4365 334 4428 suadebar
357 4364 491 4445 quidem,
524 4385 572 4428 me
596 4384 635 4428 ex
664 4366 804 4428 orientali
827 4363 958 4426 Veneris
980 4371 1067 4444 parte
1100 4363 1305 4444 longiuscules
1337 4364 1485 4444 quosdam
1509 4372 1542 4427 et

180 4453 309 4516 subtiles
332 4452 436 4518 radios
457 4453 567 4529 visere,
591 4454 696 4516 Venus
719 4464 821 4516 tamen
846 4452 977 4516 colorem
1000 4471 1060 4516 non
1083 4451 1223 4515 mutavit.
1260 4451 1416 4530 Analogia
1438 4459 1540 4516 motus

179 4541 278 4604 diurni
306 4549 339 4604 et
364 4542 584 4623 praecedentes
615 4543 843 4608 observationes
875 4541 994 4606 omnino
1016 4541 1199 4605 Mercurium
1230 4539 1397 4622 proximum
1426 4539 1540 4604 Veneri

180 4637 328 4696 statuant.

268 4717 372 4784 Solem
395 4717 503 4782 Venus
525 4719 581 4783 hoo
605 4719 707 4784 seculo
735 4727 838 4801 tegere
861 4739 921 4784 non
948 4727 1066 4801 potest,
1094 4719 1194 4800 potuit
1220 4726 1321 4780 tamen
1346 4722 1418 4780 ante
1443 4735 1539 4782 annos

151 4806 300 4892 ‘circiter
322 4807 469 4870 ducentos
492 4816 525 4869 et
546 4810 659 4889 polerit
682 4808 761 4872 olim.
776 4803 821 4882 ⁸³)

258 4911 346 4959 neptem
360 4911 436 4962 epora.
450 4913 477 4953 ll.
1290 4909 1322 4963 21
