3566 5536
685 291 766 362 Caput
786 285 873 350 XXlX.
1388 287 1451 366 727

106 474 145 536 61
179 473 310 546 16161166
343 475 561 556 astrologorum
592 473 813 576 praedictiones
844 495 882 537 ex
917 475 1033 554 trigono
1067 473 1154 554 igneo
1186 475 1361 540 desumtas:
1398 481 1452 542 sed

106 563 197 624 etiam
222 565 291 643 quia
319 564 348 626 in
378 565 571 646 sequentibus
609 551 687 644 ignei
717 564 847 644 trigoni
858 564 1084 628 circumstantia
1106 583 1172 626 6616
1195 565 1286 628 616116
1313 565 1451 648 implica-

106 653 203 716 bitur:
229 665 261 716 ut
284 653 363 719 clare
387 662 503 735 pateat,
528 671 585 734 quo
608 662 747 736 respectu
770 654 799 717 id
823 655 885 730 fiat,
910 652 1033 734 etquid
1057 654 1192 756 trigonus
1216 653 1320 736 ignaua
1344 677 1395 738 per
1419 675 1452 722 se

105 742 203 822 possit
228 743 335 824 quidve
359 764 378 808 6
400 744 491 820 stella
521 743 698 823 adjuvatam
730 744 855 823 denique
879 753 913 806 ut
932 744 984 806 661
1006 742 1158 845 separatio
1182 761 1291 819 eorum,
1316 765 1392 826 quae
1415 767 1454 813 ex

106 832 325 912 astrologorum
342 832 472 894 decretis
492 832 690 934 666766611661
709 852 836 913 magnae
851 832 1069 907 adscribuntur,
1085 832 1156 894 ab''
1137 851 1184 902 116,
1202 852 1278 914 quae
1292 836 1454 916 astrologia

106 930 139 983 et
162 921 336 986 nominatim
359 922 498 984 Fabricio
513 941 588 1024 1666
612 921 677 1001 6661
700 934 847 984 metusve
859 931 890 986 et
914 922 999 984 varia
1021 921 1206 1002 praejudicia
1229 935 1452 1004 suggesseruut.
1487 935 1491 943 '

104 1010 188 1072 Nam
209 1012 371 1074 secundum
396 1011 541 1091 principia
565 1009 639 1090 066.
665 1006 717 1072 26.
743 1008 795 1074 27.
821 1020 965 1091 usurpata
988 1010 1070 1072 credi
1096 1019 1212 1092 potest,
1237 1013 1363 1076 Deum
1356 1033 1454 1094 rpsurn

105 1098 237 1178 aliquam
262 1100 408 1162 rationem
432 1099 542 1162 babere
567 1119 684 1172 eorum,
715 1120 790 1180 quae
819 1100 936 1164 sincera
966 1108 1066 1176 mente
1090 1119 1128 1162 ex
1151 1101 1340 1182 astrologicis
1364 1123 1454 1184 prae-

104 1186 203 1268 ceptis
227 1189 456 1268 depromuntur:
482 1189 688 1272 utplurimum
711 1188 851 1269 expediat
871 1211 906 1250 ea
925 1195 1108 1268 perpurgata
1128 1189 1242 1252 666661.
1258 1262 1262 1268 ¹
1278 1191 1321 1254 Et
1343 1193 1453 1255 dictum

106 1277 224 1358 quidem
249 1278 463 1358 estproximis
487 1279 636 1357 capitibus
661 1277 809 1358 etiamque
833 1277 861 1339 in
881 1277 1082 1358 superioribus
1105 1279 1243 1358 sparsim,
1269 1281 1454 1361 176116616-

104 1367 466 1437 66111661616661161616
497 1368 578 1446 globi
601 1367 729 1430 Telluris
762 1386 836 1442 eam,
872 1387 946 1448 quae
979 1368 1119 1430 meteoris
1151 1370 1455 1460 6666661,66166611

104 1456 183 1518 haee
206 1457 375 1536 6667666116
399 1455 540 1529 Saturni,
563 1455 650 1518 Jovis
674 1457 854 1531 61Μ61116,
888 1476 963 1536 quae
987 1457 1073 1518 aunis
1100 1452 1192 1533 1603,
1221 1453 1314 1523 1604.
1339 1453 1454 1522 initium

107 1544 182 1606 feeit
203 1545 352 1625 trigono
345 1565 442 1626 agneo.
488 1546 719 1625 Astrologorum
749 1546 867 1626 quidem
901 1546 1023 1608 decreta
1046 1546 1089 1608 sic
1113 1557 1183 1610 suut
1205 1556 1397 1650 6661666616,
1422 1557 1456 1610 ut

107 1635 321 1697 melancholico
345 1627 456 1698 6616161
480 1643 593 1698 metum
617 1635 860 1712 corrflagratienis
885 1635 1017 1697 mundi
1008 1635 1131 1714 injicere
1154 1637 1282 1716 possint.
1321 1631 1481 1710 Quorum'

106 1724 333 1803 persuasionem
351 1726 414 1805 7661
439 1724 612 1788 6666661666
636 1724 818 1803 incipiebant
841 1723 958 1786 calidae
977 1725 1135 1788 nonnullae
1159 1744 1303 1790 annorum
1324 1747 1454 1808 sequeu-

109 1813 181 1874 tiuro
205 1823 325 1893 partes:
361 1813 465 1876 baec
456 1833 525 1894 1666
553 1834 622 1876 varo
655 1821 757 1876 aestas
787 1813 855 1876 anui
883 1809 983 1888 1606,
1017 1831 1093 1892 quas
1126 1814 1303 1878 humiditate
1336 1816 1456 1878 excedit

110 1903 238 1978 modum,
262 1903 396 1966 funditus
422 1904 527 1966 iterum
558 1903 711 1966 convellit.
757 1900 809 1964 Sic
833 1901 902 1964 olim
926 1921 1003 1964 auno
1031 1900 1129 1978 1524,
1159 1923 1225 1966 6616
1249 1905 1396 1984 astrologi
1417 1924 1456 1966 ex

111 1991 248 2071 opinions
289 1992 404 2072 trigoni.
435 1992 522 2074 aquei
559 1993 696 2056 luctuosa
728 2001 759 2052 et
791 1991 940 2054 horrenda
972 1991 1084 2054 diluvia
1114 1993 1337 2072 praedixissent
1363 2007 1454 2076 (6666.

110 2097 166 2148 vot.
183 2097 204 2159 1,
230 2095 354 2164 611171
379 2083 492 2147 creduli
515 2083 646 2144 nonnulli
671 2080 799 2144 desertis
821 2080 1217 2182 616611166661661661666
1238 2101 1307 2146 sese
1329 2102 1454 2164 recepe·-

110 2179 188 2232 runt.
234 2171 328 2251 Atqui
351 2192 408 2236 666
433 2170 518 2252 66616
542 2172 594 2246 1111,
620 2169 785 2250 66166616
809 2169 1046 2250 postsaoguine
1071 2170 1267 2250 agricolarum
1292 2173 1455 2236 inundante

110 2279 167 2322 666
191 2261 277 2340 pauci
300 2261 426 2351 periere.
465 2261 555 2324 Vana
577 2269 624 2324 est
649 2259 755 2362 itaque,
774 2259 1312 2338 6666166666161661161616666616
1336 2262 1452 2326 nomine

108 2347 188 2452 ignei
211 2349 320 2429 trigoni
344 2339 540 2431 exspectatio
585 2349 654 2412 Non
677 2349 773 2410 miuus
802 2349 882 2412 euim
912 2348 1093 2428 pluviarum,
1124 2349 1253 2426 nivium,
1278 2351 1454 2416 diluviorum

108 2438 167 2501 erit
190 2459 243 2520 per
266 2440 321 2502 bos
345 2437 409 2505 200
434 2459 542 2512 anuos,
572 2458 659 2518 quam
683 2444 790 2500 exacto
814 2457 908 2516 aquea
932 2437 1048 2516 trigono
1073 2438 1127 2500 1611
1151 2399 1368 2511 incendiorum,
1392 2441 1453 2503 iul·

108 2528 219 2592 1616616
242 2529 458 2610 siccitatisque.
503 2528 625 2590 Dictum
647 2526 725 2588 enirn
748 2526 847 2605 capite
872 2525 935 2589 vt·
956 2526 1212 2590 denominationes
1236 2529 1274 2591 ab
1298 2529 1454 2594 elementis

108 2627 142 2679 st
166 2618 209 2680 616
232 2618 325 2681 611616
349 2619 388 2680 66
411 2619 479 2698 igne
503 2615 622 2678 venisse
647 2615 782 2694 trigonis,
807 2633 863 2674 666
888 2633 925 2675 611
953 2621 1060 2676 natura
1082 2635 1153 2690 sua,
1176 2618 1269 2678 multo
1297 2618 1394 2682 minus
1417 2637 1455 2684 ex

89 2707 237 2781 6666111,
266 2707 320 2770 661
344 2725 382 2768 611
405 2723 485 2769 61666
509 2704 728 2782 astrologorum
758 2701 892 2766 arbitrio.
940 2701 966 2764 Ο
990 2702 1156 2780 vanitatem
1182 2705 1328 2770 infinitam
1351 2715 1452 2771 66166-

106 2794 259 2873 logorum,
294 2795 342 2874 qui
370 2813 519 2874 nunquam
550 2812 656 2873 sapere
684 2791 843 2870 incipiunt,
875 2810 1026 2873 nunquam
1055 2802 1177 2856 6666661
1198 2793 1246 2856 616
1273 2795 1453 2860 lutilisaimia
1502 2828 1506 2844 ι

105 2883 382 2946 denominationum
405 2884 586 2946 ludicrarum
608 2881 810 2947 fundamentis
835 2881 1026 2961 prognostica
1049 2901 1105 2944 sua
1127 2885 1351 2962 superstrueret

197 2969 299 3043 Quid?
323 2992 418 3035 nonne
442 2972 562 3052 quidam
586 2991 621 3034 66
637 2970 784 3032 amentiae
808 2977 879 3032 sunt
900 2971 1061 3050 progressi,
1085 2980 1119 3034 nt
1133 2971 1202 3052 quia
1225 2981 1338 3037 certum
1356 2975 1452 3039 habe·

100 3081 174 3124 [nus
198 3059 373 3138 Christiani,
398 3071 514 3136 ,Coelos
535 3077 565 3126 et
578 3072 692 3126 Terram
712 3069 758 3140 qui
777 3087 850 3124 6666
863 3074 936 3133 6661,
957 3069 1016 3141 igni
1034 3071 1172 3126 6616611661
1190 3071 1219 3126 16
1233 3072 1304 3128 11661
1322 3073 1450 3145 jodiciia¹⁶

99 3151 290 3220 6666111616
322 3151 440 3232 ignem,
471 3147 922 3232 66616666620066666616
952 3149 1026 3211 illud
1059 3158 1177 3230 tempus
1207 3170 1275 3214 esse
1305 3149 1451 3216 adventus

101 3240 239 3311 Domini,
263 3239 322 3303 diei
345 3239 697 3303 6611661666611611611
720 3237 846 3300 extremi
870 3236 934 3300 ausi
957 3237 1235 3318 616166676616661
1258 3239 1317 3312 Qui
1330 3251 1452 3322 praeter

106 3330 269 3414 stultitiam
288 3329 436 3414 opinionis
451 3329 510 3392 de
502 3329 607 3409 ignitis
625 3327 809 3408 temporibus
827 3325 991 3406 impietatis
1011 3327 1102 3390 etiam
1117 3347 1159 3390 rer
1151 3327 1256 3405 6661,
1281 3339 1451 3397 statuentes

106 3403 307 3484 6666166611
329 3418 481 3484 interitum
505 3420 634 3484 futurum
658 3417 818 3480 secuudum
841 3423 967 3478 naturae
991 3435 1126 3480 cursum:
1150 3417 1195 3480 sic
1210 3427 1244 3482 ut
1262 3438 1299 3481 ex
1321 3421 1452 3484 motibus

106 3507 257 3572 coelorum
280 3516 366 3572 tanto
389 3497 460 3572 ao'te
482 3507 614 3588 praedici
638 3507 750 3588 possit,
774 3525 841 3568 oum
865 3514 988 3568 teneant
1015 3505 1118 3568 fideles
1142 3525 1263 3583 omues,
1288 3509 1367 3572 huno
1392 3510 1449 3572 ad-

106 3604 229 3659 venturn
259 3597 379 3660 Domini
410 3599 473 3661 io're
502 3598 591 3678 plane
624 3593 831 3676 improvisum,
865 3595 941 3656 adeo
970 3601 1003 3656 ut
1032 3595 1104 3658 16616
1137 3596 1263 3676 alicujus
1294 3597 1449 3701 irruptioni

106 3693 306 3766 comparetur.
353 3685 467 3750 066166
489 3686 657 3766 6676661611
685 3683 838 3748 vesaniam
861 3683 977 3748 1666166
1005 3684 1205 3749 firmissimum
1229 3685 1285 3749 hoc
1309 3688 1447 3752 axioma:

104 3774 151 3838 rei
179 3777 317 3852 naturali,
342 3776 437 3857 qualis
462 3783 510 3838 est
538 3776 595 3838 iste
618 3774 732 3838 reditus
755 3773 949 3853 trigonorum,
974 3792 1032 3834 666
1052 3772 1215 3838 adhaerere
1239 3774 1329 3840 ullam
1352 3776 1449 3856 signi-

105 3864 279 3928 tioationem
301 3865 389 3928 ullius
420 3864 701 3945 praeternaturalia,
734 3863 792 3925 uisi
820 3862 948 3924 accedat
978 3862 1117 3924 voluntas
1140 3870 1173 3925 et
1195 3863 1349 3928 arbitrium
1373 3867 1448 3947 ejus,

104 3955 137 4016 in
162 3954 246 4034 cujus
274 3962 427 4035 potestate
460 3973 509 4017 res
540 3954 593 4014 illa
623 3952 890 4033 praeternaturalia
919 3958 966 4012 est
993 3949 1110 4030 posita,
1142 3961 1176 4015 ut
1207 3971 1274 4016 oum
1302 3953 1377 4018 iride
1400 3975 1449 4022 ros

104 4043 212 4107 habet.
258 4045 303 4108 at
326 4052 456 4118 6666161,
482 4051 579 4105 motus
602 4041 750 4104 coelorum
773 4039 906 4120 permitti
930 4049 1064 4104 naturae.

195 4131 266 4196 1661
290 4133 368 4214 quod
391 4132 524 4196 homines
549 4130 658 4194 attinet
681 4147 840 4230 eorumque
863 4127 1130 4207 congregationes.
1155 4130 1214 4192 etsi
1232 4129 1350 4211 quidem
1374 4151 1448 4196 oon-

97 4223 291 4307 junctionum
313 4241 485 4304 magnarum
510 4221 642 4301 ipsarum
665 4217 742 4278 inter
766 4217 847 4296 ipsos
871 4217 1026 4278 evidentes
1048 4217 1149 4279 videre
1165 4218 1237 4281 licet
1259 4219 1392 4294 effectos,
1415 4230 1449 4284 ut

102 4332 200 4394 supra
222 4313 353 4389 dictnm;
387 4311 445 4374 etei
468 4311 559 4374 etiam
582 4309 621 4371 ad
649 4306 791 4370 articulos
822 4305 1060 4386 conjunctionum
1090 4307 1185 4369 multa
1213 4308 1357 4392 specialia
1379 4329 1447 4376 sese

103 4403 336 4470 accommodant
358 4421 396 4464 ex
417 4399 570 4473 616166116;
601 4417 676 4478 qnae
700 4395 790 4458 Petro
813 4396 851 4456 de
873 4394 981 4458 Aliaco
1005 4394 1159 4459 Oardinali
1188 4397 1334 4462 dederunt
1356 4417 1449 4464 occa-

104 4495 238 4569 sionem,
274 4490 469 4571 comparandi
500 4487 643 4552 historias
666 4495 698 4548 et
720 4483 894 4564 religionum
922 4484 1061 4563 periodos
1088 4504 1153 4548 com
1186 4489 1386 4550 astronomia·
1377 4485 1446 4565 1,1)

105 4603 231 4665 quorum
254 4581 356 4663 aliqua
378 4579 478 4662 eapite
501 4577 629 4672 septimo
652 4576 681 4638 16
706 4574 819 4636 tabella
841 4581 912 4636 suut
934 4573 971 4636 ob
994 4574 1095 4650 oculos
1124 4575 1241 4656 666116·
1272 4583 1374 4640 166166
1397 4578 1446 4660 qui

106 4672 269 4777 diligenter
297 4668 398 4734 omnia
425 4655 569 4749 expeirdit
605 4664 822 4746 deprehendet,
855 4681 913 4724 nou
946 4663 1039 4726 666
1032 4681 1126 4744 16666
1145 4664 1287 4734 articulos
1318 4667 1446 4732 revoluti

106 4762 220 4840 trigoni
241 4762 319 4843 16661
342 4779 451 4824 novam
474 4758 602 4838 aliquam
617 4773 714 4818 rerum
732 4751 839 4816 taciem
854 4771 892 4813 ex
910 4752 1070 4832 improviso
1092 4753 1257 4818 exstitisse.
1294 4753 1446 4838 Quidquid

107 4851 190 4940 enim
213 4849 397 4932 experientia
418 4867 472 4930 per
493 4846 611 4910 modum
638 4843 806 4909 naturalem
829 4841 1044 4907 transscribere
1066 4851 1169 4925 potest
1191 4843 1237 4908 lais
1261 4845 1446 4928 trigonorum
1483 4939 1484 4944 γ
