3700 5530
761 301 844 369 dapne
860 301 931 356 VIII.
953 303 979 356 1.

557 516 585 580 1.
619 515 780 581 Occasio
805 519 1039 600 quaestionis
1062 519 1181 601 hujus.

279 656 354 722 Cum
379 657 642 721 animadvertisset
665 660 768 741 Tycha
791 661 929 722 Braheus
952 662 1048 724 nostri
1071 662 1164 724 seculi
1186 661 1394 743 Hipparchus,
1418 665 1548 746 eclipses

194 747 283 822 Solis,
304 767 358 810 seu
382 765 436 827 per
458 748 594 809 canalem
618 749 719 810 radius
733 749 985 814 intromitteretur
1007 769 1060 812 seu
1084 751 1178 814 oculis
1202 751 1406 831 exciperetur,
1430 773 1550 834 semper

193 837 331 900 exhihere
352 837 530 899 diametrum
546 837 649 902 Lunae
670 839 764 900 multo
787 838 940 907 minorem,
965 857 1054 919 qnam
1071 838 1125 901 1110
1144 840 1173 901 10
1193 839 1431 921 oppositIonibus
1450 863 1548 924 appa-

191 935 278 1001 reret,
304 925 503 1006 suspicionem
526 927 622 1006 primo
647 927 794 1006 concepit,
820 945 908 1008 qnam
932 928 1058 1008 1001000
1078 929 1181 1009 justae
1206 929 1375 992 sententiae
1400 931 1465 992 1000
1490 933 1546 994 10-

190 1016 285 1078 100111
316 1022 348 1077 01
380 1017 410 1077 10
433 1016 735 1097 Progymnasmatum
766 1025 846 1078 tomo
880 1017 906 1078 I.
942 1027 1047 1096 aperte
1077 1019 1233 1096 professus
1266 1025 1334 1079 est:
1370 1019 1483 1081 Lunam
1516 1022 1553 1082 in'

189 1104 447 1184 conjunctionibus
471 1124 529 1165 non
554 1106 682 1167 retinere
706 1107 832 1166 eandem
856 1105 1006 1168 visibilem
1029 1106 1223 1182 diametrum,
1254 1107 1396 1188 000010
1420 1109 1546 1189 opposi-

187 1193 320 1256 tionibus
343 1194 460 1270 habuit,
492 1195 546 1255 sed
570 1196 598 1255 vi
622 1195 740 1257 luminis
765 1194 881 1256 Solaris
905 1195 1055 1274 margines
1080 1196 1146 1274 ejus
1169 1196 1336 1270 extenuari
1362 1197 1463 1275 optica
1486 1197 1546 1258 ali-

188 1301 246 1364 000
269 1282 386 1344 ratione
409 1283 441 1344 id
464 1293 655 1364 suggerente.
704 1286 872 1364 Propterea
895 1284 981 1363 quasi
1009 1283 1065 1346 hoc
1088 1286 1259 1348 universale
1283 1292 1379 1360 esset,
1411 1285 1547 1349 tabulam

187 1371 476 1434 semidiametromm
503 1391 558 1452 pro
587 1373 745 1435 noviluniis
774 1374 957 1453 peculiarem
986 1373 1131 1434 exhibuit.
1178 1373 1220 1436 Et
1246 1393 1312 1436 000
1344 1393 1422 1437 anno
1448 1372 1546 1440 1600.

188 1461 226 1522 ad
251 1459 390 1522 Clarium
414 1461 594 1540 scripsisset,
624 1463 725 1524 mirari
748 1482 781 1522 se
806 1461 917 1530 aiebat,
941 1463 1037 1524 visam
1062 1459 1169 1524 Clario
1193 1482 1271 1524 anno
1297 1458 1392 1527 1560.
1417 1465 1545 1527 1010100

186 1549 310 1628 eclipsin
345 1549 374 1611 in
402 1550 562 1613 Lusitania
596 1552 795 1630 tenebrasque
829 1551 959 1612 interdiu
992 1560 1153 1613 nocturnas
1178 1556 1454 1628 (01007171),
1485 1573 1541 1617 nea

186 1639 264 1699 enim
287 1639 352 1718 pati
375 1657 431 1700 000
453 1639 628 1715 observata,
652 1649 686 1702 ut
710 1639 764 1701 801
788 1659 806 1700 0
829 1640 917 1702 Luna
942 1640 1133 1720 quantumvis
1155 1640 1323 1702 humillima
1345 1648 1427 1703 10100
1451 1649 1542 1720 tega-

187 1735 245 1789 tur.
293 1725 436 1789 Ceternm
464 1747 523 1790 non
554 1749 622 1790 esse
651 1730 791 1790 standum
820 1730 857 1790 ab
889 1729 949 1806 hac
972 1729 1261 1792 semidiametromm
1286 1729 1414 1802 tabella,
1439 1730 1542 1791 docuit

186 1815 308 1896 eclipsis
339 1815 435 1888 80110,
470 1837 545 1897 0000
574 1837 651 1879 0000
685 1813 780 1881 1601.
809 1818 971 1881 Decembri
1003 1819 1108 1880 statim
1139 1828 1211 1898 post
1239 1827 1368 1880 mortem
1391 1819 1546 1900 Tychonis

187 1913 292 1967 secuta
315 1913 379 1979 est,
410 1906 446 1966 de
475 1907 586 1985 00010
619 1907 782 1988 appendice
812 1907 850 1967 ad
873 1907 1147 1989 Progymnasmata
1179 1907 1343 1969 admonitio
1376 1907 1458 1969 10010
1486 1917 1544 1970 001.

189 1992 277 2065 Quod
310 1993 494 2056 sententiam
528 1996 639 2056 attinet
670 1996 783 2076 Ipsam,
823 1996 951 2075 primum
988 1998 1044 2058 hoc
1077 2004 1126 2058 cst
1158 1997 1277 2058 omniuo
1311 1997 1544 2071 concedendurn,

186 2084 281 2144 videri
304 2085 421 2146 Lunam
454 2085 574 2162 plenam
598 2086 682 2163 josto
711 2085 876 2164 majorem:
908 2085 961 2146 alii
992 2093 1093 2147 tamen
1121 2086 1234 2147 homiui
1265 2085 1364 2147 aliter.
1412 2087 1547 2147 100010

187 2173 366 2252 praeprnns
390 2173 499 2252 capitis
524 2173 564 2233 V.
589 2192 698 2253 scopus
723 2174 796 2248 fuit,
832 2175 991 2235 ostendere
1020 2194 1128 2236 causas
1160 2193 1198 2236 ex
1225 2175 1293 2253 ipsa
1316 2173 1399 2235 visus
1424 2175 1546 2236 confor-

188 2261 335 2335 matione,
370 2281 424 2324 cur
448 2261 661 2342 ampliarentur
684 2264 834 2342 margines
858 2282 957 2324 rerum
980 2263 1163 2338 lucidamm,
1197 2263 1377 2342 praesertim
1401 2263 1431 2323 iu
1457 2270 1546 2324 tene-

188 2351 260 2412 bris.
306 2349 366 2412 Hic
387 2351 490 2431 itaque
515 2352 619 2414 Lunae
643 2353 794 2430 margines
818 2371 875 2413 non
901 2360 1102 2414 extenuantur
1124 2353 1155 2414 vi
1179 2353 1298 2414 luminis
1322 2350 1456 2426 Solaria,
1491 2352 1547 2414 sed

189 2439 372 2520 ampliantur
402 2439 431 2500 vi
466 2439 584 2502 luminis
608 2441 737 2502 Lunaris
767 2460 804 2502 ex
828 2441 899 2502 Sole
932 2441 1154 2503 communicati.
1201 2441 1267 2503 Hoc
1296 2441 1398 2522 itaque
1428 2459 1465 2501 ex
1489 2441 1546 2501 hoc

189 2529 254 2590 loco
278 2529 441 2607 diligenter
464 2529 627 2590 notandum
652 2537 699 2589 est
722 2539 913 2600 astronomo,
944 2530 1001 2592 nisi
1025 2530 1093 2591 visu
1118 2529 1293 2591 acutissimo
1321 2538 1353 2591 et
1381 2529 1545 2591 fortissimo

189 2617 230 2679 011
251 2619 416 2697 praeditus,
442 2618 576 2698 ineptum
600 2637 668 2679 esse
692 2619 730 2679 ad
749 2619 854 2680 Lunae
878 2618 1058 2680 diametrum
1080 2619 1109 2680 in
1129 2616 1291 2698 plenilunio
1315 2618 1393 2680 citra
1416 2635 1546 2680 errorem

191 2707 286 2768 000110
310 2707 533 2782 dimetiendam,
560 2707 694 2787 adeoque
717 2707 748 2768 id
771 2707 822 2768 vir
845 2708 898 2769 ulli
921 2707 1072 2769 hominum
1095 2708 1280 2786 contingere.

277 2796 394 2858 Deinde
419 2803 450 2856 et
473 2796 529 2858 hoc
558 2796 781 2859 concedendum
805 2803 868 2870 est,
903 2797 933 2856 in
957 2796 1028 2859 Sole
1057 2795 1213 2858 deficiente
1241 2794 1386 2858 terminos
1410 2801 1443 2856 st
1465 2793 1547 2856 circa

188 2883 291 2948 Solem
315 2893 347 2946 et
370 2903 475 2946 versus
499 2885 616 2948 Lunam
647 2884 871 2964 subingressam
901 2885 931 2946 in
954 2885 1022 2945 risu
1045 2884 1188 2960 dilatari,
1219 2883 1297 2966 qnod
1321 2903 1412 2963 supra
1434 2883 1464 2946 in
1487 2883 1546 2946 fine

187 2974 298 3054 capitis
323 2973 417 3054 quinti
440 2993 477 3036 ex
501 2975 579 3036 00011
598 2975 702 3035 itidem
721 2973 957 3036 conformatione
983 2981 1014 3034 et
1031 2974 1152 3035 videndi
1171 2973 1287 3035 ratione
1308 2973 1546 3034 demonstratum

188 3072 244 3125 est.
292 3061 435 3125 Ceterum
459 3064 507 3124 hic
531 3064 692 3144 diligenter
722 3071 843 3144 oportet
876 3063 1064 3143 distinguere
1085 3063 1166 3124 inter
1189 3081 1244 3133 ea,
1277 3080 1354 3141 qnae
1383 3060 1480 3134 visui,
1513 3067 1547 3122 et

188 3171 263 3232 qnae
287 3160 406 3215 remota
428 3152 511 3214 visus
536 3153 776 3215 consideratione
801 3152 950 3213 accidunt.
997 3149 1085 3222 Quae
1109 3152 1187 3213 enim
1210 3151 1286 3213 visui
1311 3151 1466 3226 accidunt,
1490 3168 1546 3229 per

186 3241 352 3321 singularia
373 3243 508 3304 variant:
534 3261 609 3323 0000
633 3260 704 3304 vero
727 3261 760 3303 re
778 3260 852 3302 vera
874 3241 957 3315 liunt,
982 3241 1012 3301 in
1036 3241 1143 3302 eodem
1165 3240 1321 3302 horizonte
1345 3247 1415 3302 suot
1439 3239 1544 3302 00100-

187 3330 278 3392 modi.
325 3331 371 3393 At
394 3349 462 3392 cnm
486 3330 522 3391 de
546 3351 582 3392 00
606 3341 722 3410 agatur,
748 3330 814 3391 dies
837 3349 875 3390 an
898 3349 958 3390 nox
980 3330 1022 3390 sit
1045 3329 1147 3391 futura
1169 3329 1225 3391 sub
1248 3329 1374 3409 eclipsin
1395 3327 1486 3403 Solis,
1512 3336 1545 3390 01

187 3419 304 3481 000100
335 3428 428 3500 quota
450 3438 522 3500 pars
544 3420 620 3482 10010
644 3421 766 3482 diurnae
791 3419 832 3480 ait
854 3419 1008 3498 peritura?
1040 3419 1153 3480 1100100
1177 3419 1215 3481 01
1238 3419 1321 3481 risus
1345 3419 1421 3481 vitia
1444 3417 1544 3496 respi-

187 3507 279 3576 citur,
314 3510 364 3589 qui
387 3509 444 3571 etsi
468 3508 497 3570 in
521 3528 579 3570 000
608 3510 709 3590 011000
737 3509 855 3570 homine
878 3508 999 3588 penitus
1024 3508 1159 3582 deliciet,
1193 3527 1251 3570 nou
1276 3505 1544 3570 1000000011

187 3595 284 3657 lumen
309 3598 420 3659 ceteris
444 3597 611 3660 hominibus
634 3599 792 3678 extinguit.
829 3599 937 3678 Itaque
960 3597 1017 3658 hoc
1037 3597 1100 3676 jam
1121 3598 1252 3658 secundo
1271 3598 1421 3659 notabunt
1439 3603 1542 3656 astro-

189 3685 284 3758 nomi,
309 3705 368 3748 000
393 3704 461 3750 0000
485 3688 561 3748 visui
580 3688 729 3748 fidendum
752 3705 847 3767 neque
871 3687 908 3747 de
933 3703 1055 3747 numere
1078 3685 1240 3765 digitorum
1264 3705 1359 3766 neque
1383 3685 1420 3745 de
1445 3699 1543 3760 angu-

189 3773 250 3836 stia
271 3775 424 3838 interioris
453 3782 485 3837 et
507 3777 574 3837 cavi
605 3777 706 3838 circuli
730 3774 833 3838 80100
863 3775 1068 3849 terminantis,
1103 3773 1152 3856 qui
1183 3783 1231 3835 001
1263 3775 1389 3836 01000100
1413 3769 1543 3832 Lunaris

189 3863 331 3942 corporis.
356 3862 479 3928 Etenim
502 3866 549 3927 hic
573 3884 604 3928 re
623 3883 696 3926 vera
718 3866 749 3927 in
773 3865 839 3926 visu
863 3871 967 3926 nostro
991 3863 1141 3943 margines
1165 3863 1279 3937 Lunae,
1304 3870 1337 3923 ut
1360 3860 1462 3942 'lycho
1488 3858 1542 3932 011,

188 3959 388 4015 extenuantur
407 3955 437 4016 vi
461 3952 579 4018 Solaria
599 3953 727 4030 luminis,
753 3973 805 4017 000
826 3954 927 4035 potius
946 3953 1097 4034 margines
1113 3950 1229 4015 Solaria
1250 3949 1416 4030 particulae
1437 3948 1542 4010 lucen-

188 4041 228 4102 tis
252 4041 443 4122 ampliantur.

275 4132 345 4195 Non
369 4141 417 4195 001
439 4133 542 4211 110000
571 4129 609 4192 ab
633 4129 689 4206 hqc
712 4130 795 4192 visus
828 4131 984 4192 accidente
1018 4130 1056 4191 01
1086 4129 1116 4190 11
1149 4125 1433 4208 argumentandum,
1465 4123 1545 4205 quod

189 4217 266 4282 citra
295 4219 380 4283 visus
413 4219 683 4284 considerationem
717 4219 844 4293 accidit
880 4239 974 4299 00000
1007 4218 1130 4280 tabulae
1153 4217 1183 4278 in
1206 4215 1290 4278 visus
1314 4213 1444 4296 gratiam
1468 4233 1543 4276 con

188 4307 320 4387 dandae,
354 4329 430 4391 quae
453 4329 549 4391 neque
573 4327 637 4371 rem
660 4310 758 4390 ipsam
781 4327 876 4389 neque
907 4308 1037 4372 omnium
1064 4309 1182 4369 risuum
1204 4305 1280 4367 vitia
1302 4309 1541 4384 repraesentent

188 4395 255 4461 Non
279 4399 372 4462 debet
395 4401 473 4463 enim
497 4399 656 4479 quicquam
683 4405 840 4480 praestare
870 4405 1060 4460 astronomus
1087 4404 1209 4478 praeter
1233 4415 1282 4468 ea,
1316 4412 1391 4475 quae
1415 4411 1447 4456 re
1471 4411 1545 4453 vera

189 4489 339 4554 accidunt.
386 4489 494 4552 Visum
517 4506 589 4550 vero
613 4489 737 4550 medidie
760 4487 954 4568 relinquimus
979 4485 1206 4548 emendandum.

276 4575 366 4648 Quod
390 4597 461 4641 vero
485 4576 578 4640 etiam
600 4595 655 4658 per
678 4577 815 4639 canalem
839 4577 925 4658 (quia
948 4583 979 4638 et
1002 4576 1059 4638 hoc
1082 4573 1184 4657 Tycha
1208 4591 1279 4634 0000
1302 4573 1365 4646 001)
1389 4575 1422 4630 01
1445 4585 1542 4648 angn-

188 4671 266 4729 stum
297 4668 434 4730 foramen
463 4675 607 4747 exceptas
640 4665 720 4730 Solis
753 4665 918 4729 deficientis
950 4665 1054 4729 radius
1086 4662 1231 4727 terminos
1260 4662 1397 4724 lucentes
1427 4657 1543 4740 prefert

187 4756 363 4837 Lunamque
387 4758 531 4820 minorem
555 4755 670 4836 arguit,
700 4755 732 4818 id
761 4763 879 4818 tantum
913 4755 1001 4817 abest
1032 4759 1065 4816 ut
1086 4771 1190 4816 veram
1212 4752 1317 4814 Lunae
1341 4749 1543 4833 quantitatem

188 4843 344 4922 ostendat,
378 4853 412 4909 01
433 4846 535 4928 potins
557 4844 626 4910 hinc
649 4844 823 4910 occasiones
856 4843 1050 4926 apparuerint
1081 4859 1174 4924 supra
1196 4859 1263 4923 cap.
1287 4841 1327 4904 11.
1353 4837 1460 4923 quibus
1484 4837 1541 4944 ds-
