<?xml version="1.0" encoding="UTF-8"?>
<!DOCTYPE html PUBLIC "-//W3C//DTD XHTML 1.0 Transitional//EN"
    "http://www.w3.org/TR/xhtml1/DTD/xhtml1-transitional.dtd">
<html xmlns="http://www.w3.org/1999/xhtml" xml:lang="en" lang="en">
 <head>
  <title>
</title>
<meta http-equiv="Content-Type" content="text/html;charset=utf-8" />
  <meta name='ocr-system' content='tesseract 3.04.00' />
  <meta name='ocr-capabilities' content='ocr_page ocr_carea ocr_par ocr_line ocrx_word'/>
</head>
<body>
  <div class='ocr_page' id='page_1' title='image "./joanniskepleria02unkngoog/joanniskepleria02unkngoog_0327.png"; bbox 0 0 3718 5528; ppageno 0'>
   <div class='ocr_carea' id='block_1_1' title="bbox 310 277 1172 346">
    <p class='ocr_par' dir='ltr' id='par_1_1' title="bbox 310 277 1172 346">
     <span class='ocr_line' id='line_1_1' title="bbox 310 277 1172 346; baseline -0.005 -14"><span class='ocrx_word' id='word_1_1' title='bbox 310 277 376 346; x_wconf 84' lang='grc'>300</span> <span class='ocrx_word' id='word_1_2' title='bbox 804 281 974 332; x_wconf 75' lang='lat' dir='ltr'>Aaoooomtaa</span> <span class='ocrx_word' id='word_1_3' title='bbox 992 281 1054 332; x_wconf 77' lang='lat' dir='ltr'>rm</span> <span class='ocrx_word' id='word_1_4' title='bbox 1073 281 1172 346; x_wconf 81' lang='lat' dir='ltr'>Optioa.</span> 
     </span>
    </p>
   </div>
   <div class='ocr_carea' id='block_1_2' title="bbox 309 454 1669 981">
    <p class='ocr_par' dir='ltr' id='par_1_2' title="bbox 309 454 1669 981">
     <span class='ocr_line' id='line_1_2' title="bbox 310 454 1666 538; baseline -0.003 -18"><span class='ocrx_word' id='word_1_5' title='bbox 310 456 463 536; x_wconf 85' lang='lat' dir='ltr'>ginatione</span> <span class='ocrx_word' id='word_1_6' title='bbox 488 458 680 530; x_wconf 78' lang='lat' dir='ltr'>duceremus,</span> <span class='ocrx_word' id='word_1_7' title='bbox 706 468 838 537; x_wconf 85' lang='lat' dir='ltr'>quaeat</span> <span class='ocrx_word' id='word_1_8' title='bbox 862 457 962 520; x_wconf 89' lang='lat' dir='ltr'>Solem</span> <span class='ocrx_word' id='word_1_9' title='bbox 987 459 1021 537; x_wconf 78' lang='grc' dir='ltr'>βγ</span> <span class='ocrx_word' id='word_1_10' title='bbox 1043 458 1309 538; x_wconf 78' lang='lat' dir='ltr'><strong>comprehendant,</strong></span> <span class='ocrx_word' id='word_1_11' title='bbox 1335 457 1437 520; x_wconf 90' lang='lat' dir='ltr'>Solem</span> <span class='ocrx_word' id='word_1_12' title='bbox 1459 457 1549 536; x_wconf 87' lang='lat' dir='ltr'>longe</span> <span class='ocrx_word' id='word_1_13' title='bbox 1573 454 1666 517; x_wconf 83' lang='lat' dir='ltr'>altius</span> 
     </span>
     <span class='ocr_line' id='line_1_3' title="bbox 310 545 1669 627; baseline -0.001 -21"><span class='ocrx_word' id='word_1_14' title='bbox 310 567 331 606; x_wconf 88' lang='lat' dir='ltr'>a</span> <span class='ocrx_word' id='word_1_15' title='bbox 352 551 370 607; x_wconf 87' lang='lat' dir='ltr'>d</span> <span class='ocrx_word' id='word_1_16' title='bbox 393 546 491 608; x_wconf 88' lang='lat' dir='ltr'>attolli</span> <span class='ocrx_word' id='word_1_17' title='bbox 511 563 634 607; x_wconf 89' lang='lat' dir='ltr'>necesse</span> <span class='ocrx_word' id='word_1_18' title='bbox 652 547 719 606; x_wconf 91' lang='lat' dir='ltr'>erit.</span> <span class='ocrx_word' id='word_1_19' title='bbox 753 547 933 626; x_wconf 89' lang='lat' dir='ltr'>Hujusmodi</span> <span class='ocrx_word' id='word_1_20' title='bbox 948 547 1099 627; x_wconf 86' lang='lat' dir='ltr'><strong>quippiam</strong></span> <span class='ocrx_word' id='word_1_21' title='bbox 1122 547 1276 626; x_wconf 89' lang='lat' dir='ltr'>objicienti</span> <span class='ocrx_word' id='word_1_22' title='bbox 1299 555 1471 608; x_wconf 79' lang='lat' dir='ltr'>astronomo</span> <span class='ocrx_word' id='word_1_23' title='bbox 1487 545 1561 608; x_wconf 93' lang='lat' dir='ltr'>illud</span> <span class='ocrx_word' id='word_1_24' title='bbox 1578 562 1669 606; x_wconf 90' lang='lat' dir='ltr'>unum</span> 
     </span>
     <span class='ocr_line' id='line_1_4' title="bbox 309 633 1665 716; baseline -0.003 -20"><span class='ocrx_word' id='word_1_25' title='bbox 309 636 497 714; x_wconf 82' lang='lat' dir='ltr'>respondeo:</span> <span class='ocrx_word' id='word_1_26' title='bbox 522 653 591 695; x_wconf 87' lang='lat' dir='ltr'>rere</span> <span class='ocrx_word' id='word_1_27' title='bbox 616 633 733 713; x_wconf 90' lang='lat' dir='ltr'>quidem</span> <span class='ocrx_word' id='word_1_28' title='bbox 759 637 841 696; x_wconf 90' lang='lat' dir='ltr'>illurn</span> <span class='ocrx_word' id='word_1_29' title='bbox 864 635 1078 716; x_wconf 89' lang='lat' dir='ltr'>argumentari,</span> <span class='ocrx_word' id='word_1_30' title='bbox 1103 637 1156 698; x_wconf 89' lang='lat' dir='ltr'>sed</span> <span class='ocrx_word' id='word_1_31' title='bbox 1180 636 1259 698; x_wconf 90' lang='lat' dir='ltr'>ultra</span> <span class='ocrx_word' id='word_1_32' title='bbox 1283 634 1495 696; x_wconf 76' lang='lat' dir='ltr'>sensibilitatis</span> <span class='ocrx_word' id='word_1_33' title='bbox 1511 633 1665 694; x_wconf 87' lang='lat' dir='ltr'>terminos.</span> 
     </span>
     <span class='ocr_line' id='line_1_5' title="bbox 309 721 1668 804; baseline -0.002 -19"><span class='ocrx_word' id='word_1_34' title='bbox 309 721 390 786; x_wconf 89' lang='lat' dir='ltr'>Nam</span> <span class='ocrx_word' id='word_1_35' title='bbox 414 743 452 784; x_wconf 83' lang='lat' dir='ltr'>ex</span> <span class='ocrx_word' id='word_1_36' title='bbox 475 741 540 802; x_wconf 91' lang='lat' dir='ltr'>cap.</span> <span class='ocrx_word' id='word_1_37' title='bbox 565 721 624 791; x_wconf 92' lang='lat' dir='ltr'>IV,</span> <span class='ocrx_word' id='word_1_38' title='bbox 657 723 730 786; x_wconf 88' lang='lat' dir='ltr'>Nro.</span> <span class='ocrx_word' id='word_1_39' title='bbox 756 721 785 788; x_wconf 85' lang='lat'>6.</span> <span class='ocrx_word' id='word_1_40' title='bbox 816 743 900 804; x_wconf 87' lang='lat' dir='ltr'><strong>prop.</strong></span> <span class='ocrx_word' id='word_1_41' title='bbox 929 724 978 786; x_wconf 89' lang='lat' dir='ltr'>ll.</span> <span class='ocrx_word' id='word_1_42' title='bbox 1004 733 1149 804; x_wconf 88' lang='lat' dir='ltr'>apparet,</span> <span class='ocrx_word' id='word_1_43' title='bbox 1182 725 1261 786; x_wconf 75' lang='lat' dir='ltr'>aeris</span> <span class='ocrx_word' id='word_1_44' title='bbox 1294 724 1483 785; x_wconf 78' lang='lat' dir='ltr'>altitudinem</span> <span class='ocrx_word' id='word_1_45' title='bbox 1515 722 1567 784; x_wconf 81' lang='lat' dir='ltr'>rix</span> <span class='ocrx_word' id='word_1_46' title='bbox 1599 739 1668 782; x_wconf 89' lang='lat' dir='ltr'>esse</span> 
     </span>
     <span class='ocr_line' id='line_1_6' title="bbox 310 809 1667 894; baseline -0.001 -23"><span class='ocrx_word' id='word_1_47' title='bbox 310 811 426 873; x_wconf 91' lang='lat' dir='ltr'>dimidii</span> <span class='ocrx_word' id='word_1_48' title='bbox 455 811 607 879; x_wconf 87' lang='lat' dir='ltr'>milliaris,</span> <span class='ocrx_word' id='word_1_49' title='bbox 640 812 758 874; x_wconf 88' lang='lat' dir='ltr'>etiamsi</span> <span class='ocrx_word' id='word_1_50' title='bbox 792 813 956 876; x_wconf 86' lang='lat' dir='ltr'>horizontis</span> <span class='ocrx_word' id='word_1_51' title='bbox 989 814 1131 876; x_wconf 88' lang='lat' dir='ltr'>refractio</span> <span class='ocrx_word' id='word_1_52' title='bbox 1163 815 1254 894; x_wconf 89' lang='lat' dir='ltr'>plane</span> <span class='ocrx_word' id='word_1_53' title='bbox 1278 809 1332 878; x_wconf 81' lang='lat'>34¹</span> <span class='ocrx_word' id='word_1_54' title='bbox 1356 813 1406 876; x_wconf 91' lang='lat' dir='ltr'>sit.</span> <span class='ocrx_word' id='word_1_55' title='bbox 1454 811 1572 873; x_wconf 89' lang='lat' dir='ltr'>Talium</span> <span class='ocrx_word' id='word_1_56' title='bbox 1595 827 1667 872; x_wconf 88' lang='lat' dir='ltr'>vero</span> 
     </span>
     <span class='ocr_line' id='line_1_7' title="bbox 309 897 1666 981; baseline -0.002 -20"><span class='ocrx_word' id='word_1_57' title='bbox 309 899 420 961; x_wconf 86' lang='lat' dir='ltr'>Terrae</span> <span class='ocrx_word' id='word_1_58' title='bbox 451 899 673 961; x_wconf 88' lang='lat' dir='ltr'>semidiameter</span> <span class='ocrx_word' id='word_1_59' title='bbox 704 901 796 964; x_wconf 90' lang='lat' dir='ltr'>habet</span> <span class='ocrx_word' id='word_1_60' title='bbox 829 897 904 966; x_wconf 89' lang='grc'><strong>860.</strong></span> <span class='ocrx_word' id='word_1_61' title='bbox 961 900 1062 972; x_wconf 82' lang='lat' dir='ltr'>Quare</span> <span class='ocrx_word' id='word_1_62' title='bbox 1097 903 1166 964; x_wconf 87' lang='lat' dir='ltr'>dum</span> <span class='ocrx_word' id='word_1_63' title='bbox 1199 903 1280 964; x_wconf 91' lang='lat' dir='ltr'>mille</span> <span class='ocrx_word' id='word_1_64' title='bbox 1312 902 1522 981; x_wconf 86' lang='lat' dir='ltr'>septingentas</span> <span class='ocrx_word' id='word_1_65' title='bbox 1554 899 1666 961; x_wconf 87' lang='lat' dir='ltr'>Terrae</span> 
     </span>
    </p>
   </div>
   <div class='ocr_carea' id='block_1_3' title="bbox 306 988 1669 1334">
    <p class='ocr_par' dir='ltr' id='par_1_3' title="bbox 306 988 1669 1334">
     <span class='ocr_line' id='line_1_8' title="bbox 309 988 1668 1067; baseline 0 -20"><span class='ocrx_word' id='word_1_66' title='bbox 309 988 549 1050; x_wconf 89' lang='lat' dir='ltr'>semidiametros</span> <span class='ocrx_word' id='word_1_67' title='bbox 574 997 790 1067; x_wconf 88' lang='lat' dir='ltr'>computamus,</span> <span class='ocrx_word' id='word_1_68' title='bbox 815 991 975 1053; x_wconf 89' lang='lat' dir='ltr'>unanobis</span> <span class='ocrx_word' id='word_1_69' title='bbox 1000 992 1138 1053; x_wconf 90' lang='lat' dir='ltr'>deestob</span> <span class='ocrx_word' id='word_1_70' title='bbox 1163 992 1351 1054; x_wconf 83' lang='lat' dir='ltr'>altitudinem</span> <span class='ocrx_word' id='word_1_71' title='bbox 1368 991 1458 1052; x_wconf 74' lang='lat' dir='ltr'>aeris.</span> <span class='ocrx_word' id='word_1_72' title='bbox 1497 990 1542 1050; x_wconf 90' lang='lat' dir='ltr'>At</span> <span class='ocrx_word' id='word_1_73' title='bbox 1564 995 1668 1067; x_wconf 87' lang='lat' dir='ltr'>potest</span> 
     </span>
     <span class='ocr_line' id='line_1_9' title="bbox 309 1073 1666 1160; baseline 0 -24"><span class='ocrx_word' id='word_1_74' title='bbox 309 1077 346 1136; x_wconf 86' lang='lat' dir='ltr'>de</span> <span class='ocrx_word' id='word_1_75' title='bbox 371 1073 414 1140; x_wconf 89' lang='lat'>60</span> <span class='ocrx_word' id='word_1_76' title='bbox 437 1077 669 1139; x_wconf 89' lang='lat' dir='ltr'>semidiametris</span> <span class='ocrx_word' id='word_1_77' title='bbox 701 1079 786 1140; x_wconf 91' lang='lat' dir='ltr'>nobis</span> <span class='ocrx_word' id='word_1_78' title='bbox 810 1099 870 1141; x_wconf 89' lang='lat' dir='ltr'>una</span> <span class='ocrx_word' id='word_1_79' title='bbox 898 1080 1023 1153; x_wconf 88' lang='lat' dir='ltr'>deesse,</span> <span class='ocrx_word' id='word_1_80' title='bbox 1051 1088 1211 1160; x_wconf 90' lang='lat' dir='ltr'>postquam</span> <span class='ocrx_word' id='word_1_81' title='bbox 1240 1099 1355 1142; x_wconf 90' lang='lat' dir='ltr'>omnem</span> <span class='ocrx_word' id='word_1_82' title='bbox 1386 1077 1567 1140; x_wconf 90' lang='lat' dir='ltr'>observandi</span> <span class='ocrx_word' id='word_1_83' title='bbox 1591 1076 1666 1138; x_wconf 89' lang='lat' dir='ltr'>sub-</span> 
     </span>
     <span class='ocr_line' id='line_1_10' title="bbox 308 1163 1669 1245; baseline 0 -19"><span class='ocrx_word' id='word_1_84' title='bbox 308 1163 450 1226; x_wconf 90' lang='lat' dir='ltr'>tilitatem</span> <span class='ocrx_word' id='word_1_85' title='bbox 475 1166 708 1230; x_wconf 83' lang='lat' dir='ltr'>adhibuerimus.</span> <span class='ocrx_word' id='word_1_86' title='bbox 748 1166 850 1238; x_wconf 82' lang='lat' dir='ltr'>Quare</span> <span class='ocrx_word' id='word_1_87' title='bbox 864 1188 924 1230; x_wconf 90' lang='lat' dir='ltr'>non</span> <span class='ocrx_word' id='word_1_88' title='bbox 943 1176 991 1231; x_wconf 88' lang='lat' dir='ltr'>est</span> <span class='ocrx_word' id='word_1_89' title='bbox 1006 1171 1080 1230; x_wconf 88' lang='lat' dir='ltr'>haec</span> <span class='ocrx_word' id='word_1_90' title='bbox 1095 1171 1241 1232; x_wconf 91' lang='lat' dir='ltr'>minutula</span> <span class='ocrx_word' id='word_1_91' title='bbox 1264 1169 1444 1231; x_wconf 87' lang='lat' dir='ltr'>incertitudo</span> <span class='ocrx_word' id='word_1_92' title='bbox 1465 1165 1669 1245; x_wconf 86' lang='lat' dir='ltr'>comparanda</span> 
     </span>
     <span class='ocr_line' id='line_1_11' title="bbox 306 1253 1462 1334; baseline 0.003 -20"><span class='ocrx_word' id='word_1_93' title='bbox 306 1272 372 1315; x_wconf 90' lang='lat' dir='ltr'>com</span> <span class='ocrx_word' id='word_1_94' title='bbox 396 1253 474 1330; x_wconf 88' lang='lat' dir='ltr'>aliis,</span> <span class='ocrx_word' id='word_1_95' title='bbox 501 1255 606 1334; x_wconf 88' lang='lat' dir='ltr'>quibus</span> <span class='ocrx_word' id='word_1_96' title='bbox 631 1257 802 1319; x_wconf 89' lang='lat' dir='ltr'>necessario</span> <span class='ocrx_word' id='word_1_97' title='bbox 826 1257 864 1318; x_wconf 95' lang='lat' dir='ltr'>ob</span> <span class='ocrx_word' id='word_1_98' title='bbox 888 1276 997 1321; x_wconf 87' lang='lat' dir='ltr'>causas</span> <span class='ocrx_word' id='word_1_99' title='bbox 1022 1258 1100 1319; x_wconf 88' lang='lat' dir='ltr'>alias</span> <span class='ocrx_word' id='word_1_100' title='bbox 1124 1259 1310 1320; x_wconf 81' lang='lat' dir='ltr'>astronomia</span> <span class='ocrx_word' id='word_1_101' title='bbox 1334 1258 1462 1320; x_wconf 87' lang='lat' dir='ltr'>laborat.</span> 
     </span>
    </p>
   </div>
   <div class='ocr_carea' id='block_1_4' title="bbox 639 1421 1333 1504">
    <p class='ocr_par' dir='ltr' id='par_1_4' title="bbox 639 1421 1333 1504">
     <span class='ocr_line' id='line_1_12' title="bbox 639 1421 1333 1504; baseline 0 -18"><span class='ocrx_word' id='word_1_102' title='bbox 639 1421 668 1487; x_wconf 87' lang='grc'>3.</span> <span class='ocrx_word' id='word_1_103' title='bbox 715 1425 767 1487; x_wconf 90' lang='lat' dir='ltr'>De</span> <span class='ocrx_word' id='word_1_104' title='bbox 796 1426 927 1488; x_wconf 91' lang='lat' dir='ltr'>rubore</span> <span class='ocrx_word' id='word_1_105' title='bbox 950 1428 1075 1489; x_wconf 87' lang='lat' dir='ltr'>Lunae</span> <span class='ocrx_word' id='word_1_106' title='bbox 1104 1426 1333 1504; x_wconf 70' lang='lat' dir='ltr'>deficientis.</span> 
     </span>
    </p>
   </div>
   <div class='ocr_carea' id='block_1_5' title="bbox 304 1561 1665 2179">
    <p class='ocr_par' dir='ltr' id='par_1_5' title="bbox 304 1561 1665 2179">
     <span class='ocr_line' id='line_1_13' title="bbox 397 1561 1665 1646; baseline -0.004 -20"><span class='ocrx_word' id='word_1_107' title='bbox 397 1565 444 1626; x_wconf 91' lang='lat' dir='ltr'>Ne</span> <span class='ocrx_word' id='word_1_108' title='bbox 469 1565 721 1644; x_wconf 87' lang='lat' dir='ltr'>veroquisquam</span> <span class='ocrx_word' id='word_1_109' title='bbox 747 1566 782 1627; x_wconf 90' lang='lat' dir='ltr'>de</span> <span class='ocrx_word' id='word_1_110' title='bbox 808 1586 843 1627; x_wconf 94' lang='lat' dir='ltr'>eo</span> <span class='ocrx_word' id='word_1_111' title='bbox 868 1567 944 1646; x_wconf 93' lang='lat' dir='ltr'>quod</span> <span class='ocrx_word' id='word_1_112' title='bbox 970 1567 1079 1628; x_wconf 90' lang='lat' dir='ltr'>dictum</span> <span class='ocrx_word' id='word_1_113' title='bbox 1105 1576 1152 1629; x_wconf 90' lang='lat' dir='ltr'>est</span> <span class='ocrx_word' id='word_1_114' title='bbox 1174 1568 1315 1640; x_wconf 79' lang='lat' dir='ltr'>haesitet,</span> <span class='ocrx_word' id='word_1_115' title='bbox 1340 1585 1408 1628; x_wconf 89' lang='lat' dir='ltr'>esse</span> <span class='ocrx_word' id='word_1_116' title='bbox 1431 1565 1547 1627; x_wconf 89' lang='lat' dir='ltr'>Lunam</span> <span class='ocrx_word' id='word_1_117' title='bbox 1572 1561 1665 1625; x_wconf 89' lang='lat' dir='ltr'>radiis</span> 
     </span>
     <span class='ocr_line' id='line_1_14' title="bbox 308 1649 1663 1733; baseline -0.002 -19"><span class='ocrx_word' id='word_1_118' title='bbox 308 1649 390 1714; x_wconf 88' lang='lat' dir='ltr'>Solis</span> <span class='ocrx_word' id='word_1_119' title='bbox 424 1673 478 1733; x_wconf 90' lang='lat' dir='ltr'>per</span> <span class='ocrx_word' id='word_1_120' title='bbox 511 1661 610 1715; x_wconf 73' lang='lat' dir='ltr'>adrem</span> <span class='ocrx_word' id='word_1_121' title='bbox 642 1654 784 1716; x_wconf 85' lang='lat' dir='ltr'>admissis</span> <span class='ocrx_word' id='word_1_122' title='bbox 815 1663 847 1717; x_wconf 92' lang='lat' dir='ltr'>et</span> <span class='ocrx_word' id='word_1_123' title='bbox 877 1656 1016 1717; x_wconf 89' lang='lat' dir='ltr'>refractis</span> <span class='ocrx_word' id='word_1_124' title='bbox 1050 1657 1210 1718; x_wconf 85' lang='lat' dir='ltr'>etiamnum</span> <span class='ocrx_word' id='word_1_125' title='bbox 1242 1657 1440 1723; x_wconf 87' lang='lat' dir='ltr'>illustratam,</span> <span class='ocrx_word' id='word_1_126' title='bbox 1473 1653 1564 1714; x_wconf 91' lang='lat' dir='ltr'>etiam</span> <span class='ocrx_word' id='word_1_127' title='bbox 1598 1671 1663 1712; x_wconf 86' lang='lat' dir='ltr'>conr</span> 
     </span>
     <span class='ocr_line' id='line_1_15' title="bbox 307 1740 1665 1823; baseline -0.002 -22"><span class='ocrx_word' id='word_1_128' title='bbox 307 1741 408 1802; x_wconf 88' lang='lat' dir='ltr'>deficit</span> <span class='ocrx_word' id='word_1_129' title='bbox 432 1751 515 1812; x_wconf 88' lang='lat' dir='ltr'>tota,</span> <span class='ocrx_word' id='word_1_130' title='bbox 547 1743 691 1821; x_wconf 85' lang='lat' dir='ltr'>respiciat</span> <span class='ocrx_word' id='word_1_131' title='bbox 721 1744 881 1823; x_wconf 84' lang='lat' dir='ltr'>diligenter</span> <span class='ocrx_word' id='word_1_132' title='bbox 905 1745 943 1805; x_wconf 90' lang='lat' dir='ltr'>ad</span> <span class='ocrx_word' id='word_1_133' title='bbox 978 1744 1107 1823; x_wconf 85' lang='lat' dir='ltr'>eclipses</span> <span class='ocrx_word' id='word_1_134' title='bbox 1130 1747 1233 1808; x_wconf 91' lang='lat' dir='ltr'>Lunae</span> <span class='ocrx_word' id='word_1_135' title='bbox 1265 1745 1391 1820; x_wconf 87' lang='lat' dir='ltr'>totales,</span> <span class='ocrx_word' id='word_1_136' title='bbox 1425 1742 1557 1803; x_wconf 90' lang='lat' dir='ltr'>inveniet</span> <span class='ocrx_word' id='word_1_137' title='bbox 1586 1740 1665 1800; x_wconf 89' lang='lat' dir='ltr'>hanc</span> 
     </span>
     <span class='ocr_line' id='line_1_16' title="bbox 307 1829 1665 1914; baseline -0.002 -24"><span class='ocrx_word' id='word_1_138' title='bbox 307 1829 541 1892; x_wconf 84' lang='lat' dir='ltr'>illustrationem</span> <span class='ocrx_word' id='word_1_139' title='bbox 566 1831 594 1892; x_wconf 94' lang='lat' dir='ltr'>in</span> <span class='ocrx_word' id='word_1_140' title='bbox 620 1833 720 1893; x_wconf 89' lang='lat' dir='ltr'>oculos</span> <span class='ocrx_word' id='word_1_141' title='bbox 744 1833 952 1895; x_wconf 88' lang='lat' dir='ltr'>incurrentem.</span> <span class='ocrx_word' id='word_1_142' title='bbox 998 1834 1102 1913; x_wconf 90' lang='lat' dir='ltr'>Neque</span> <span class='ocrx_word' id='word_1_143' title='bbox 1127 1854 1219 1914; x_wconf 89' lang='lat' dir='ltr'>nuper</span> <span class='ocrx_word' id='word_1_144' title='bbox 1242 1835 1421 1896; x_wconf 88' lang='lat' dir='ltr'>mentionem</span> <span class='ocrx_word' id='word_1_145' title='bbox 1446 1832 1508 1912; x_wconf 89' lang='lat' dir='ltr'>ejus</span> <span class='ocrx_word' id='word_1_146' title='bbox 1532 1829 1575 1891; x_wconf 92' lang='lat' dir='ltr'>rei</span> <span class='ocrx_word' id='word_1_147' title='bbox 1599 1829 1665 1908; x_wconf 90' lang='lat' dir='ltr'>quis</span> 
     </span>
     <span class='ocr_line' id='line_1_17' title="bbox 306 1917 1664 1998; baseline -0.002 -20"><span class='ocrx_word' id='word_1_148' title='bbox 306 1919 382 1979; x_wconf 86' lang='lat' dir='ltr'>fecit</span> <span class='ocrx_word' id='word_1_149' title='bbox 404 1919 434 1980; x_wconf 92' lang='lat' dir='ltr'>in</span> <span class='ocrx_word' id='word_1_150' title='bbox 461 1921 591 1996; x_wconf 88' lang='lat' dir='ltr'>gratiam</span> <span class='ocrx_word' id='word_1_151' title='bbox 616 1921 843 1998; x_wconf 78' lang='lat' dir='ltr'>refractionem,</span> <span class='ocrx_word' id='word_1_152' title='bbox 868 1930 902 1984; x_wconf 91' lang='lat' dir='ltr'>ut</span> <span class='ocrx_word' id='word_1_153' title='bbox 926 1923 1045 1983; x_wconf 79' lang='lat' dir='ltr'>tabulae</span> <span class='ocrx_word' id='word_1_154' title='bbox 1074 1924 1299 1984; x_wconf 87' lang='lat' dir='ltr'>convenientem</span> <span class='ocrx_word' id='word_1_155' title='bbox 1329 1921 1569 1984; x_wconf 85' lang='lat' dir='ltr'>accommodaret</span> <span class='ocrx_word' id='word_1_156' title='bbox 1597 1917 1664 1996; x_wconf 90' lang='lat' dir='ltr'>epi-</span> 
     </span>
     <span class='ocr_line' id='line_1_18' title="bbox 307 2005 1662 2093; baseline -0.001 -26"><span class='ocrx_word' id='word_1_157' title='bbox 307 2007 415 2086; x_wconf 90' lang='lat' dir='ltr'>logum.</span> <span class='ocrx_word' id='word_1_158' title='bbox 469 2009 588 2070; x_wconf 85' lang='lat' dir='ltr'>Extant</span> <span class='ocrx_word' id='word_1_159' title='bbox 615 2019 752 2071; x_wconf 84' lang='lat' dir='ltr'>veterum</span> <span class='ocrx_word' id='word_1_160' title='bbox 785 2011 974 2073; x_wconf 91' lang='lat' dir='ltr'>sententiae:</span> <span class='ocrx_word' id='word_1_161' title='bbox 1011 2014 1143 2093; x_wconf 87' lang='lat' dir='ltr'>adeoque</span> <span class='ocrx_word' id='word_1_162' title='bbox 1172 2013 1240 2073; x_wconf 90' lang='lat' dir='ltr'>hinc</span> <span class='ocrx_word' id='word_1_163' title='bbox 1265 2019 1337 2072; x_wconf 91' lang='lat' dir='ltr'>nata</span> <span class='ocrx_word' id='word_1_164' title='bbox 1361 2021 1409 2072; x_wconf 87' lang='lat' dir='ltr'>est</span> <span class='ocrx_word' id='word_1_165' title='bbox 1437 2007 1550 2088; x_wconf 89' lang='lat' dir='ltr'>opinio,</span> <span class='ocrx_word' id='word_1_166' title='bbox 1586 2005 1662 2085; x_wconf 89' lang='lat' dir='ltr'>quod</span> 
     </span>
     <span class='ocr_line' id='line_1_19' title="bbox 304 2093 1662 2179; baseline -0.003 -22"><span class='ocrx_word' id='word_1_167' title='bbox 304 2096 394 2157; x_wconf 89' lang='lat' dir='ltr'>rubor</span> <span class='ocrx_word' id='word_1_168' title='bbox 427 2096 478 2157; x_wconf 90' lang='lat' dir='ltr'>ille</span> <span class='ocrx_word' id='word_1_169' title='bbox 504 2099 545 2159; x_wconf 89' lang='lat' dir='ltr'>sit</span> <span class='ocrx_word' id='word_1_170' title='bbox 568 2098 665 2159; x_wconf 90' lang='lat' dir='ltr'>lumen</span> <span class='ocrx_word' id='word_1_171' title='bbox 690 2100 794 2160; x_wconf 88' lang='lat' dir='ltr'>Lunae</span> <span class='ocrx_word' id='word_1_172' title='bbox 824 2100 986 2179; x_wconf 91' lang='lat' dir='ltr'>proprium.</span> <span class='ocrx_word' id='word_1_173' title='bbox 1034 2099 1158 2162; x_wconf 90' lang='lat' dir='ltr'>Theon</span> <span class='ocrx_word' id='word_1_174' title='bbox 1183 2101 1211 2162; x_wconf 93' lang='lat' dir='ltr'>in</span> <span class='ocrx_word' id='word_1_175' title='bbox 1238 2099 1469 2162; x_wconf 88' lang='lat' dir='ltr'>Commentariis</span> <span class='ocrx_word' id='word_1_176' title='bbox 1493 2115 1582 2176; x_wconf 93' lang='lat' dir='ltr'>super</span> <span class='ocrx_word' id='word_1_177' title='bbox 1606 2093 1662 2154; x_wconf 90' lang='lat' dir='ltr'>IV.</span> 
     </span>
    </p>
   </div>
   <div class='ocr_carea' id='block_1_6' title="bbox 302 2183 1664 3410">
    <p class='ocr_par' dir='ltr' id='par_1_6' title="bbox 302 2183 1664 3410">
     <span class='ocr_line' id='line_1_20' title="bbox 307 2183 1664 2269; baseline 0.003 -25"><span class='ocrx_word' id='word_1_178' title='bbox 307 2183 475 2245; x_wconf 84' lang='lat' dir='ltr'>Ptolemaei</span> <span class='ocrx_word' id='word_1_179' title='bbox 500 2186 544 2246; x_wconf 88' lang='lat' dir='ltr'>sio</span> <span class='ocrx_word' id='word_1_180' title='bbox 567 2187 804 2265; x_wconf 81' lang='lat' dir='ltr'>philosophatur.</span> <span class='ocrx_word' id='word_1_181' title='bbox 854 2200 931 2262; x_wconf 90' lang='lat' dir='ltr'>Quod</span> <span class='ocrx_word' id='word_1_182' title='bbox 953 2199 1101 2269; x_wconf 87' lang='lat' dir='ltr'>deliquium</span> <span class='ocrx_word' id='word_1_183' title='bbox 1121 2201 1217 2254; x_wconf 85' lang='lat' dir='ltr'>Lunae</span> <span class='ocrx_word' id='word_1_184' title='bbox 1246 2199 1361 2262; x_wconf 87' lang='lat' dir='ltr'>attinet,</span> <span class='ocrx_word' id='word_1_185' title='bbox 1384 2199 1471 2252; x_wconf 88' lang='lat' dir='ltr'>Terra</span> <span class='ocrx_word' id='word_1_186' title='bbox 1491 2198 1543 2250; x_wconf 90' lang='lat' dir='ltr'>hoc</span> <span class='ocrx_word' id='word_1_187' title='bbox 1563 2194 1664 2248; x_wconf 89' lang='lat' dir='ltr'>incom-</span> 
     </span>
     <span class='ocr_line' id='line_1_21' title="bbox 303 2271 1663 2350; baseline -0.002 -22"><span class='ocrx_word' id='word_1_188' title='bbox 303 2276 382 2328; x_wconf 89' lang='lat' dir='ltr'>modo</span> <span class='ocrx_word' id='word_1_189' title='bbox 403 2275 509 2328; x_wconf 86' lang='lat' dir='ltr'>Lunam</span> <span class='ocrx_word' id='word_1_190' title='bbox 531 2276 626 2330; x_wconf 84' lang='lat' dir='ltr'>afficit.</span> <span class='ocrx_word' id='word_1_191' title='bbox 669 2279 733 2331; x_wconf 90' lang='lat' dir='ltr'>Cum</span> <span class='ocrx_word' id='word_1_192' title='bbox 757 2281 827 2332; x_wconf 88' lang='lat' dir='ltr'>enim</span> <span class='ocrx_word' id='word_1_193' title='bbox 847 2281 929 2333; x_wconf 88' lang='lat' dir='ltr'>Luna</span> <span class='ocrx_word' id='word_1_194' title='bbox 949 2279 987 2331; x_wconf 89' lang='lat' dir='ltr'>sit</span> <span class='ocrx_word' id='word_1_195' title='bbox 1010 2297 1131 2350; x_wconf 89' lang='lat' dir='ltr'>perennc</span> <span class='ocrx_word' id='word_1_196' title='bbox 1158 2296 1271 2349; x_wconf 88' lang='lat' dir='ltr'>corpus,</span> <span class='ocrx_word' id='word_1_197' title='bbox 1301 2278 1409 2332; x_wconf 87' lang='lat' dir='ltr'>divinae</span> <span class='ocrx_word' id='word_1_198' title='bbox 1436 2285 1554 2331; x_wconf 84' lang='lat' dir='ltr'>naturae</span> <span class='ocrx_word' id='word_1_199' title='bbox 1576 2271 1663 2344; x_wconf 89' lang='lat' dir='ltr'>parti·</span> 
     </span>
     <span class='ocr_line' id='line_1_22' title="bbox 307 2354 1664 2430; baseline 0 -24"><span class='ocrx_word' id='word_1_200' title='bbox 307 2371 371 2423; x_wconf 89' lang='lat' dir='ltr'>ceps</span> <span class='ocrx_word' id='word_1_201' title='bbox 393 2362 423 2407; x_wconf 92' lang='lat' dir='ltr'>et</span> <span class='ocrx_word' id='word_1_202' title='bbox 444 2355 568 2409; x_wconf 86' lang='lat' dir='ltr'>immunis</span> <span class='ocrx_word' id='word_1_203' title='bbox 590 2358 772 2423; x_wconf 80' lang='lat' dir='ltr'>affectionum,</span> <span class='ocrx_word' id='word_1_204' title='bbox 795 2375 866 2430; x_wconf 89' lang='lat' dir='ltr'>quae</span> <span class='ocrx_word' id='word_1_205' title='bbox 888 2365 977 2413; x_wconf 88' lang='lat' dir='ltr'>ortum</span> <span class='ocrx_word' id='word_1_206' title='bbox 997 2367 1028 2412; x_wconf 91' lang='lat' dir='ltr'>et</span> <span class='ocrx_word' id='word_1_207' title='bbox 1048 2359 1187 2414; x_wconf 85' lang='lat' dir='ltr'>interitum</span> <span class='ocrx_word' id='word_1_208' title='bbox 1209 2359 1300 2414; x_wconf 86' lang='lat' dir='ltr'>solent</span> <span class='ocrx_word' id='word_1_209' title='bbox 1320 2359 1463 2430; x_wconf 89' lang='lat' dir='ltr'>consequi,</span> <span class='ocrx_word' id='word_1_210' title='bbox 1493 2373 1546 2410; x_wconf 93' lang='lat' dir='ltr'>non</span> <span class='ocrx_word' id='word_1_211' title='bbox 1567 2354 1664 2424; x_wconf 88' lang='lat' dir='ltr'>utique</span> 
     </span>
     <span class='ocr_line' id='line_1_23' title="bbox 307 2433 1663 2510; baseline -0.001 -24"><span class='ocrx_word' id='word_1_212' title='bbox 307 2433 507 2489; x_wconf 85' lang='lat' dir='ltr'>mutationibus</span> <span class='ocrx_word' id='word_1_213' title='bbox 522 2454 611 2506; x_wconf 89' lang='lat' dir='ltr'>neque</span> <span class='ocrx_word' id='word_1_214' title='bbox 634 2439 813 2494; x_wconf 78' lang='lat' dir='ltr'>decrementis</span> <span class='ocrx_word' id='word_1_215' title='bbox 829 2458 890 2493; x_wconf 85' lang='lat' dir='ltr'>aeae</span> <span class='ocrx_word' id='word_1_216' title='bbox 905 2439 1042 2507; x_wconf 87' lang='lat' dir='ltr'>subjiciet.</span> <span class='ocrx_word' id='word_1_217' title='bbox 1070 2441 1123 2493; x_wconf 91' lang='lat' dir='ltr'>Sed</span> <span class='ocrx_word' id='word_1_218' title='bbox 1143 2457 1201 2493; x_wconf 89' lang='lat' dir='ltr'>cunr</span> <span class='ocrx_word' id='word_1_219' title='bbox 1222 2439 1396 2510; x_wconf 87' lang='lat' dir='ltr'>proprium</span> <span class='ocrx_word' id='word_1_220' title='bbox 1418 2440 1531 2492; x_wconf 87' lang='lat' dir='ltr'>lumen</span> <span class='ocrx_word' id='word_1_221' title='bbox 1552 2441 1663 2487; x_wconf 89' lang='lat' dir='ltr'>nactum</span> 
     </span>
     <span class='ocr_line' id='line_1_24' title="bbox 306 2513 1663 2592; baseline 0 -27"><span class='ocrx_word' id='word_1_222' title='bbox 306 2513 343 2567; x_wconf 89' lang='lat' dir='ltr'>sit</span> <span class='ocrx_word' id='word_1_223' title='bbox 365 2514 543 2580; x_wconf 79' lang='lat' dir='ltr'>imbecillius,</span> <span class='ocrx_word' id='word_1_224' title='bbox 571 2519 642 2588; x_wconf 91' lang='lat' dir='ltr'>quod</span> <span class='ocrx_word' id='word_1_225' title='bbox 665 2521 699 2572; x_wconf 85' lang='lat' dir='ltr'>ad</span> <span class='ocrx_word' id='word_1_226' title='bbox 726 2528 834 2573; x_wconf 89' lang='lat' dir='ltr'>nostros</span> <span class='ocrx_word' id='word_1_227' title='bbox 856 2520 930 2573; x_wconf 88' lang='lat' dir='ltr'>risus</span> <span class='ocrx_word' id='word_1_228' title='bbox 958 2520 1054 2590; x_wconf 91' lang='lat' dir='ltr'>nequit</span> <span class='ocrx_word' id='word_1_229' title='bbox 1079 2520 1160 2573; x_wconf 88' lang='lat' dir='ltr'>l&#39;aoile</span> <span class='ocrx_word' id='word_1_230' title='bbox 1186 2520 1362 2592; x_wconf 87' lang='lat' dir='ltr'>pertingere:</span> <span class='ocrx_word' id='word_1_231' title='bbox 1393 2523 1519 2572; x_wconf 89' lang='lat' dir='ltr'>mutuato</span> <span class='ocrx_word' id='word_1_232' title='bbox 1540 2533 1578 2568; x_wconf 84' lang='lat' dir='ltr'>ex</span> <span class='ocrx_word' id='word_1_233' title='bbox 1598 2513 1663 2567; x_wconf 89' lang='lat' dir='ltr'>Sole</span> 
     </span>
     <span class='ocr_line' id='line_1_25' title="bbox 306 2593 1664 2669; baseline 0.001 -22"><span class='ocrx_word' id='word_1_234' title='bbox 306 2593 408 2648; x_wconf 89' lang='lat' dir='ltr'>lumine</span> <span class='ocrx_word' id='word_1_235' title='bbox 429 2596 485 2649; x_wconf 87' lang='lat' dir='ltr'>alio</span> <span class='ocrx_word' id='word_1_236' title='bbox 506 2597 675 2666; x_wconf 88' lang='lat' dir='ltr'>splendidior</span> <span class='ocrx_word' id='word_1_237' title='bbox 703 2606 837 2669; x_wconf 86' lang='lat' dir='ltr'>apparet,</span> <span class='ocrx_word' id='word_1_238' title='bbox 859 2607 891 2653; x_wconf 92' lang='lat' dir='ltr'>ut</span> <span class='ocrx_word' id='word_1_239' title='bbox 911 2600 1048 2654; x_wconf 87' lang='lat' dir='ltr'>illuminet</span> <span class='ocrx_word' id='word_1_240' title='bbox 1068 2602 1168 2654; x_wconf 87' lang='lat' dir='ltr'>Terras</span> <span class='ocrx_word' id='word_1_241' title='bbox 1189 2607 1219 2654; x_wconf 89' lang='lat' dir='ltr'>et</span> <span class='ocrx_word' id='word_1_242' title='bbox 1239 2605 1340 2654; x_wconf 74' lang='lat' dir='ltr'>aerem.</span> <span class='ocrx_word' id='word_1_243' title='bbox 1383 2600 1450 2652; x_wconf 88' lang='lat' dir='ltr'>Cum</span> <span class='ocrx_word' id='word_1_244' title='bbox 1471 2597 1557 2668; x_wconf 84' lang='lat' dir='ltr'>igitur</span> <span class='ocrx_word' id='word_1_245' title='bbox 1577 2595 1664 2648; x_wconf 81' lang='lat' dir='ltr'>Terra</span> 
     </span>
     <span class='ocr_line' id='line_1_26' title="bbox 305 2673 1664 2749; baseline 0 -23"><span class='ocrx_word' id='word_1_246' title='bbox 305 2673 508 2729; x_wconf 85' lang='lat' dir='ltr'>radiationibus</span> <span class='ocrx_word' id='word_1_247' title='bbox 530 2677 673 2733; x_wconf 85' lang='lat' dir='ltr'>Solarihus</span> <span class='ocrx_word' id='word_1_248' title='bbox 704 2679 862 2743; x_wconf 83' lang='lat' dir='ltr'>intercedit,</span> <span class='ocrx_word' id='word_1_249' title='bbox 896 2687 960 2734; x_wconf 89' lang='lat' dir='ltr'>tunc</span> <span class='ocrx_word' id='word_1_250' title='bbox 980 2682 1062 2734; x_wconf 82' lang='lat' dir='ltr'>Luna</span> <span class='ocrx_word' id='word_1_251' title='bbox 1081 2680 1172 2734; x_wconf 85' lang='lat' dir='ltr'>Solari</span> <span class='ocrx_word' id='word_1_252' title='bbox 1199 2681 1259 2734; x_wconf 88' lang='lat' dir='ltr'>luce</span> <span class='ocrx_word' id='word_1_253' title='bbox 1289 2681 1400 2749; x_wconf 80' lang='lat' dir='ltr'>privata</span> <span class='ocrx_word' id='word_1_254' title='bbox 1419 2684 1448 2731; x_wconf 91' lang='lat' dir='ltr'>et</span> <span class='ocrx_word' id='word_1_255' title='bbox 1478 2673 1664 2731; x_wconf 81' lang='lat' dir='ltr'>obtenebrata</span> 
     </span>
     <span class='ocr_line' id='line_1_27' title="bbox 306 2754 1664 2831; baseline -0.001 -24"><span class='ocrx_word' id='word_1_256' title='bbox 306 2771 376 2808; x_wconf 90' lang='lat' dir='ltr'>cono</span> <span class='ocrx_word' id='word_1_257' title='bbox 398 2757 521 2820; x_wconf 88' lang='lat' dir='ltr'>umbrae,</span> <span class='ocrx_word' id='word_1_258' title='bbox 544 2775 650 2812; x_wconf 89' lang='lat' dir='ltr'>rursum</span> <span class='ocrx_word' id='word_1_259' title='bbox 671 2761 819 2813; x_wconf 91' lang='lat' dir='ltr'>debilior</span> <span class='ocrx_word' id='word_1_260' title='bbox 840 2767 876 2812; x_wconf 90' lang='lat' dir='ltr'>et</span> <span class='ocrx_word' id='word_1_261' title='bbox 896 2761 1083 2815; x_wconf 88' lang='lat' dir='ltr'>obscurior</span> <span class='ocrx_word' id='word_1_262' title='bbox 1104 2761 1204 2816; x_wconf 88' lang='lat' dir='ltr'>eradit.</span> <span class='ocrx_word' id='word_1_263' title='bbox 1232 2761 1293 2813; x_wconf 89' lang='lat' dir='ltr'>Non</span> <span class='ocrx_word' id='word_1_264' title='bbox 1314 2760 1421 2831; x_wconf 90' lang='lat' dir='ltr'>quidem</span> <span class='ocrx_word' id='word_1_265' title='bbox 1443 2775 1530 2828; x_wconf 89' lang='lat' dir='ltr'>neque</span> <span class='ocrx_word' id='word_1_266' title='bbox 1551 2773 1588 2808; x_wconf 86' lang='lat' dir='ltr'>ex</span> <span class='ocrx_word' id='word_1_267' title='bbox 1608 2754 1664 2807; x_wconf 86' lang='lat' dir='ltr'>hae</span> 
     </span>
     <span class='ocr_line' id='line_1_28' title="bbox 306 2833 1664 2910; baseline -0.001 -22"><span class='ocrx_word' id='word_1_268' title='bbox 306 2833 495 2890; x_wconf 84' lang='lat' dir='ltr'>illustratione</span> <span class='ocrx_word' id='word_1_269' title='bbox 517 2855 606 2907; x_wconf 88' lang='lat' dir='ltr'>neque</span> <span class='ocrx_word' id='word_1_270' title='bbox 627 2857 664 2892; x_wconf 83' lang='lat' dir='ltr'>ex</span> <span class='ocrx_word' id='word_1_271' title='bbox 685 2839 840 2910; x_wconf 79' lang='lat' dir='ltr'>privatione</span> <span class='ocrx_word' id='word_1_272' title='bbox 862 2840 966 2894; x_wconf 88' lang='lat' dir='ltr'>Solaris</span> <span class='ocrx_word' id='word_1_273' title='bbox 988 2841 1056 2894; x_wconf 88' lang='lat' dir='ltr'>lucis</span> <span class='ocrx_word' id='word_1_274' title='bbox 1077 2841 1257 2896; x_wconf 88' lang='lat' dir='ltr'>mutationem</span> <span class='ocrx_word' id='word_1_275' title='bbox 1279 2841 1341 2910; x_wconf 89' lang='lat' dir='ltr'>ipsa</span> <span class='ocrx_word' id='word_1_276' title='bbox 1361 2839 1449 2894; x_wconf 89' lang='lat' dir='ltr'>subit:</span> <span class='ocrx_word' id='word_1_277' title='bbox 1476 2839 1523 2892; x_wconf 90' lang='lat' dir='ltr'>sed</span> <span class='ocrx_word' id='word_1_278' title='bbox 1545 2833 1664 2890; x_wconf 83' lang='lat' dir='ltr'>comsit</span> 
     </span>
     <span class='ocr_line' id='line_1_29' title="bbox 306 2915 1662 2991; baseline -0.001 -24"><span class='ocrx_word' id='word_1_279' title='bbox 306 2932 403 2968; x_wconf 84' lang='lat' dir='ltr'>exsors</span> <span class='ocrx_word' id='word_1_280' title='bbox 426 2917 618 2987; x_wconf 88' lang='lat' dir='ltr'>corruptionis,</span> <span class='ocrx_word' id='word_1_281' title='bbox 641 2921 756 2974; x_wconf 89' lang='lat' dir='ltr'>eundem</span> <span class='ocrx_word' id='word_1_282' title='bbox 778 2937 886 2990; x_wconf 86' lang='lat' dir='ltr'>semper</span> <span class='ocrx_word' id='word_1_283' title='bbox 907 2922 1057 2976; x_wconf 87' lang='lat' dir='ltr'>colorem</span> <span class='ocrx_word' id='word_1_284' title='bbox 1078 2930 1108 2974; x_wconf 90' lang='lat' dir='ltr'>et</span> <span class='ocrx_word' id='word_1_285' title='bbox 1129 2928 1282 2991; x_wconf 82' lang='lat' dir='ltr'>aspectum,</span> <span class='ocrx_word' id='word_1_286' title='bbox 1306 2937 1386 2990; x_wconf 90' lang='lat' dir='ltr'>quem</span> <span class='ocrx_word' id='word_1_287' title='bbox 1407 2918 1546 2990; x_wconf 91' lang='lat' dir='ltr'>proprium</span> <span class='ocrx_word' id='word_1_288' title='bbox 1566 2915 1662 2976; x_wconf 85' lang='lat' dir='ltr'>habet,</span> 
     </span>
     <span class='ocr_line' id='line_1_30' title="bbox 306 2993 1662 3070; baseline -0.001 -22"><span class='ocrx_word' id='word_1_289' title='bbox 306 2995 578 3068; x_wconf 81' lang='lat' dir='ltr'>magnitudinemque</span> <span class='ocrx_word' id='word_1_290' title='bbox 611 3005 713 3054; x_wconf 88' lang='lat' dir='ltr'>tuetur.</span> <span class='ocrx_word' id='word_1_291' title='bbox 756 3001 832 3062; x_wconf 91' lang='lat' dir='ltr'>Quod</span> <span class='ocrx_word' id='word_1_292' title='bbox 854 3009 946 3055; x_wconf 88' lang='lat' dir='ltr'>autem</span> <span class='ocrx_word' id='word_1_293' title='bbox 971 3003 1052 3055; x_wconf 51' lang='lat' dir='ltr'>Iouna</span> <span class='ocrx_word' id='word_1_294' title='bbox 1081 3001 1271 3054; x_wconf 85' lang='lat' dir='ltr'>illustrata</span> <span class='ocrx_word' id='word_1_295' title='bbox 1300 3001 1430 3070; x_wconf 92' lang='lat' dir='ltr'>quidem</span> <span class='ocrx_word' id='word_1_296' title='bbox 1458 3013 1605 3066; x_wconf 87' lang='lat' dir='ltr'>semper,</span> <span class='ocrx_word' id='word_1_297' title='bbox 1635 2993 1662 3046; x_wconf 91' lang='lat' dir='ltr'>in</span> 
     </span>
     <span class='ocr_line' id='line_1_31' title="bbox 307 3073 1662 3145; baseline 0.001 -21"><span class='ocrx_word' id='word_1_298' title='bbox 307 3073 445 3143; x_wconf 85' lang='lat' dir='ltr'>aliquibus</span> <span class='ocrx_word' id='word_1_299' title='bbox 468 3077 627 3145; x_wconf 91' lang='lat' dir='ltr'>pleniluniis</span> <span class='ocrx_word' id='word_1_300' title='bbox 649 3097 702 3133; x_wconf 94' lang='lat' dir='ltr'>non</span> <span class='ocrx_word' id='word_1_301' title='bbox 724 3088 857 3134; x_wconf 88' lang='lat' dir='ltr'>consueta</span> <span class='ocrx_word' id='word_1_302' title='bbox 878 3081 1007 3135; x_wconf 89' lang='lat' dir='ltr'>claritate</span> <span class='ocrx_word' id='word_1_303' title='bbox 1028 3081 1216 3135; x_wconf 86' lang='lat' dir='ltr'>illustraretur</span> <span class='ocrx_word' id='word_1_304' title='bbox 1236 3082 1283 3134; x_wconf 91' lang='lat' dir='ltr'>sed</span> <span class='ocrx_word' id='word_1_305' title='bbox 1305 3083 1511 3141; x_wconf 89' lang='lat' dir='ltr'>obscuraretur,</span> <span class='ocrx_word' id='word_1_306' title='bbox 1534 3077 1662 3129; x_wconf 79' lang='lat' dir='ltr'>affectum</span> 
     </span>
     <span class='ocr_line' id='line_1_32' title="bbox 303 3153 1662 3230; baseline 0.001 -26"><span class='ocrx_word' id='word_1_307' title='bbox 303 3160 333 3204; x_wconf 90' lang='lat' dir='ltr'>et</span> <span class='ocrx_word' id='word_1_308' title='bbox 346 3153 469 3208; x_wconf 84' lang='lat' dir='ltr'>laborem</span> <span class='ocrx_word' id='word_1_309' title='bbox 490 3157 676 3227; x_wconf 86' lang='lat' dir='ltr'>appellarunt,</span> <span class='ocrx_word' id='word_1_310' title='bbox 693 3177 726 3212; x_wconf 91' lang='lat' dir='ltr'>eo</span> <span class='ocrx_word' id='word_1_311' title='bbox 742 3163 812 3230; x_wconf 86' lang='lat' dir='ltr'>quod</span> <span class='ocrx_word' id='word_1_312' title='bbox 828 3161 1028 3224; x_wconf 85' lang='lat' dir='ltr'>existimarent,</span> <span class='ocrx_word' id='word_1_313' title='bbox 1050 3161 1229 3215; x_wconf 88' lang='lat' dir='ltr'>mutationem</span> <span class='ocrx_word' id='word_1_314' title='bbox 1244 3161 1319 3214; x_wconf 85' lang='lat' dir='ltr'>illam</span> <span class='ocrx_word' id='word_1_315' title='bbox 1334 3161 1362 3214; x_wconf 90' lang='lat' dir='ltr'>in</span> <span class='ocrx_word' id='word_1_316' title='bbox 1376 3161 1432 3214; x_wconf 87' lang='lat' dir='ltr'>suis</span> <span class='ocrx_word' id='word_1_317' title='bbox 1454 3156 1662 3228; x_wconf 87' lang='lat' dir='ltr'>operationibus</span> 
     </span>
     <span class='ocr_line' id='line_1_33' title="bbox 302 3231 1659 3319; baseline 0.002 -27"><span class='ocrx_word' id='word_1_318' title='bbox 302 3241 405 3294; x_wconf 88' lang='lat' dir='ltr'>subire.</span> <span class='ocrx_word' id='word_1_319' title='bbox 438 3231 479 3292; x_wconf 88' lang='lat' dir='ltr'>Et</span> <span class='ocrx_word' id='word_1_320' title='bbox 503 3235 600 3296; x_wconf 86' lang='lat' dir='ltr'>inl&#39;ra:</span> <span class='ocrx_word' id='word_1_321' title='bbox 626 3247 722 3300; x_wconf 85' lang='lat' dir='ltr'>Habet</span> <span class='ocrx_word' id='word_1_322' title='bbox 736 3247 842 3318; x_wconf 87' lang='lat' dir='ltr'>quidem</span> <span class='ocrx_word' id='word_1_323' title='bbox 855 3249 944 3311; x_wconf 89' lang='lat' dir='ltr'>Luna,</span> <span class='ocrx_word' id='word_1_324' title='bbox 961 3255 1057 3302; x_wconf 88' lang='lat' dir='ltr'>etase</span> <span class='ocrx_word' id='word_1_325' title='bbox 1071 3251 1141 3319; x_wconf 87' lang='lat' dir='ltr'>ipsa,</span> <span class='ocrx_word' id='word_1_326' title='bbox 1152 3251 1252 3312; x_wconf 91' lang='lat' dir='ltr'>lumen,</span> <span class='ocrx_word' id='word_1_327' title='bbox 1267 3249 1384 3303; x_wconf 87' lang='lat' dir='ltr'>debilius</span> <span class='ocrx_word' id='word_1_328' title='bbox 1397 3265 1471 3310; x_wconf 87' lang='lat' dir='ltr'>rero,</span> <span class='ocrx_word' id='word_1_329' title='bbox 1487 3254 1519 3300; x_wconf 91' lang='lat' dir='ltr'>ut</span> <span class='ocrx_word' id='word_1_330' title='bbox 1532 3245 1659 3298; x_wconf 85' lang='lat' dir='ltr'>diximus.</span> 
     </span>
     <span class='ocr_line' id='line_1_34' title="bbox 304 3317 1660 3410; baseline 0.002 -34"><span class='ocrx_word' id='word_1_331' title='bbox 304 3317 457 3379; x_wconf 87' lang='lat' dir='ltr'>Theonem</span> <span class='ocrx_word' id='word_1_332' title='bbox 493 3331 613 3384; x_wconf 87' lang='lat' dir='ltr'>secutus</span> <span class='ocrx_word' id='word_1_333' title='bbox 648 3323 867 3386; x_wconf 87' lang='lat' dir='ltr'>Cleonredes</span> <span class='ocrx_word' id='word_1_334' title='bbox 906 3325 958 3386; x_wconf 93' lang='lat' dir='ltr'>lib.</span> <span class='ocrx_word' id='word_1_335' title='bbox 992 3327 1029 3390; x_wconf 89' lang='lat' dir='ltr'>Il.</span> <span class='ocrx_word' id='word_1_336' title='bbox 1065 3327 1205 3410; x_wconf 89' lang='lat' dir='ltr'>Cyclicae</span> <span class='ocrx_word' id='word_1_337' title='bbox 1239 3329 1384 3389; x_wconf 88' lang='lat' dir='ltr'>Theoriae</span> <span class='ocrx_word' id='word_1_338' title='bbox 1417 3326 1524 3386; x_wconf 87' lang='lat' dir='ltr'>miscet</span> <span class='ocrx_word' id='word_1_339' title='bbox 1561 3324 1660 3382; x_wconf 89' lang='lat' dir='ltr'>lumen</span> 
     </span>
    </p>
   </div>
   <div class='ocr_carea' id='block_1_7' title="bbox 303 3405 1660 3494">
    <p class='ocr_par' dir='ltr' id='par_1_7' title="bbox 303 3405 1660 3494">
     <span class='ocr_line' id='line_1_35' title="bbox 303 3405 1660 3494; baseline 0.009 -29"><span class='ocrx_word' id='word_1_340' title='bbox 303 3405 405 3466; x_wconf 90' lang='lat' dir='ltr'>Lunae</span> <span class='ocrx_word' id='word_1_341' title='bbox 438 3427 475 3468; x_wconf 86' lang='lat' dir='ltr'>ex</span> <span class='ocrx_word' id='word_1_342' title='bbox 510 3410 617 3471; x_wconf 89' lang='lat' dir='ltr'>lumine</span> <span class='ocrx_word' id='word_1_343' title='bbox 649 3411 728 3472; x_wconf 88' lang='lat' dir='ltr'>Solis</span> <span class='ocrx_word' id='word_1_344' title='bbox 758 3423 789 3475; x_wconf 91' lang='lat' dir='ltr'>et</span> <span class='ocrx_word' id='word_1_345' title='bbox 821 3410 1012 3494; x_wconf 74' lang='lat' dir='ltr'>proprio.⁶⁴)</span> <span class='ocrx_word' id='word_1_346' title='bbox 1058 3415 1294 3478; x_wconf 89' lang='lat' dir='ltr'>Reinholdus</span> <span class='ocrx_word' id='word_1_347' title='bbox 1327 3414 1488 3476; x_wconf 86' lang='lat' dir='ltr'>novissime</span> <span class='ocrx_word' id='word_1_348' title='bbox 1518 3413 1568 3474; x_wconf 84' lang='lat' dir='ltr'>fol.</span> <span class='ocrx_word' id='word_1_349' title='bbox 1599 3407 1660 3474; x_wconf 76' lang='grc'>164</span> 
     </span>
    </p>
   </div>
   <div class='ocr_carea' id='block_1_8' title="bbox 297 3493 1661 4884">
    <p class='ocr_par' dir='ltr' id='par_1_8' title="bbox 298 3493 1661 4689">
     <span class='ocr_line' id='line_1_36' title="bbox 300 3493 1660 3586; baseline 0.008 -33"><span class='ocrx_word' id='word_1_350' title='bbox 300 3499 376 3565; x_wconf 71' lang='lat'>(240)</span> <span class='ocrx_word' id='word_1_351' title='bbox 416 3493 707 3564; x_wconf 84' lang='lat' dir='ltr'>Comruenlarlorum</span> <span class='ocrx_word' id='word_1_352' title='bbox 741 3503 769 3562; x_wconf 87' lang='lat' dir='ltr'>in</span> <span class='ocrx_word' id='word_1_353' title='bbox 801 3503 1017 3577; x_wconf 81' lang='lat' dir='ltr'>Putbachiuur,</span> <span class='ocrx_word' id='word_1_354' title='bbox 1041 3516 1125 3580; x_wconf 86' lang='lat' dir='ltr'>Esse,</span> <span class='ocrx_word' id='word_1_355' title='bbox 1151 3505 1207 3579; x_wconf 86' lang='lat' dir='ltr'>ait,</span> <span class='ocrx_word' id='word_1_356' title='bbox 1234 3518 1260 3570; x_wconf 93' lang='lat' dir='ltr'>in</span> <span class='ocrx_word' id='word_1_357' title='bbox 1275 3517 1355 3570; x_wconf 87' lang='lat' dir='ltr'>Luna</span> <span class='ocrx_word' id='word_1_358' title='bbox 1369 3515 1510 3586; x_wconf 86' lang='lat' dir='ltr'>peculiare</span> <span class='ocrx_word' id='word_1_359' title='bbox 1526 3513 1660 3583; x_wconf 90' lang='lat' dir='ltr'>quoddam</span> 
     </span>
     <span class='ocr_line' id='line_1_37' title="bbox 301 3587 1660 3666; baseline 0.006 -28"><span class='ocrx_word' id='word_1_360' title='bbox 301 3603 351 3640; x_wconf 90' lang='lat' dir='ltr'>seu</span> <span class='ocrx_word' id='word_1_361' title='bbox 381 3587 528 3642; x_wconf 90' lang='lat' dir='ltr'>obscurum</span> <span class='ocrx_word' id='word_1_362' title='bbox 556 3591 664 3656; x_wconf 91' lang='lat' dir='ltr'>lumen,</span> <span class='ocrx_word' id='word_1_363' title='bbox 688 3599 718 3646; x_wconf 90' lang='lat' dir='ltr'>et</span> <span class='ocrx_word' id='word_1_364' title='bbox 739 3595 820 3663; x_wconf 89' lang='lat' dir='ltr'>quale</span> <span class='ocrx_word' id='word_1_365' title='bbox 843 3593 895 3647; x_wconf 87' lang='lat' dir='ltr'>hoo</span> <span class='ocrx_word' id='word_1_366' title='bbox 916 3595 959 3656; x_wconf 79' lang='lat' dir='ltr'>sit,</span> <span class='ocrx_word' id='word_1_367' title='bbox 983 3603 1081 3666; x_wconf 89' lang='lat' dir='ltr'>aperte</span> <span class='ocrx_word' id='word_1_368' title='bbox 1109 3598 1208 3650; x_wconf 89' lang='lat' dir='ltr'>docent</span> <span class='ocrx_word' id='word_1_369' title='bbox 1238 3598 1340 3650; x_wconf 88' lang='lat' dir='ltr'>totales</span> <span class='ocrx_word' id='word_1_370' title='bbox 1362 3595 1447 3665; x_wconf 88' lang='lat' dir='ltr'>ipsius</span> <span class='ocrx_word' id='word_1_371' title='bbox 1469 3595 1608 3654; x_wconf 82' lang='lat' dir='ltr'>delectus,</span> <span class='ocrx_word' id='word_1_372' title='bbox 1633 3593 1660 3646; x_wconf 90' lang='lat' dir='ltr'>in</span> 
     </span>
     <span class='ocr_line' id='line_1_38' title="bbox 300 3667 1660 3746; baseline 0.004 -27"><span class='ocrx_word' id='word_1_373' title='bbox 300 3667 399 3737; x_wconf 88' lang='lat' dir='ltr'>quibus</span> <span class='ocrx_word' id='word_1_374' title='bbox 420 3667 533 3740; x_wconf 79' lang='lat' dir='ltr'>integer</span> <span class='ocrx_word' id='word_1_375' title='bbox 554 3671 628 3724; x_wconf 89' lang='lat' dir='ltr'>orbis</span> <span class='ocrx_word' id='word_1_376' title='bbox 655 3673 775 3726; x_wconf 89' lang='lat' dir='ltr'>cernitur</span> <span class='ocrx_word' id='word_1_377' title='bbox 793 3679 875 3728; x_wconf 69' lang='lat' dir='ltr'>,tetro</span> <span class='ocrx_word' id='word_1_378' title='bbox 897 3681 925 3727; x_wconf 90' lang='lat' dir='ltr'>et</span> <span class='ocrx_word' id='word_1_379' title='bbox 946 3675 1071 3728; x_wconf 89' lang='lat' dir='ltr'>horribili</span> <span class='ocrx_word' id='word_1_380' title='bbox 1100 3677 1209 3738; x_wconf 84' lang='lat' dir='ltr'>colore;</span> <span class='ocrx_word' id='word_1_381' title='bbox 1235 3677 1280 3746; x_wconf 91' lang='lat' dir='ltr'>qui</span> <span class='ocrx_word' id='word_1_382' title='bbox 1308 3683 1401 3730; x_wconf 89' lang='lat' dir='ltr'>tamen</span> <span class='ocrx_word' id='word_1_383' title='bbox 1429 3675 1500 3728; x_wconf 89' lang='lat' dir='ltr'>alias</span> <span class='ocrx_word' id='word_1_384' title='bbox 1522 3679 1566 3726; x_wconf 89' lang='lat' dir='ltr'>est</span> <span class='ocrx_word' id='word_1_385' title='bbox 1584 3673 1660 3726; x_wconf 86' lang='lat' dir='ltr'>rubi·</span> 
     </span>
     <span class='ocr_line' id='line_1_39' title="bbox 300 3748 1661 3826; baseline 0.004 -26"><span class='ocrx_word' id='word_1_386' title='bbox 300 3748 427 3812; x_wconf 85' lang='lat' dir='ltr'>condior,</span> <span class='ocrx_word' id='word_1_387' title='bbox 449 3750 530 3804; x_wconf 85' lang='lat' dir='ltr'>Luna</span> <span class='ocrx_word' id='word_1_388' title='bbox 561 3752 653 3806; x_wconf 91' lang='lat' dir='ltr'>altiori</span> <span class='ocrx_word' id='word_1_389' title='bbox 681 3760 711 3806; x_wconf 89' lang='lat' dir='ltr'>et</span> <span class='ocrx_word' id='word_1_390' title='bbox 737 3760 820 3807; x_wconf 82' lang='lat' dir='ltr'>extra</span> <span class='ocrx_word' id='word_1_391' title='bbox 849 3755 1005 3824; x_wconf 86' lang='lat' dir='ltr'>eclipticam</span> <span class='ocrx_word' id='word_1_392' title='bbox 1036 3756 1146 3826; x_wconf 89' lang='lat' dir='ltr'>longius</span> <span class='ocrx_word' id='word_1_393' title='bbox 1168 3765 1278 3820; x_wconf 86' lang='lat' dir='ltr'>erecta,</span> <span class='ocrx_word' id='word_1_394' title='bbox 1306 3757 1376 3810; x_wconf 88' lang='lat' dir='ltr'>alias</span> <span class='ocrx_word' id='word_1_395' title='bbox 1402 3754 1524 3826; x_wconf 84' lang='lat' dir='ltr'>nigrior,</span> <span class='ocrx_word' id='word_1_396' title='bbox 1555 3759 1661 3823; x_wconf 86' lang='lat' dir='ltr'>quanto</span> 
     </span>
     <span class='ocr_line' id='line_1_40' title="bbox 298 3827 1660 3905; baseline 0.007 -25"><span class='ocrx_word' id='word_1_397' title='bbox 298 3827 428 3882; x_wconf 82' lang='lat' dir='ltr'>videlicet</span> <span class='ocrx_word' id='word_1_398' title='bbox 450 3829 580 3884; x_wconf 89' lang='lat' dir='ltr'>humilior</span> <span class='ocrx_word' id='word_1_399' title='bbox 601 3840 646 3886; x_wconf 88' lang='lat' dir='ltr'>est</span> <span class='ocrx_word' id='word_1_400' title='bbox 666 3849 699 3887; x_wconf 88' lang='lat' dir='ltr'>ac</span> <span class='ocrx_word' id='word_1_401' title='bbox 720 3840 870 3903; x_wconf 86' lang='lat' dir='ltr'>propterea</span> <span class='ocrx_word' id='word_1_402' title='bbox 884 3835 912 3887; x_wconf 91' lang='lat' dir='ltr'>in</span> <span class='ocrx_word' id='word_1_403' title='bbox 925 3837 1037 3889; x_wconf 88' lang='lat' dir='ltr'>umbras</span> <span class='ocrx_word' id='word_1_404' title='bbox 1053 3836 1155 3890; x_wconf 85' lang='lat' dir='ltr'>Terrae</span> <span class='ocrx_word' id='word_1_405' title='bbox 1176 3836 1337 3905; x_wconf 81' lang='lat' dir='ltr'>profundius</span> <span class='ocrx_word' id='word_1_406' title='bbox 1358 3837 1494 3889; x_wconf 83' lang='lat' dir='ltr'>immersa.</span> <span class='ocrx_word' id='word_1_407' title='bbox 1543 3828 1660 3901; x_wconf 76' lang='lat' dir='ltr'>Quibus</span> 
     </span>
     <span class='ocr_line' id='line_1_41' title="bbox 300 3915 1661 4003; baseline 0.003 -28"><span class='ocrx_word' id='word_1_408' title='bbox 300 3915 417 3996; x_wconf 90' lang='lat' dir='ltr'>quidem</span> <span class='ocrx_word' id='word_1_409' title='bbox 442 3916 554 3980; x_wconf 89' lang='lat' dir='ltr'>ultimis</span> <span class='ocrx_word' id='word_1_410' title='bbox 577 3919 677 3980; x_wconf 86' lang='lat' dir='ltr'>verbis</span> <span class='ocrx_word' id='word_1_411' title='bbox 701 3921 857 3999; x_wconf 88' lang='lat' dir='ltr'>perspicue</span> <span class='ocrx_word' id='word_1_412' title='bbox 882 3923 994 3984; x_wconf 88' lang='lat' dir='ltr'>refutat</span> <span class='ocrx_word' id='word_1_413' title='bbox 1018 3923 1056 3998; x_wconf 94' lang='lat' dir='ltr'>id,</span> <span class='ocrx_word' id='word_1_414' title='bbox 1083 3925 1159 4003; x_wconf 90' lang='lat' dir='ltr'>quod</span> <span class='ocrx_word' id='word_1_415' title='bbox 1184 3943 1249 3984; x_wconf 90' lang='lat' dir='ltr'>cnm</span> <span class='ocrx_word' id='word_1_416' title='bbox 1270 3923 1334 4002; x_wconf 91' lang='lat' dir='ltr'>ipse</span> <span class='ocrx_word' id='word_1_417' title='bbox 1354 3931 1417 3984; x_wconf 90' lang='lat' dir='ltr'>tum</span> <span class='ocrx_word' id='word_1_418' title='bbox 1445 3920 1661 3982; x_wconf 86' lang='lat' dir='ltr'>antecedentes</span> 
     </span>
     <span class='ocr_line' id='line_1_42' title="bbox 300 4005 1658 4092; baseline 0.001 -26"><span class='ocrx_word' id='word_1_419' title='bbox 300 4005 418 4075; x_wconf 87' lang='lat' dir='ltr'>dixere,</span> <span class='ocrx_word' id='word_1_420' title='bbox 452 4005 549 4068; x_wconf 91' lang='lat' dir='ltr'>lumen</span> <span class='ocrx_word' id='word_1_421' title='bbox 587 4008 617 4068; x_wconf 93' lang='lat' dir='ltr'>id</span> <span class='ocrx_word' id='word_1_422' title='bbox 649 4028 716 4070; x_wconf 90' lang='lat' dir='ltr'>esse</span> <span class='ocrx_word' id='word_1_423' title='bbox 740 4009 844 4071; x_wconf 90' lang='lat' dir='ltr'>Lunae</span> <span class='ocrx_word' id='word_1_424' title='bbox 877 4012 1039 4090; x_wconf 90' lang='lat' dir='ltr'>proprium.</span> <span class='ocrx_word' id='word_1_425' title='bbox 1085 4013 1164 4074; x_wconf 86' lang='lat' dir='ltr'>Nam</span> <span class='ocrx_word' id='word_1_426' title='bbox 1197 4012 1223 4072; x_wconf 92' lang='lat' dir='ltr'>si</span> <span class='ocrx_word' id='word_1_427' title='bbox 1256 4011 1405 4092; x_wconf 87' lang='lat' dir='ltr'>proprium</span> <span class='ocrx_word' id='word_1_428' title='bbox 1438 4019 1521 4071; x_wconf 91' lang='lat' dir='ltr'>esset</span> <span class='ocrx_word' id='word_1_429' title='bbox 1543 4009 1658 4081; x_wconf 90' lang='lat' dir='ltr'>Lunae,</span> 
     </span>
     <span class='ocr_line' id='line_1_43' title="bbox 299 4093 1659 4172; baseline 0.004 -20"><span class='ocrx_word' id='word_1_430' title='bbox 299 4093 411 4154; x_wconf 83' lang='lat' dir='ltr'>clarius</span> <span class='ocrx_word' id='word_1_431' title='bbox 436 4104 596 4172; x_wconf 88' lang='lat' dir='ltr'>appareret</span> <span class='ocrx_word' id='word_1_432' title='bbox 621 4117 658 4158; x_wconf 85' lang='lat' dir='ltr'>ex</span> <span class='ocrx_word' id='word_1_433' title='bbox 682 4097 826 4160; x_wconf 88' lang='lat' dir='ltr'>tenebris.</span> <span class='ocrx_word' id='word_1_434' title='bbox 869 4099 922 4161; x_wconf 89' lang='lat' dir='ltr'>Sic</span> <span class='ocrx_word' id='word_1_435' title='bbox 945 4101 1023 4161; x_wconf 92' lang='lat' dir='ltr'>enim</span> <span class='ocrx_word' id='word_1_436' title='bbox 1050 4108 1080 4162; x_wconf 90' lang='lat' dir='ltr'>et</span> <span class='ocrx_word' id='word_1_437' title='bbox 1104 4103 1207 4162; x_wconf 85' lang='lat' dir='ltr'>Lunae</span> <span class='ocrx_word' id='word_1_438' title='bbox 1232 4122 1250 4162; x_wconf 91' lang='lat' dir='ltr'>a</span> <span class='ocrx_word' id='word_1_439' title='bbox 1274 4101 1345 4164; x_wconf 85' lang='lat' dir='ltr'>Sole</span> <span class='ocrx_word' id='word_1_440' title='bbox 1369 4107 1536 4162; x_wconf 87' lang='lat' dir='ltr'>mutuatum</span> <span class='ocrx_word' id='word_1_441' title='bbox 1560 4098 1659 4158; x_wconf 90' lang='lat' dir='ltr'>lumen</span> 
     </span>
     <span class='ocr_line' id='line_1_44' title="bbox 299 4183 1659 4254; baseline 0.003 -13"><span class='ocrx_word' id='word_1_442' title='bbox 299 4191 389 4243; x_wconf 89' lang='lat' dir='ltr'>noctu</span> <span class='ocrx_word' id='word_1_443' title='bbox 415 4183 614 4246; x_wconf 89' lang='lat' dir='ltr'>clarissimum</span> <span class='ocrx_word' id='word_1_444' title='bbox 644 4196 706 4254; x_wconf 87' lang='lat' dir='ltr'>est,</span> <span class='ocrx_word' id='word_1_445' title='bbox 740 4206 807 4248; x_wconf 92' lang='lat' dir='ltr'>cnm</span> <span class='ocrx_word' id='word_1_446' title='bbox 839 4189 967 4250; x_wconf 90' lang='lat' dir='ltr'>interdiu</span> <span class='ocrx_word' id='word_1_447' title='bbox 992 4190 1041 4250; x_wconf 85' lang='lat' dir='ltr'>vix</span> <span class='ocrx_word' id='word_1_448' title='bbox 1073 4191 1175 4250; x_wconf 92' lang='lat' dir='ltr'>oculos</span> <span class='ocrx_word' id='word_1_449' title='bbox 1207 4197 1337 4251; x_wconf 89' lang='lat' dir='ltr'>moreat.</span> <span class='ocrx_word' id='word_1_450' title='bbox 1384 4189 1452 4250; x_wconf 87' lang='lat' dir='ltr'>Janr</span> <span class='ocrx_word' id='word_1_451' title='bbox 1477 4185 1659 4249; x_wconf 85' lang='lat' dir='ltr'>contrarium</span> 
     </span>
     <span class='ocr_line' id='line_1_45' title="bbox 299 4270 1659 4357; baseline 0.003 -27"><span class='ocrx_word' id='word_1_452' title='bbox 299 4270 401 4332; x_wconf 82' lang='lat' dir='ltr'>evenit</span> <span class='ocrx_word' id='word_1_453' title='bbox 423 4280 503 4332; x_wconf 86' lang='lat' dir='ltr'>teste</span> <span class='ocrx_word' id='word_1_454' title='bbox 527 4273 707 4336; x_wconf 89' lang='lat' dir='ltr'>Reinholdo.</span> <span class='ocrx_word' id='word_1_455' title='bbox 754 4276 937 4338; x_wconf 79' lang='lat' dir='ltr'>Profundum</span> <span class='ocrx_word' id='word_1_456' title='bbox 963 4279 1039 4339; x_wconf 89' lang='lat' dir='ltr'>enirn</span> <span class='ocrx_word' id='word_1_457' title='bbox 1064 4279 1196 4340; x_wconf 89' lang='lat' dir='ltr'>umbram</span> <span class='ocrx_word' id='word_1_458' title='bbox 1220 4278 1359 4357; x_wconf 87' lang='lat' dir='ltr'>ingressa</span> <span class='ocrx_word' id='word_1_459' title='bbox 1381 4277 1493 4355; x_wconf 88' lang='lat' dir='ltr'>nigrior</span> <span class='ocrx_word' id='word_1_460' title='bbox 1517 4283 1659 4354; x_wconf 89' lang='lat' dir='ltr'>apparet;</span> 
     </span>
     <span class='ocr_line' id='line_1_46' title="bbox 299 4358 1658 4442; baseline 0.002 -22"><span class='ocrx_word' id='word_1_461' title='bbox 299 4358 389 4422; x_wconf 89' lang='lat' dir='ltr'>altior</span> <span class='ocrx_word' id='word_1_462' title='bbox 412 4368 444 4420; x_wconf 87' lang='lat' dir='ltr'>et</span> <span class='ocrx_word' id='word_1_463' title='bbox 467 4379 602 4440; x_wconf 88' lang='lat' dir='ltr'>apogaco</span> <span class='ocrx_word' id='word_1_464' title='bbox 626 4363 747 4441; x_wconf 87' lang='lat' dir='ltr'>propior</span> <span class='ocrx_word' id='word_1_465' title='bbox 770 4366 967 4442; x_wconf 86' lang='lat' dir='ltr'>rubicundior,</span> <span class='ocrx_word' id='word_1_466' title='bbox 994 4375 1073 4428; x_wconf 91' lang='lat' dir='ltr'>utet</span> <span class='ocrx_word' id='word_1_467' title='bbox 1092 4368 1211 4428; x_wconf 89' lang='lat' dir='ltr'>eumad</span> <span class='ocrx_word' id='word_1_468' title='bbox 1232 4368 1312 4430; x_wconf 88' lang='lat' dir='ltr'>latus</span> <span class='ocrx_word' id='word_1_469' title='bbox 1335 4367 1458 4428; x_wconf 89' lang='lat' dir='ltr'>umbrae</span> <span class='ocrx_word' id='word_1_470' title='bbox 1481 4364 1509 4425; x_wconf 90' lang='lat' dir='ltr'>in</span> <span class='ocrx_word' id='word_1_471' title='bbox 1532 4371 1658 4442; x_wconf 89' lang='lat' dir='ltr'>septen-</span> 
     </span>
     <span class='ocr_line' id='line_1_47' title="bbox 298 4448 1659 4532; baseline 0.003 -24"><span class='ocrx_word' id='word_1_472' title='bbox 298 4448 411 4509; x_wconf 90' lang='lat' dir='ltr'>triones</span> <span class='ocrx_word' id='word_1_473' title='bbox 443 4448 584 4512; x_wconf 88' lang='lat' dir='ltr'>declinat.</span> <span class='ocrx_word' id='word_1_474' title='bbox 632 4453 717 4512; x_wconf 88' lang='lat' dir='ltr'>Unde</span> <span class='ocrx_word' id='word_1_475' title='bbox 752 4451 937 4532; x_wconf 83' lang='lat' dir='ltr'>intelligitur,</span> <span class='ocrx_word' id='word_1_476' title='bbox 963 4455 1096 4516; x_wconf 88' lang='lat' dir='ltr'>invenire</span> <span class='ocrx_word' id='word_1_477' title='bbox 1121 4457 1238 4517; x_wconf 89' lang='lat' dir='ltr'>Lunam</span> <span class='ocrx_word' id='word_1_478' title='bbox 1261 4457 1289 4517; x_wconf 92' lang='lat' dir='ltr'>in</span> <span class='ocrx_word' id='word_1_479' title='bbox 1319 4455 1440 4517; x_wconf 86' lang='lat' dir='ltr'>umbrae</span> <span class='ocrx_word' id='word_1_480' title='bbox 1474 4452 1659 4532; x_wconf 86' lang='lat' dir='ltr'>marginibus</span> 
     </span>
     <span class='ocr_line' id='line_1_48' title="bbox 299 4536 1661 4625; baseline 0.004 -29"><span class='ocrx_word' id='word_1_481' title='bbox 299 4536 394 4597; x_wconf 89' lang='lat' dir='ltr'>locem</span> <span class='ocrx_word' id='word_1_482' title='bbox 417 4539 608 4615; x_wconf 84' lang='lat' dir='ltr'>permixtam,</span> <span class='ocrx_word' id='word_1_483' title='bbox 634 4559 722 4620; x_wconf 90' lang='lat' dir='ltr'>qoam</span> <span class='ocrx_word' id='word_1_484' title='bbox 737 4540 814 4604; x_wconf 90' lang='lat' dir='ltr'>hano</span> <span class='ocrx_word' id='word_1_485' title='bbox 834 4543 931 4621; x_wconf 88' lang='lat' dir='ltr'>ipsam</span> <span class='ocrx_word' id='word_1_486' title='bbox 947 4561 1013 4604; x_wconf 87' lang='lat' dir='ltr'>esse</span> <span class='ocrx_word' id='word_1_487' title='bbox 1030 4545 1105 4619; x_wconf 92' lang='lat' dir='ltr'>dico,</span> <span class='ocrx_word' id='word_1_488' title='bbox 1132 4563 1207 4625; x_wconf 90' lang='lat' dir='ltr'>quae</span> <span class='ocrx_word' id='word_1_489' title='bbox 1222 4562 1276 4622; x_wconf 92' lang='lat' dir='ltr'>per</span> <span class='ocrx_word' id='word_1_490' title='bbox 1294 4545 1374 4606; x_wconf 74' lang='lat' dir='ltr'>atris</span> <span class='ocrx_word' id='word_1_491' title='bbox 1396 4561 1504 4622; x_wconf 90' lang='lat' dir='ltr'>corpus</span> <span class='ocrx_word' id='word_1_492' title='bbox 1528 4542 1661 4604; x_wconf 83' lang='lat' dir='ltr'>refracta</span> 
     </span>
     <span class='ocr_line' id='line_1_49' title="bbox 298 4626 525 4689; baseline 0.009 -4"><span class='ocrx_word' id='word_1_493' title='bbox 298 4626 525 4689; x_wconf 89' lang='lat' dir='ltr'>transmittitur.</span> 
     </span>
    </p>

    <p class='ocr_par' dir='ltr' id='par_1_9' title="bbox 297 4715 1659 4884">
     <span class='ocr_line' id='line_1_50' title="bbox 385 4715 1659 4799; baseline 0.004 -24"><span class='ocrx_word' id='word_1_494' title='bbox 385 4715 552 4793; x_wconf 89' lang='lat' dir='ltr'>Propterea</span> <span class='ocrx_word' id='word_1_495' title='bbox 584 4724 667 4778; x_wconf 90' lang='lat' dir='ltr'>recte</span> <span class='ocrx_word' id='word_1_496' title='bbox 698 4717 919 4780; x_wconf 87' lang='lat' dir='ltr'>Plutarchus</span> <span class='ocrx_word' id='word_1_497' title='bbox 952 4719 1088 4782; x_wconf 91' lang='lat' dir='ltr'>omnibus</span> <span class='ocrx_word' id='word_1_498' title='bbox 1122 4721 1169 4781; x_wconf 90' lang='lat' dir='ltr'>his</span> <span class='ocrx_word' id='word_1_499' title='bbox 1201 4719 1350 4799; x_wconf 89' lang='lat' dir='ltr'>antiquior</span> <span class='ocrx_word' id='word_1_500' title='bbox 1389 4719 1489 4782; x_wconf 90' lang='lat' dir='ltr'>libello</span> <span class='ocrx_word' id='word_1_501' title='bbox 1514 4717 1550 4778; x_wconf 92' lang='lat' dir='ltr'>de</span> <span class='ocrx_word' id='word_1_502' title='bbox 1580 4717 1659 4780; x_wconf 88' lang='lat' dir='ltr'>facie</span> 
     </span>
     <span class='ocr_line' id='line_1_51' title="bbox 297 4799 1659 4884; baseline 0.006 -24"><span class='ocrx_word' id='word_1_503' title='bbox 297 4799 416 4874; x_wconf 89' lang='lat' dir='ltr'>Lunae,</span> <span class='ocrx_word' id='word_1_504' title='bbox 450 4822 517 4866; x_wconf 91' lang='lat' dir='ltr'>cum</span> <span class='ocrx_word' id='word_1_505' title='bbox 540 4805 728 4868; x_wconf 88' lang='lat' dir='ltr'>Pharnacem</span> <span class='ocrx_word' id='word_1_506' title='bbox 755 4805 972 4868; x_wconf 75' lang='lat' dir='ltr'>introduxisset</span> <span class='ocrx_word' id='word_1_507' title='bbox 1002 4810 1246 4884; x_wconf 87' lang='lat' dir='ltr'>contendentem,</span> <span class='ocrx_word' id='word_1_508' title='bbox 1281 4827 1348 4870; x_wconf 90' lang='lat' dir='ltr'>esse</span> <span class='ocrx_word' id='word_1_509' title='bbox 1372 4809 1476 4870; x_wconf 89' lang='lat' dir='ltr'>Lunae</span> <span class='ocrx_word' id='word_1_510' title='bbox 1501 4813 1535 4868; x_wconf 92' lang='lat' dir='ltr'>ut</span> <span class='ocrx_word' id='word_1_511' title='bbox 1563 4807 1659 4868; x_wconf 89' lang='lat' dir='ltr'>astris</span> 
     </span>
    </p>
   </div>
   <div class='ocr_carea' id='block_1_9' title="bbox 0 0 1864 5528">
    <p class='ocr_par' dir='ltr' id='par_1_10' title="bbox 0 0 1864 5528">
     <span class='ocr_line' id='line_1_52' title="bbox 0 0 1864 5528; baseline 0 3"><span class='ocrx_word' id='word_1_512' title='bbox 0 0 1864 5528; x_wconf 95' lang='lat' dir='ltr'> </span> 
     </span>
    </p>
   </div>
  </div>
 </body>
</html>
