3476 5532
622 310 710 364 Nosse
724 311 837 362 atttorts
1096 317 1100 338 ⁵
1339 311 1404 378 827
1502 359 1509 378 .

68 555 70 567 Ι
143 493 242 563 ltaque
261 493 317 546 duo
336 489 496 562 responderi
515 495 648 562 potarat:
670 497 721 546 aut
734 491 805 547 enim
826 491 973 545 absurdum
993 491 1098 544 nullum
1119 497 1164 545 est
1176 497 1226 556 aut
1246 493 1405 548 absurditas

56 572 172 644 abipso
186 573 340 636 Aristotele
362 573 475 626 sublata
496 578 548 626 est.
576 571 697 636 Nullum,
719 572 838 644 inquam,
860 571 1016 636 absurdum,
1039 571 1062 625 si
1082 573 1244 626 concentrici
1264 583 1405 644 ponantur

56 669 115 706 cum
143 651 255 708 usitatis
286 652 425 708 Theorieis
454 651 571 716 libellis,
602 652 811 722 qui-theoriam
840 653 972 722 planetae
997 667 1084 722 supra
1108 658 1139 706 et
1166 652 1239 707 inira
1263 655 1404 709 claudunt.

55 732 93 786 Hi
112 749 229 803 namque
251 733 418 788 concentrioi
435 739 581 788 moventur
601 733 742 803 aequabili
761 738 846 788 motu
878 731 969 804 Igitur
988 732 1097 786 theoria
1117 732 1248 801 planetae
1268 735 1405 789 inferioris

55 819 87 866 et
106 819 234 867 vectatur
255 830 274 867 a
288 813 429 883 superiore
450 813 607 866 includente
629 820 659 866 et
678 813 741 883 ipsa
754 831 804 868 suo
825 813 950 868 morendi
969 811 1102 883 principio
1124 813 1200 866 addit
1219 813 1322 884 aliquid
1343 815 1407 871 huic

56 893 220 947 sectationis
242 893 337 958 motui,
361 908 413 964 quo
427 894 459 948 iit
478 892 599 948 velocior
618 893 747 948 vehente.
775 895 874 966 ltaque
896 893 919 947 si
939 893 1009 947 nihil
1029 899 1074 948 est
1087 893 1206 957 absurdi,
1228 895 1291 948 vehi
1311 913 1406 950 eccen-

55 973 150 1027 tricum
179 989 198 1027 a
225 973 415 1028 deferentibus
442 973 483 1039 in,
498 989 554 1028 una
578 973 673 1044 aliqua
697 974 808 1028 theoria
835 981 865 1028 et
889 973 996 1028 interim
1024 974 1127 1028 moveri
1151 989 1203 1042 per
1228 975 1406 1030 deferentium

54 1053 204 1108 caritatem
234 1055 347 1125 proprio
376 1061 466 1109 motus
496 1053 645 1124 principio,
676 1054 746 1109 nihil
766 1055 850 1110 etiam
880 1054 1003 1118 absurdi,
1035 1054 1099 1108 vehi
1128 1053 1255 1126 integras
1285 1055 1407 1110 theorias

53 1132 196 1188 inferiores
218 1150 237 1188 a
258 1133 458 1204 superioribus,
488 1135 651 1205 interimque
681 1141 713 1190 ut
739 1135 878 1190 formicam
906 1134 933 1188 in
962 1135 1127 1189 circumacta
1154 1143 1218 1188 rota
1245 1135 1273 1188 in
1298 1138 1407 1190 easdem
1452 1197 1455 1204 ¹

52 1219 147 1281 partes
169 1213 273 1284 aliquid
294 1213 427 1284 prolicere
447 1215 524 1269 ultra
544 1214 716 1268 celeritatem
736 1215 908 1270 sectationis.
1237 1239 1240 1248 ’

84 1303 86 1308 ’
142 1303 277 1373 Quicquid
297 1321 362 1357 rere
383 1304 495 1359 absurdi
516 1305 590 1368 hino,
614 1306 649 1358 ob
669 1304 857 1360 diversitatem
871 1307 943 1360 sorte
956 1305 1096 1374 polorum,
1116 1311 1275 1360 exstrueret
1295 1304 1404 1375 aliquis,

51 1381 219 1438 Aristoteles
245 1383 288 1438 ita
313 1385 441 1449 sustulit,
462 1393 495 1440 ut
514 1385 624 1441 Eudoxi
651 1391 682 1440 et
707 1385 817 1457 Calippi
843 1386 954 1440 orbibus
985 1381 1023 1439 27
1048 1375 1332 1455 interponeret‘alics
1361 1381 1406 1448 26,

52 1477 120 1530 quos
141 1464 323 1518 restituentes
345 1466 481 1536 appellat,
504 1483 617 1538 quorum
636 1466 782 1538 unicuique
803 1465 934 1520 tribuitur
954 1467 1049 1520 eadem
1062 1466 1146 1536 plane
1167 1473 1257 1520 motus
1278 1466 1407 1520 celeritas

52 1545 82 1593 et
102 1543 225 1612 qualitas
249 1541 292 1614 (in
312 1545 428 1616 plagam
449 1553 542 1602 tamen
562 1544 756 1615 contrariam),
785 1563 857 1618 quae
876 1547 951 1601 inest
975 1547 1109 1616 superiori
1131 1546 1272 1617 Calippico
1293 1563 1323 1600 se
1343 1563 1407 1617 pro·

52 1621 126 1675 xime
148 1625 278 1696 tangenti
299 1632 329 1679 et
355 1625 477 1683 vehenti.
520 1627 565 1682 Fit
585 1627 627 1681 ita
651 1628 734 1697 hujus
762 1628 929 1682 revolventis
950 1643 1017 1696 ope,
1046 1633 1079 1680 ut
1099 1642 1284 1698 quemcunque
1305 1633 1407 1682 motum

52 1703 178 1770 perficiet
205 1724 230 1760 e.
258 1723 288 1776 g.
316 1713 332 1777 5
355 1712 384 1760 et
409 1715 431 1778 lt
453 1709 578 1779 proxime
609 1725 726 1778 sequens
756 1708 962 1773 restituentem,
991 1707 1076 1777 plane
1106 1708 1240 1781 liberetur
1269 1713 1299 1764 et
1328 1708 1407 1779 quasi

52 1789 173 1838 exuatur
194 1802 212 1840 a
233 1788 372 1842 contrario
402 1796 478 1843 motu
508 1788 697 1853 restituentis,
729 1788 775 1860 qui
802 1787 965 1863 sectationis
995 1789 1060 1860 lege
1085 1787 1149 1842 Jovi
1176 1788 1406 1844 communicatur:

53 1860 146 1932 itaque
167 1865 220 1920 nisi
241 1875 265 1938 lt
286 1885 324 1922 ex
345 1885 376 1922 se
397 1869 457 1940 ipso
478 1887 577 1923 uorum
598 1874 699 1922 motum
720 1871 896 1939 produceret,
918 1869 946 1922 in
967 1867 1021 1922 bac
1041 1868 1228 1922 sectationum
1250 1869 1407 1924 obviatione

53 1941 137 2009 plane
156 1945 298 2014 rideretur
323 1948 471 2020 quiescere.
513 1951 608 2004 Habes
629 1949 798 2004 Laurentiue
827 1949 939 2003 absurdi
960 1947 1000 2002 tui
1028 1949 1169 2004 elisionem
1190 1966 1245 2004 aon
1265 1950 1405 2015 novitiam,

55 2024 102 2076 sed
124 2025 217 2093 plane,
240 2036 438 2101 contraquam
460 2030 627 2100 opinaberis,
650 2027 875 2099 antiquissimam.

142 2114 290 2173 Exhausto
321 2117 470 2189 pharetra,
500 2119 620 2190 perfusis
652 2119 730 2182 telis,
767 2119 863 2189 quibus
890 2117 1024 2172 usitatam
1051 2119 1220 2190 hypothesin
1246 2123 1406 2196 configeret,

54 2187 151 2262 incipit
171 2200 285 2254 eandem
304 2199 472 2255 Laurentius
493 2200 639 2254 defendere
661 2205 691 2253 et
710 2199 827 2253 vulnera
853 2200 988 2270 obligare.
1029 2201 1148 2270 Magnus
1173 2197 1290 2258 norato'r
1310 2207 1407 2259 eadem

54 2273 173 2343 undique
188 2278 253 2334 dicit
267 2297 326 2332 cum
340 2281 489 2344 veteribus,
504 2281 618 2334 mutatis
632 2287 740 2334 tanturn
754 2279 858 2334 mediis.
894 2282 1019 2344 Fatetur,
1034 2289 1135 2336 motum
1149 2283 1254 2352 primae
1268 2285 1405 2354 sphaerae

54 2357 246 2414 communicari
269 2359 456 2426 inferioribus,
486 2369 518 2414 at
537 2366 636 2432 negat,
665 2361 691 2414 id
711 2361 771 2414 fieri
796 2361 953 2415 vectatione
981 2363 1026 2414 vel
1051 2368 1148 2432 raptu,
1176 2364 1222 2434 qui
1243 2366 1349 2419 oriatur
1368 2383 1407 2421 ex

53 2439 184 2490 contactu
204 2440 397 2510 sphaerarum,
419 2443 467 2494 sed
488 2441 729 2495 communicatione
755 2441 872 2511 quadam
902 2441 1024 2510 ejusdem
1054 2442 1173 2496 consilii:
1201 2445 1404 2517 intelligentias

49 2527 166 2585 namque
189 2521 369 2589 sphaerarum
389 2520 547 2576 inferiorum
567 2523 603 2575 ad
617 2521 732 2590 primam
751 2521 897 2590 respicere,
921 2537 1034 2590 eumque
1049 2524 1164 2577 eundern
1178 2541 1238 2578 curn
1252 2525 1302 2579 illa
1323 2527 1402 2582 inem

50 2590 176 2648 babeant
195 2600 374 2670 propositum,
396 2599 498 2654 imitari
519 2601 603 2654 etiam
623 2601 709 2670 ipsius
732 2608 842 2656 motum.
888 2604 928 2654 Δι
948 2602 1013 2672 quia
1033 2619 1087 2656 non
1107 2604 1228 2658 sufficiat
1248 2606 1293 2660 hic
1313 2615 1402 2662 motus
1472 2615 1474 2623 '

51 2670 236 2743 inferioribus,
259 2681 359 2734 addere
381 2679 465 2734 alium
485 2681 634 2751 proprium.

139 2764 258 2822 Vehitur
277 2769 372 2841 igitur,
393 2770 536 2834 Laurenti,
551 2788 606 2823 non
627 2770 733 2840 quidem
754 2786 852 2839 corpus
874 2787 892 2824 a
905 2787 1028 2840 corpore,
1051 2774 1098 2826 sed
1113 2773 1223 2827 vehitur
1243 2791 1293 2827 seu
1312 2776 1403 2846 magis

51 2841 175 2897 trahitur
194 2846 384 2920 intelligentia
405 2852 441 2904 ab
455 2849 652 2921 intelligentia,
676 2850 810 2920 cogitatio
826 2851 1036 2922 sospitatione,
1058 2854 1193 2922 cupiditas
1209 2855 1420 2926 stupiditate„

51 2920 93 2972 vis
114 2925 217 2982 motrix
237 2945 255 2982 a
275 2930 302 2984 si
322 2930 454 2984 motricel
480 2930 572 2992 Quid?
593 2931 670 2984 Tune
691 2932 765 2984 solus
787 2932 891 3002 sapiet,
906 2935 951 2984 An
971 2949 1027 2986 non
1047 2934 1090 2987 vel
1112 2934 1184 2988 hanc
1205 2935 1318 2989 eandem
1340 2954 1402 2990 sen·

50 3003 166 3058 tentiam
187 3008 241 3078 ipsi
269 3010 352 3065 etiarn
382 2995 531 3065 a'stronomi
555 3027 606 3081 per
632 3027 695 3065 suos
722 3012 802 3065 orbes
832 3012 1002 3084 depingunt:
1034 3028 1070 3067 an
1090 3021 1121 3066 tu
1148 3015 1267 3070 sortasse
1294 3031 1404 3072 sensum

47 3089 156 3138 tuorum
176 3091 325 3144 verborum
351 3107 450 3162 capere
477 3091 606 3162 potuisti,
635 3109 690 3145 non
714 3091 883 3162 imaginatus
910 3093 986 3162 prius
1015 3093 1120 3150 orbium
1149 3097 1332 3151 vectatmnem
1353 3114 1404 3151 ceu
1500 3088 1507 3101 ⁴

48 3162 184 3230 picturam
214 3171 361 3226 dilucidam
388 3172 428 3226 rei
453 3189 504 3242 per
530 3188 560 3228 se
586 3173 742 3228 obscurae?
776 3173 1003 3228 Numeratoribus
1034 3174 1105 3228 enirn
1130 3183 1160 3228 et
1189 3176 1403 3232 calculatoribus

50 3248 226 3313 geometricis
247 3251 433 3307 schematibus
454 3269 523 3323 opus
545 3259 600 3316 est,
629 3252 734 3306 bostra
754 3260 785 3306 tu
804 3253 860 3306 illis
881 3269 990 3307 amores
1015 3255 1110 3308 summi
1131 3256 1210 3320 boni,
1237 3257 1402 3326 cupiditates

52 3326 223 3396 acquirendi,
250 3332 452 3403 intelligentias
478 3338 508 3411 et
532 3332 687 3403 hujusmodi
711 3333 903 3403 philosophica
927 3335 1125 3390 inculcaveris:
1154 3353 1226 3407 quae
1247 3338 1299 3391 nisi
1319 3340 1402 3394 rebus

52 3411 226 3474 geometricis
247 3411 451 3481 exprimantur,
474 3415 510 3466 ad
534 3429 660 3468 numeros
682 3431 736 3468 nou
760 3415 883 3469 veniunt.
924 3414 981 3469 hnc
1007 3431 1073 3469 vero
1101 3415 1236 3471 difficilior
1256 3425 1300 3472 est
1319 3420 1401 3484 ratio,

53 3499 110 3538 una
129 3488 279 3546 intentione
301 3494 380 3548 unius
406 3493 613 3565 intelligentiae
635 3489 653 3548 2
674 3494 847 3549 commiscere
868 3501 897 3548 et
916 3496 1048 3564 perticere
1069 3502 1172 3562 motus,
1200 3515 1281 3568 quam
1303 3516 1401 3570 corpus

55 3562 135 3619 simul
155 3579 184 3623 et
204 3572 266 3626 vehi
287 3574 323 3626 ab
340 3581 476 3628 extraneo
491 3591 520 3627 se
536 3575 674 3632 ambiente
695 3591 808 3644 corpore
823 3581 852 3628 et
865 3576 966 3629 mereri
985 3594 1015 3629 se
1029 3577 1089 3647 ipso
1110 3577 1184 3632 intra
1203 3579 1273 3633 illud
1293 3597 1400 3650 corpus.

55 3643 145 3714 Hujus
167 3653 296 3722 exempla
316 3662 380 3708 sunt
400 3655 567 3726 quotidiana,
590 3655 798 3720 illud‘nondum,
820 3656 866 3726 qui
879 3655 937 3710 lieri
951 3657 1048 3727 possit,
1070 3659 1228 3728 explicasti.
1261 3659 1403 3726 violentia

56 3741 121 3779 vero
142 3735 169 3782 te
189 3749 243 3786 non
264 3733 347 3790 debet
371 3735 515 3805 impedire,
544 3753 597 3806 quo
621 3734 709 3790 miuus
735 3736 892 3806 exemplum
913 3753 931 3790 a
950 3737 1067 3804 terrenis
1089 3741 1123 3792 ad
1151 3740 1286 3794 coelestia
1311 3748 1400 3795 bans-

56 3803 138 3874 feros,
159 3812 253 3882 utique
274 3811 297 3865 si
310 3815 426 3870 Averroi
445 3823 494 3869 tuo
508 3817 604 3881 credis,
625 3816 770 3871 materiam
790 3817 874 3870 coelis
896 3817 1043 3880 adimenti;
1066 3835 1118 3889 quo
1133 3820 1207 3872 iacto
1221 3821 1300 3874 nulla
1311 3829 1403 3877 restat

56 3888 139 3944 melis
159 3893 294 3964 gravitas,
316 3896 393 3950 nulla
412 3895 497 3967 igitur
516 3896 657 3960 violentia,
679 3897 744 3968 quia
763 3898 842 3952 nulla
862 3915 880 3952 a
899 3897 1042 3969 gravitate
1062 3901 1257 3972 repugnantia.

144 3991 228 4046 Porro
257 3992 394 4047 bonsiens
424 3995 465 4047 ad.
492 3995 668 4064 aperiendum
697 3996 867 4067 particulare
897 3997 1074 4068 mysterium,
1106 4001 1237 4068 quomodo
1265 4000 1338 4056 orbis
1366 4005 1402 4058 ab

56 4065 244 4143 intelligentia
261 4079 411 4138 moveatur,
433 4075 534 4126 evertit
549 4077 619 4144 quod
633 4075 660 4128 in
678 4077 835 4132 universum
855 4077 972 4134 dixerat.
1000 4079 1029 4132 si
1042 4079 1147 4133 nullam
1165 4081 1290 4136 concedit
1308 4091 1401 4138 vecta·

56 4147 158 4206 tionem
171 4154 259 4207 bonus
273 4160 303 4207 et
316 4153 434 4224 simplex
446 4154 642 4219 Laurentibus,
663 4163 692 4209 et
706 4157 728 4208 si
743 4157 834 4211 omnia
848 4159 917 4211 tacit
937 4159 1132 4230 intelligentia,
1154 4162 1216 4231 quid
1233 4179 1301 4232 opus
1316 4164 1342 4216 ei
1356 4172 1402 4218 est

57 4231 143 4286 orbe?
167 4235 266 4288 Orbem
281 4235 316 4287 ab
332 4235 397 4289 orbe
411 4233 474 4288 vehi
488 4242 583 4306 negat,
599 4237 669 4306 quod
684 4238 831 4290 absurdum
845 4239 891 4302 sit,
907 4245 936 4292 et
950 4241 1096 4294 absurdum
1109 4259 1163 4295 non
1176 4249 1267 4312 putat,
1291 4245 1403 4299 stellam

54 4315 112 4367 tam
132 4330 250 4386 parvam
272 4315 308 4369 ab
329 4315 395 4369 orbe
419 4315 483 4369 sebi
503 4321 560 4368 tam
581 4323 668 4372 sesto.
691 4316 762 4379 *Qui
789 4318 869 4371 orbes
897 4319 1050 4385 linxensnt,
1080 4321 1139 4375 ideo
1160 4325 1314 4390 tinxerunt,
1337 4326 1402 4396 quia

55 4397 226 4460 metuebant,
248 4414 283 4450 ne
303 4395 493 4469 intelligentia
512 4411 567 4452 non
586 4403 683 4465 posset
703 4407 798 4452 tenere
819 4397 957 4452 camitem
971 4403 1072 4456 stellae
1093 4409 1142 4456 aut
1162 4412 1276 4475 gestare
1302 4423 1400 4476 corpus

55 4473 127 4542 ejus,
160 4476 214 4532 nisi
235 4477 300 4531 orbe
329 4484 455 4532 uteretur
474 4475 503 4530 in
524 4475 595 4546 polis
624 4477 723 4542 affixo;
755 4485 785 4532 tu
809 4477 855 4549 qui
888 4479 989 4546 credis,
1025 4482 1227 4554 intelligentias
1256 4485 1400 4542 inferiores

56 4559 224 4626 superiorem
243 4573 325 4628 posse
346 4555 446 4612 imitari
467 4556 538 4610 citra
557 4558 741 4612 vectationem
760 4559 875 4623 orbium,
897 4559 961 4630 quid
980 4561 1069 4616 adbuc
1090 4579 1188 4618 oneras
1208 4565 1272 4620 illas
1294 4565 1400 4620 orbium

56 4638 140 4704 mole,
168 4656 228 4695 cum
249 4637 332 4694 unica
355 4637 517 4702 ambesit,
544 4635 622 4705 cujm
646 4638 717 4692 latio
737 4639 767 4692 in
790 4640 891 4694 ellectu
915 4647 1078 4710 spectatur?
1108 4643 1254 4700 Soumetia
1274 4651 1336 4700 tota
1356 4653 1407 4702 est

57 4717 186 4784 ridicule,
207 4720 337 4792 designat
356 4726 461 4774 certum
480 4717 687 4788 intelligentiae
706 4726 838 4789 punctum
857 4720 886 4774 in
907 4720 987 4787 orbe,
1011 4724 1047 4777 ab
1067 4740 1101 4776 eo
1120 4741 1223 4780 nexum
1242 4725 1284 4780 ait
1304 4727 1399 4782 orbem

58 4805 189 4864 ceterum,
211 4806 243 4855 ut
261 4802 385 4856 membra
403 4798 518 4855 bombis
539 4804 605 4853 sunt
626 4815 701 4854 nexa
721 4815 740 4854 a
760 4802 857 4865 corde,
884 4799 947 4854 inde
972 4803 1134 4874 principium
1155 4821 1215 4860 esse
1236 4814 1339 4872 motus,
1367 4815 1400 4863 ut

58 4873 86 4932 in
104 4888 169 4938 rota
181 4881 363 4938 Archimedes
376 4882 413 4936 ab
426 4899 480 4938 uuo
495 4877 588 4951 aliquo
609 4879 744 4936 claviculo
764 4881 936 4936 extrinsecus
953 4881 1070 4953 impulso
1085 4889 1147 4940 tote
1159 4894 1224 4942 rote
1242 4886 1397 4958 impeditur,
