3464 5524
267 287 288 358 8
679 294 778 346 Litsras
796 259 900 360 ldeplert
919 293 1069 360 aliorumque
1088 299 1189 344 mutuae

268 492 351 536 meas
376 471 509 535 rationes
525 471 681 536 naturales
700 472 906 556 motionesque
929 471 1102 554 inaequales
1132 470 1257 534 mnltnm
1276 474 1462 550 repugnante
1479 462 1629 549 Tycbone

268 562 415 642 corrmgio.

356 654 407 716 Ad
438 672 535 716 meam
570 673 696 732 namque
720 651 890 732 opinionem
913 646 1110 712 manuducit
1138 666 1184 708 nre
1208 643 1357 728 Tychonis
1387 637 1629 711 animadversio,

268 743 317 824 qui
341 749 517 806 constanter
540 743 683 815 affirmat,
708 742 923 804 incrementum
947 739 1003 800 hoo
1028 735 1239 816 aequationum
1263 733 1392 814 incipere
1407 728 1523 793 areris
1548 746 1626 789 con-

263 832 468 912 junctionibus
492 840 524 892 et
546 821 785 912 oppositionibus
817 830 905 912 inque
936 848 989 890 eas
1022 825 1169 888 desinere.
1216 822 1258 884 At
1281 840 1372 882 verae
1396 817 1631 918 conjunctiones

268 929 392 1001 propter
415 921 570 1000 utriusque
592 919 745 982 luminaris
769 939 873 982 cursus
898 917 1048 982 adnisum
1071 912 1276 994 inaequabiles
1291 910 1407 972 distant
1430 907 1468 970 ab
1494 905 1631 968 invicem

269 1008 454 1090 temporibus
478 1008 697 1089 inaequalibus.
734 1007 815 1090 Ergo
839 1010 915 1071 haec
938 1005 1071 1068 secunda
1093 1001 1294 1081 inaequalitas
1317 997 1397 1062 eirca
1420 996 1634 1097 quadraturas

269 1097 417 1161 interdum
441 1096 530 1160 citius
554 1097 647 1168 redit,
671 1098 820 1162 interdum
844 1098 971 1161 tardius.
1009 1091 1110 1164 Quare
1134 1092 1181 1153 vel
1197 1090 1308 1152 inlitus
1332 1085 1468 1149 adfflstlll
1490 1085 1634 1163 aquuarn

270 1187 410 1248 motionis
433 1186 691 1268 inaequalitatem.
1427 1261 1433 1275 Ι
1511 1257 1518 1274 ‚
1563 1255 1570 1269 ‚
1598 1255 1606 1269 ⁸

357 1273 446 1346 Quod
471 1281 570 1338 antem
604 1275 819 1339 incrementum
842 1276 900 1338 boc
923 1296 943 1336 a
964 1293 1038 1336 vera
1060 1269 1269 1352 conjunctione
1297 1265 1485 1362 luminarium
1509 1267 1635 1338 rncrprt,

269 1363 298 1424 id
322 1363 395 1424 mibi
414 1363 603 1426 occasionem
623 1364 891 1427 luculentissimam
914 1363 1055 1444 praebet,
1080 1369 1176 1424 totam
1199 1359 1275 1420 barro
1299 1374 1360 1417 rem
1385 1353 1414 1415 iu
1431 1355 1588 1452 'uirtutem
1615 1365 1637 1406 a

269 1450 342 1514 Sole
364 1469 418 1532 per
441 1453 564 1518 Terram
588 1460 794 1516 transeuntem
818 1452 988 1514 conferendi
1013 1470 1048 1512 eo
1072 1449 1174 1522 modo,
1198 1445 1247 1528 qni
1266 1447 1331 1524 jam
1355 1447 1503 1524 sequitur:
1605 1521 1612 1534 1

357 1540 433 1602 Post
456 1540 581 1602 inventa
603 1541 754 1624 Tyehonis
778 1550 810 1604 et
824 1539 981 1622 Copernici
1005 1555 1091 1602 neruo
1115 1556 1202 1617 porro
1218 1530 1438 1631 mathematicis
1463 1525 1540 1586 benc
1558 1542 1635 1602 opr-

269 1628 387 1690 nionem
412 1629 533 1702 eximet,
558 1629 658 1692 inesse
682 1630 823 1692 virtutem
847 1631 875 1692 in
900 1629 982 1692 Solis
1006 1647 1130 1708 corpore
1154 1627 1233 1700 (sive
1249 1621 1385 1704 quiescat
1408 1635 1472 1678 srve
1497 1631 1635 1676 morea-

271 1725 320 1778 tur
334 1724 366 1778 et
381 1716 473 1797 ipse),
500 1738 576 1798 quae
591 1719 660 1782 inde
680 1727 823 1800 tanquam
838 1739 858 1780 a
876 1719 998 1799 propria
1021 1717 1092 1779 sede
1117 1717 1146 1777 in
1170 1716 1310 1794 planetas
1333 1725 1436 1771 omues
1453 1707 1639 1784 propagata

270 1805 352 1866 cirea
375 1803 479 1868 Solem
503 1826 555 1868 eos
580 1809 749 1884 convolvat,
774 1807 937 1886 quemlibet
959 1826 1012 1886 pro
1032 1805 1147 1868 ratione
1172 1799 1334 1864 distantiae
1358 1794 1444 1858 tarde
1468 1790 1516 1852 rel
1542 1790 1636 1890 cele-

270 1895 354 1957 riter.
401 1894 449 1957 Ex
474 1895 530 1957 hoc
561 1895 708 1958 communi
739 1915 830 1958 ceusu
860 1896 925 1958 sola
948 1895 1035 1958 Luna
1063 1892 1216 1966 eximitur,
1255 1906 1329 1968 quae
1360 1902 1418 1948 non
1443 1888 1485 1984 ‘ut
1518 1878 1637 1958 requur

272 1981 400 2064 quinque
426 1982 546 2060 Solem,
572 1984 624 2046 sed
649 1983 772 2048 Terram
796 1984 1009 2048 circumcurrit.
1056 1983 1097 2044 Et
1120 1990 1220 2043 temen
1246 1993 1282 2038 ue
1305 1977 1382 2037 hanc
1402 1969 1522 2073 quidem
1546 1967 1640 2029 bona

271 2091 337 2133 cum
363 2072 479 2133 ratione
504 2093 522 2134 a
544 2072 655 2135 virtute
680 2073 817 2147 metrice,
843 2093 918 2155 quae
943 2073 999 2134 toti
1024 2071 1137 2150 reliquo
1167 2067 1275 2130 mundo
1300 2078 1466 2161 communis
1489 2064 1548 2131 est,
1577 2074 1637 2118 se·

238 2177 381 2238 ·,parare
405 2179 575 2240 possumus.
621 2161 688 2225 Hoc
713 2181 784 2242 ergo
808 2161 894 2224 nobis
919 2169 984 2224 esto
1009 2160 1037 2222 in
1062 2159 1214 2231 confesso,
1240 2153 1341 2216 sedem
1364 2151 1499 2216 virtutus,
1525 2163 1544 2206 a
1571 2162 1641 2224 qua

271 2249 376 2310 Lunae
400 2257 498 2312 motus
531 2249 583 2312 ille
607 2259 776 2312 menstruus
804 2249 1018 2331 proficiscitur,
1049 2246 1192 2329 primario
1222 2245 1252 2308 in
1276 2242 1357 2306 Solis
1380 2253 1505 2317 corpore
1531 2252 1639 2314 quae-

270 2335 405 2398 rendam.

361 2426 456 2488 Porro
480 2445 546 2490 eum
570 2445 673 2490 omnes
697 2425 802 2506 reliqui
825 2426 968 2508 planetae
992 2426 1144 2506 ideorpus
1167 2424 1349 2486 censentem
1372 2412 1494 2478 virtutis
1518 2410 1640 2474 motri·

270 2511 316 2574 cis
346 2513 539 2594 experiantur
569 2515 647 2596 qnod
677 2515 859 2578 circumeunt
883 2513 1001 2588 (Solem
1024 2517 1159 2595 nempe),
1189 2512 1276 2574 Luna
1299 2525 1414 2590 qnoque
1438 2521 1477 2565 ex
1500 2520 1536 2562 eo
1560 2520 1643 2562 cor-

271 2619 343 2682 pore
368 2603 446 2681 quod
471 2603 606 2666 circumit
629 2604 741 2684 aliquid
760 2602 906 2684 patietur.

362 2687 511 2754 Circumit
542 2701 643 2756 autern
668 2693 802 2758 Terram.
849 2694 882 2755 Iu
907 2693 1002 2754 Terra
1031 2691 1122 2770 igitur
1150 2690 1229 2752 inest
1259 2685 1367 2758 virtus,
1400 2700 1476 2762 qnae
1510 2679 1640 2780 Lunares

272 2777 344 2842 ciet.
384 2779 489 2842 Antea
511 2800 582 2844 reru
606 2780 765 2862 primarius
790 2783 855 2860 eJus
879 2783 946 2843 fons
970 2779 998 2842 in
1015 2777 1086 2841 Sole
1101 2789 1176 2842 erat.
1213 2775 1292 2848 Quid
1309 2780 1405 2837 restat
1428 2767 1641 2870 igituralrud,

274 2886 363 2946 quam
386 2877 420 2930 nt
443 2869 593 2932 dicamus:
628 2870 731 2948 egredi
756 2890 772 2930 e
796 2869 868 2934 Sole
892 2891 947 2932 ceu
969 2870 1085 2932 radium
1117 2869 1245 2947 aliquem
1269 2861 1390 2926 virtutis
1414 2867 1565 2931 rnotrrcrs,
1605 2867 1643 2916 et

274 2956 480 3020 continuatum
503 2977 558 3038 per
581 2977 689 3038 corpus
712 2959 841 3021 Telluris
866 2960 893 3020 in
918 2959 1078 3031 directum,
1103 2957 1132 3019 in
1156 2956 1276 3018 Tellure
1300 2950 1386 3033 quasi
1409 2945 1550 3039 nidulari,
1576 2963 1641 3020 pe-

274 3045 427 3124 nitamque
458 3055 490 3108 et
519 3047 734 3109 subsistentem
763 3048 984 3111 continuatione
1014 3047 1071 3108 hac
1103 3043 1281 3108 secundaria
1307 3038 1456 3121 quandam
1487 3035 1641 3096 virtutem

274 3151 329 3194 ceu
353 3133 486 3196 sobolem
509 3133 624 3196 Solaris
645 3135 723 3196 illius
752 3137 814 3214 jam
839 3137 907 3198 inde
931 3154 947 3196 e
967 3135 1085 3196 Tellure
1110 3141 1251 3214 tanquam
1275 3150 1291 3192 e
1314 3147 1392 3190 nora
1414 3125 1489 3186 sede
1513 3143 1643 3186 rursum

274 3220 303 3281 in
328 3221 431 3284 orbem
461 3222 563 3302 spargi
595 3224 632 3284 ad
663 3224 940 3286 circumducendam
964 3224 1079 3286 Lunam
1103 3223 1183 3285 circa
1206 3221 1344 3291 Terram,
1369 3214 1474 3276 ordine
1498 3233 1518 3274 a
1542 3232 1640 3274 eree-

275 3317 341 3371 tore
366 3311 458 3372 coelis
482 3311 628 3390 imperato
648 3312 676 3374 in
701 3313 858 3392 principio.
894 3313 973 3376 Nam
997 3312 1023 3374 si
1046 3313 1082 3372 de
1098 3309 1272 3390 corporibus
1288 3305 1362 3386 ipsis
1378 3301 1644 3366 manifestissima

205 3453 211 3458 .
274 3404 407 3460 testatur
431 3400 632 3480 experientia,
657 3411 774 3463 eeteros
798 3403 938 3482 planetas
963 3399 1042 3476 Soli,
1076 3400 1171 3462 solam
1195 3394 1447 3460 LunamTerrae
1472 3389 1639 3462 tributam,

275 3484 345 3566 quid
369 3506 424 3548 nos
442 3489 603 3567 prohibeat
626 3490 731 3550 eadem
754 3490 948 3570 proportione
972 3495 1003 3550 et
1026 3490 1062 3552 ds
1086 3487 1246 3550 virtutibus
1262 3481 1437 3548 motricibus
1453 3479 1642 3558 disputare?

274 3573 331 3636 His
359 3593 431 3638 neus
464 3577 659 3638 theorematis
683 3578 816 3658 physicis
839 3579 897 3641 hoc
930 3577 1069 3650 conficio,
1107 3577 1249 3638 uirtutem
1286 3573 1314 3634 in
1339 3569 1412 3632 Sole
1444 3568 1642 3630 residentem
1722 3578 1727 3590 ·

274 3663 381 3726 ellectu
406 3683 460 3726 suo
484 3666 660 3728 circularem
685 3676 715 3727 et
738 3667 925 3746 aequabilem
950 3684 1017 3728 esse
1042 3664 1232 3744 simpliciter,
1256 3661 1397 3722 virtutem
1425 3675 1499 3718 vero
1526 3655 1640 3718 Lunae

273 3751 445 3824 meminent,
471 3753 647 3816 circularem
672 3753 791 3834 quidem
816 3763 846 3816 et
870 3755 982 3833 ipsam,
1008 3754 1061 3814 sed
1087 3751 1156 3834 quis
1170 3748 1394 3814 continuatione
1419 3745 1552 3826 quadam
1568 3764 1641 3806 cum

274 3839 374 3904 Solari
396 3840 522 3916 virtute,
547 3861 623 3922 qnae
638 3861 692 3922 per
716 3843 824 3905 lineam
839 3851 954 3906 rectam
968 3842 1105 3917 efficitur,
1131 3839 1284 3908 subsistit,
1310 3838 1376 3898 ideo
1396 3835 1489 3914 juxta
1515 3852 1641 3914 quoque

273 3928 390 3992 ruboris
415 3931 527 4010 aliquid
543 3949 579 3992 ex
594 3930 647 3992 illa
671 3927 751 3994 linea
774 3940 872 4005 recta,
897 3936 973 4010 quae
997 3932 1098 3992 sedem
1113 3937 1268 4008 utramque
1283 3922 1451 3997 connectit,
1475 3921 1640 4002 suscipere

274 4017 373 4078 etsie
396 4024 484 4079 tanto
507 4017 702 4080 valentiorem
727 4038 810 4093 essa,
837 4026 949 4098 quanto
973 4018 1068 4081 lineae
1083 4017 1214 4098 propior.
1254 4017 1287 4076 ln
1312 4010 1505 4094 quadraturis
1531 4019 1641 4074 antem

272 4105 361 4166 Luna
384 4105 587 4168 remotissima
606 4115 653 4167 est
669 4126 687 4168 a
702 4107 849 4168 diametro
864 4106 1015 4180 virtutum,
1040 4105 1212 4168 tardissime
1236 4102 1327 4182 igitur
1351 4101 1500 4164 volvetur.
1530 4097 1642 4178 Supra

273 4211 345 4255 vern
369 4193 546 4256 tarditatem
570 4196 664 4258 mensi
687 4213 788 4257 somus
812 4202 923 4274 puncto
938 4193 963 4256 C
979 4213 1071 4276 supra
1086 4194 1112 4256 Β
1127 4201 1262 4268 centrum
1287 4190 1369 4254 orbis
1392 4191 1526 4252 elevato.
1561 4185 1641 4248 Jam

274 4279 365 4360 igitur
388 4279 418 4344 in
438 4283 643 4362 quadraturis,
677 4289 711 4343 nt
734 4283 830 4344 adhuc
855 4282 968 4345 tardior
998 4284 1109 4344 eradat
1132 4283 1218 4344 Luna
1241 4289 1272 4342 et
1296 4277 1494 4360 aequationes
1520 4277 1642 4340 habeat

273 4367 419 4446 majores,
449 4380 590 4450 puuctum
615 4369 642 4432 id
663 4370 755 4432 altius
778 4371 875 4433 adhuc
900 4369 1082 4433 elevabimus
1106 4389 1197 4450 usque
1222 4370 1249 4431 in
1274 4369 1302 4432 D
1326 4368 1453 4430 scilicet.
1502 4363 1639 4428 Statue-

274 4472 339 4516 mus
363 4465 464 4518 autem
489 4457 544 4522 CD
567 4459 596 4521 in
621 4457 703 4538 prius
728 4465 872 4539 usurpata
895 4457 1079 4522 dimensione
1102 4458 1232 4539 partium
1256 4453 1354 4522 4962.

362 4541 512 4624 Superest
535 4553 567 4607 nt
590 4546 751 4626 explicem,
786 4566 844 4627 qua
875 4554 974 4608 motus
1003 4548 1098 4608 forma
1120 4554 1262 4626 punctum
1286 4545 1484 4625 aequalitatis
1509 4542 1580 4608 aC
1609 4544 1639 4606 in

272 4627 301 4692 D
324 4631 482 4712 pervenire
505 4635 674 4712 fingendum
698 4634 748 4708 sit,
774 4643 807 4698 ut
831 4632 977 4695 dimensio
1000 4643 1082 4698 recte
1106 4633 1289 4696 instituatur.
1336 4633 1454 4704 Quodsi
1480 4633 1640 4716 Cuperni-

272 4735 339 4780 cum
363 4720 608 4802 quamproxime
633 4722 775 4784 aemulari
801 4721 949 4793 volumus,
978 4721 1057 4783 linea
1081 4721 1136 4786 OD
1160 4722 1216 4789 erit
1240 4723 1420 4785 includenda
1443 4723 1561 4787 circulo
1588 4723 1639 4786 di-

272 4807 473 4888 cendumque,
498 4819 579 4872 motu
596 4811 762 4872 librationis
785 4829 839 4890 per
854 4808 1031 4874 diametrum
1046 4811 1146 4874 attolli
1165 4819 1306 4892 punctum
1323 4810 1395 4873 illud
1422 4811 1510 4876 initio
1536 4817 1640 4888 tarde.
1663 4831 1667 4838 '
