3684 5518
755 265 837 332 capue
853 265 886 316 v.
909 263 934 318 ι.
1457 269 1521 338 245

168 447 219 504 εει
245 441 432 522 impossibile
464 461 519 522 per
547 443 754 522 praemissam.
799 443 882 522 Ergo
911 441 970 506 ΟΗ
1000 461 1056 504 non
1090 441 1263 524 refringitur
1290 444 1320 507 in
1342 445 1400 507 ΗΡ
1429 467 1521 528 supra

169 528 240 605 HG,
264 531 317 592 sed
340 531 371 592 iu
395 530 525 610 aliquam
548 530 626 592 inira
648 529 721 604 HG,
744 539 775 592 et
798 532 827 592 io
851 531 880 591 H
903 539 1013 611 puncto
1036 533 1071 592 iit
1092 532 1277 593 intersectio.

257 617 366 680 Aliter.
414 617 448 680 Si
472 616 550 680 euim
574 637 631 680 non
666 619 823 680 descendit
845 617 903 680 ΟΗ
936 619 1015 681 inira
1037 618 1129 692 IHG,
1164 619 1296 683 sectione
1321 621 1349 682 in
1373 621 1402 682 Η
1426 622 1518 698 lacta,
1560 699 1564 708 Ι

170 723 240 784 ergo
262 725 366 768 omnes
389 706 560 786 superiores
579 725 668 787 quam
683 707 728 768 Ill
752 707 899 768 retractos
923 706 1076 768 habebunt
1099 707 1277 784 superiores,
1302 709 1372 787 qnia
1390 711 1519 776 omnium

170 801 216 855 est
244 794 350 856 eadem
377 795 473 863 ratio,
506 813 572 856 cum
599 813 734 856 crescere
767 794 963 856 retractiones
991 813 1057 854 cum
1084 794 1327 856 inclinationibus
1360 797 1517 876 probatum

168 880 216 954 sit,
242 889 273 942 et
295 901 353 962 qno
377 882 501 962 quisque
525 881 668 962 superior,
693 883 749 944 hoc
764 882 821 944 erit
841 882 976 961 superior
991 891 1022 940 et
1045 881 1111 960 ejus
1137 883 1294 944 retractus.
1321 880 1519 948 contionatur

168 967 229 1030 GH
250 969 445 1050 aliquonsque
469 971 498 1030 in
523 970 572 1044 R;
605 971 675 1051 qnia
706 971 799 1049 igitur
821 969 881 1032 RH
905 969 1040 1048 superior
1068 987 1156 1048 quarn
1180 967 1252 1043 OH,
1281 971 1429 1034 refractus
1454 973 1518 1050 ejus

166 1056 225 1119 erit
257 1057 392 1135 superior
424 1076 512 1137 quarn
539 1057 610 1120 HG.
656 1057 707 1120 Sit
732 1058 787 1120 ΗΡ
797 1075 806 1130 ;
840 1076 905 1120 curn
938 1056 1028 1134 igitur
1056 1055 1146 1118 RHG
1174 1058 1216 1118 sit
1247 1067 1332 1120 recta
1361 1079 1434 1136 una,
1459 1059 1518 1121 RH

168 1144 322 1222 ingressus
353 1145 482 1208 medium
515 1145 636 1208 densius
668 1147 750 1207 inl]
784 1145 964 1224 refringetur
987 1165 1007 1206 a
1028 1144 1266 1223 perpendiculari
1298 1145 1358 1209 HA
1390 1147 1419 1208 io
1452 1149 1516 1221 ΗΡ,

166 1233 243 1310 qnod
269 1232 430 1294 absurdum
454 1241 521 1296 est:
555 1234 658 1296 debuit
685 1235 762 1296 euim
792 1235 829 1296 ad
861 1232 1137 1312 perpendicularem
1161 1233 1189 1294 in
1220 1234 1349 1296 densiori
1383 1236 1517 1314 refringi.

167 1319 250 1400 Ergo
283 1320 470 1398 superiorum
501 1322 692 1384 incidentium
726 1322 847 1384 refracti
873 1338 929 1382 non
954 1327 1024 1381 sunt
1056 1321 1236 1400 superiores.
1283 1323 1328 1383 At
1350 1343 1405 1384 nec
1428 1325 1517 1386 iidem

166 1425 219 1486 per
252 1408 460 1486 praemissam.
515 1410 677 1474 inferiores
710 1428 790 1488 ergo.
851 1410 960 1489 Itaque
992 1407 1026 1470 lit
1056 1407 1086 1469 in
1117 1409 1147 1470 H
1183 1409 1298 1472 sectio:
1336 1413 1413 1490 quod
1452 1419 1518 1474 erat

167 1495 442 1560 demonstrandum.

253 1584 579 1665 PropositioXlIl.
626 1584 796 1648 Problema.
842 1585 1021 1646 Punctum
1053 1581 1218 1644 invenire
1242 1583 1278 1645 in
1308 1604 1373 1646 axe
1407 1595 1518 1650 extra

166 1673 372 1752 sphaeram,
396 1674 489 1753 qnod
512 1673 694 1736 terminet
716 1673 843 1734 citime
868 1671 1104 1734 radiationes
1126 1671 1162 1731 in
1190 1672 1404 1751 sphaeram,
1430 1695 1515 1738 con-

166 1767 360 1824 currentes
383 1779 551 1824 cnmaxe.
575 1766 660 1840 (Axis
688 1787 797 1840 semper
817 1770 952 1840 accipitur
972 1786 1022 1839 pro
1047 1773 1137 1831 reeta,
1168 1783 1240 1838 quae
1264 1787 1315 1840 per
1344 1777 1466 1829 centrum
1487 1783 1518 1832 et

164 1865 297 1930 punctum
317 1857 429 1914 radians
451 1855 579 1923 ducitur.)
625 1851 661 1912 Iu
685 1850 839 1910 schemate
864 1843 917 1910 79.
949 1848 1094 1927 sphaerae
1118 1843 1171 1907 BC
1196 1848 1237 1908 sit
1266 1847 1332 1910 axis
1355 1850 1440 1912 FAD
1462 1871 1517 1929 per

166 1945 300 1998 centrum
324 1938 363 2011 A,
388 1937 435 1998 cni
458 1937 496 1998 ad
520 1943 618 1998 rectos
642 1957 680 2000 ex
694 1938 724 1999 A
746 1936 893 1998 excitetur
912 1934 982 2010 AG,
1008 1943 1039 1996 ει
1061 1933 1091 1994 iu
1107 1931 1138 1996 G
1159 1941 1269 2014 tangat
1292 1937 1431 1999 circulum
1448 1937 1514 2004 GL.

164 2023 233 2086 Erit
263 2025 336 2086 baec
369 2024 549 2100 incidentia,
583 2026 628 2088 uti
650 2027 733 2086 illam
756 2043 848 2103 supra
881 2044 906 2086 c.
931 2024 989 2086 IV.
1024 2021 1267 2091 nominabamns,
1301 2024 1516 2104 horizontalis3

164 2113 346 2191 refringatur
378 2112 469 2192 igitur
500 2111 557 2174 LG
593 2115 702 2192 angulo
734 2112 925 2175 retractionis
963 2109 1178 2184 horizontalis,
1218 2120 1360 2190 quantum
1393 2116 1517 2196 requirit

165 2199 255 2262 medii
279 2200 424 2264 densitas.
472 2199 579 2280 Sitque
602 2199 691 2263 LGH
719 2201 846 2280 angulus
876 2202 983 2281 justus·
1029 2198 1066 2260 Ei
1092 2217 1163 2259 vero
1196 2206 1353 2262 statuatur
1381 2203 1515 2282 aequalis

165 2287 254 2362 GHl,
288 2289 345 2350 boc
368 2296 417 2350 εει
439 2287 581 2350 circulum
614 2290 675 2351 alia
697 2289 727 2350 in
752 2289 780 2352 H
803 2298 925 2369 tangat,
960 2307 1036 2368 qnae
1060 2287 1101 2348 sit
1121 2287 1185 2356 HI,
1214 2305 1322 2350 secans
1351 2308 1438 2352 axem
1461 2291 1517 2352 AF

164 2375 195 2438 in
221 2377 246 2438 1.
292 2375 367 2439 Dico
391 2377 468 2440 hunc
491 2395 559 2438 esse
582 2377 742 2440 terminum
775 2377 977 2439 radiatiounm
1001 2393 1065 2436 cnm
1090 2393 1146 2436 axe
1174 2377 1427 2453 concurrentium,
1461 2380 1516 2440 hoc

164 2472 214 2524 est
237 2463 364 2543 ipsnml
387 2464 500 2527 nullum
520 2465 648 2545 amplios
672 2465 787 2527 radium
811 2465 957 2544 projicere
973 2464 1002 2524 in
1022 2463 1191 2543 sphaeram,
1215 2463 1265 2542 qui
1286 2465 1515 2529 retractionibus

164 2552 253 2612 lactis
278 2571 343 2614 cnm
367 2571 423 2614 axe
454 2561 627 2628 concurrat,
662 2553 893 2626 multominus,
918 2551 1046 2630 siquod
1074 2559 1210 2612 sumator
1233 2561 1376 2630 punctum
1405 2554 1464 2634 ipsi
1486 2555 1516 2616 A

164 2639 287 2719 propius
312 2657 399 2720 quam
422 2648 471 2702 est
493 2641 517 2704 I.
564 2639 657 2703 Atei
685 2649 821 2704 sumatur
848 2648 991 2721 punctum
1022 2638 1165 2700 remotius
1194 2639 1232 2699 ab
1256 2639 1286 2699 A
1310 2659 1397 2718 quarn
1420 2652 1469 2702 est
1490 2645 1515 2718 l,

164 2727 203 2789 ab
227 2725 278 2789 illo
302 2728 420 2789 omuino
445 2728 563 2808 aliquas
586 2729 770 2791 radiationes
793 2730 824 2790 in
848 2728 1008 2808 sphaeram
1035 2744 1210 2788 concurrere
1239 2745 1305 2788 conr
1330 2747 1397 2790 axe.
1443 2728 1515 2790 Pri·

162 2833 254 2887 mom,
281 2815 351 2895 quia
372 2817 426 2891 ΙΗ,
453 2815 510 2878 GL
542 2826 673 2897 tangunt
704 2817 863 2891 circulum,
897 2825 947 2877 est
969 2833 1041 2894 ergo
1064 2815 1109 2875 lH
1141 2813 1270 2876 radiatio
1302 2815 1515 2889 horizontalis;

162 2923 223 2984 qna
248 2903 420 2965 inclinatior
442 2923 479 2966 ex
503 2905 519 2966 I
541 2924 599 2967 non
624 2913 727 2985 potest
750 2905 831 2966 exire
853 2904 884 2966 in
909 2904 1079 2983 sphaeram.
1117 2902 1159 2963 Et
1182 2902 1252 2982 qnia
1272 2900 1329 2964 GL
1352 2903 1515 2982 parallelus

161 2999 212 3053 est
234 2991 274 3052 ad
296 2991 362 3066 FA,
386 3011 443 3054 uon
464 3000 621 3054 concurret
643 2993 734 3074 igitur
753 2994 828 3054 haec
852 2991 957 3054 ultima

161 3078 293 3142 radiatio
325 3081 466 3160 ponctiI
497 3101 562 3142 cnm
595 3101 662 3144 axe.
710 3082 864 3143 Educatur
891 3081 956 3159 jam

162 3167 224 3230 alia
243 3168 311 3229 exI
334 3167 362 3230 in
380 3178 521 3248 punctum
545 3169 803 3233 circumferentiae
821 3169 952 3248 propios,

161 3257 240 3338 quod
265 3257 306 3318 sit
329 3256 368 3332 G,
398 3265 430 3319 et
456 3277 509 3338 per
535 3258 585 3322 10.
618 3259 707 3338 hujus
740 3258 849 3338 capitis
879 3275 953 3317 con-

160 3345 358 3417 versam,·in
392 3344 418 3409 G
449 3354 560 3427 puncto
592 3355 678 3410 recta
710 3345 763 3408 CB
796 3346 839 3406 sic
870 3351 954 3405 secet

161 3433 331 3511 sphaeram,
356 3441 389 3494 nt
412 3435 451 3496 ad
474 3434 550 3497 hunc
573 3435 775 3497 inclinationis
804 3433 954 3496 modulum

162 3519 246 3583 CBA
277 3523 493 3584 accommodati
529 3523 668 3603 utrinqne
703 3522 803 3602 anguli
836 3521 953 3582 refrac-
1039 3519 1043 3526 '

161 3608 275 3671 tionum
308 3629 360 3670 sen
398 3629 498 3672 eornm
535 3613 754 3692 complementa
786 3609 824 3670 ad
861 3607 952 3668 semi-

161 3697 302 3760 circulum
326 3695 423 3774 GBK,
454 3697 535 3760 BGF
562 3699 676 3761 iaciant
697 3699 753 3760 ΒΚ
776 3696 953 3778 parallelum

162 3784 299 3846 incedere
333 3804 398 3847 cum
427 3786 521 3849 FAD.
569 3787 652 3849 Talis
685 3787 762 3848 enim
796 3781 952 3863 dispositio

1177 3051 1231 3116 rig.
1252 3049 1293 3100 79.

162 3893 228 3936 εεεε
252 3881 356 3954 potest
378 3874 458 3953 apud
481 3875 675 3956 quodcunque
698 3881 849 3954 punctum.
893 3868 951 3944 Sit,

161 3961 291 4041 inquam,
317 3961 388 4024 talis
411 3961 579 4042 dispositio.
626 3964 707 4042 Ergo
731 3978 783 4040 per
806 3957 837 4024 9.
860 3975 951 4038 prae-

161 4047 287 4110 missam
310 4048 362 4112 CF
384 4049 502 4112 secabit
516 4050 570 4112 DF
594 4050 622 4111 in
641 4052 666 4112 F
689 4047 839 4112 remotiori
863 4065 951 4126 qnam

161 4137 213 4212 Hl,
238 4146 400 4218 propterea
423 4139 500 4218 quod
523 4139 675 4217 posuimus
694 4137 719 4199 G
743 4137 864 4218 propius
883 4153 951 4196 esse

160 4226 399 4304 perpendiculari
422 4225 478 4288 FA
501 4245 588 4306 quam
611 4227 649 4301 H,
673 4226 750 4288 uude
774 4233 807 4285 ει
829 4223 854 4284 Β
877 4241 950 4303 pro·

161 4313 228 4392 pins
251 4323 318 4378 erat
341 4333 429 4394 quarn
454 4313 493 4376 G.
527 4318 556 4377 A
580 4315 694 4376 duobus
717 4313 809 4393 igitur
831 4311 950 4392 punctis

162 4401 191 4462 in
214 4409 298 4478 aere,
323 4421 399 4484 quae
422 4411 492 4466 snut
513 4405 539 4465 F
562 4411 593 4464 et
616 4404 643 4478 Ι,
673 4403 702 4464 in
730 4403 809 4462 idem
837 4417 950 4480 aqueae

122 4531 126 4538 -
162 4491 308 4570 sphaerae
334 4501 477 4574 punctum
505 4491 638 4554 existunt
664 4489 849 4553 radiatiunes
874 4489 950 4550 dnae

162 4577 211 4642 FC
241 4587 274 4642 et
302 4578 362 4654 lo,
397 4599 488 4662 qnare
520 4600 574 4662 per
609 4576 658 4641 12.
691 4579 888 4661 praemissam
917 4577 952 4638 fit

162 4669 254 4730 sectio
286 4669 438 4732 radiorum
461 4669 489 4731 in
515 4665 550 4731 G.
596 4669 639 4730 Et
667 4669 717 4748 qui
745 4669 800 4731 fnit
826 4667 951 4729 interior

162 4755 203 4820 10
226 4767 296 4839 post
327 4757 537 4820 retractionem
566 4764 599 4819 et
628 4757 792 4820 sectionem
814 4756 843 4819 in
868 4753 892 4816 G
916 4755 950 4816 lit
