3674 5538
720 299 752 356 te
770 303 844 357 ntur
863 298 968 370 operta
1461 301 1524 371 115

245 473 314 542 Sed
341 479 403 544 boc
435 486 540 561 potest
567 481 696 561 proferri
727 483 910 563 popularius.
962 480 1038 546 (ium
1066 483 1183 545 Lunam
1216 482 1392 563 aspicimus,
1426 490 1525 546 totam

161 567 249 630 simul
272 587 344 631 cum
367 569 452 632 bona
473 577 561 649 parte
585 571 666 633 a'eris
695 573 790 634 nostri
819 571 965 634 illustrati
993 571 1146 648 videmus,
1178 572 1341 634 obruuntur
1364 593 1383 632 a
1407 571 1526 634 luminis

162 657 278 736 copiosi
302 666 473 738 conspectu
497 659 583 722 oculi.
632 659 675 722 At
697 659 725 721 si
748 667 868 722 utamur
889 660 1071 741 perspioillo,
1096 659 1221 722 minima
1243 661 1346 722 Lunae
1370 678 1443 740 pars
1466 681 1527 723 nna

163 746 226 808 uice
248 765 306 826 per
328 746 538 827 perspicillum
560 749 731 811 admittitur
754 756 899 829 tantoque
927 750 1037 819 minor,
1071 756 1183 829 quanto
1207 749 1335 811 nobilius
1357 756 1406 812 est
1429 751 1526 812 teles-

166 833 297 915 copium.
344 837 396 898 lta
419 837 453 898 lit
476 845 511 897 nt
532 855 589 899 non
613 837 728 900 sintin
752 845 840 900 tanta
875 838 1026 900 claritatis
1056 837 1227 899 differentia
1253 844 1357 918 partes
1379 839 1526 917 pauculae

165 942 217 1003 per
240 923 443 1005 telescopium
466 923 554 987 simul
576 927 744 1007 inspectae,
768 927 797 988 in
823 934 936 1006 quanta
964 935 1034 988 sunt
1060 929 1167 1006 partes
1191 927 1305 1000 Lunae,
1331 927 1472 990 deficiens
1495 935 1528 990 et

52 1086 59 1099 1
167 1012 334 1088 luminosa,
365 1015 455 1076 nudis
479 1015 572 1077 oculis
595 1015 752 1095 inspectae
776 1015 873 1078 simul.
920 1015 1050 1076 Tollitur
1080 1015 1172 1094 igitur
1201 1015 1365 1094 telescopio
1398 1014 1526 1095 impedi·

168 1109 301 1164 mentum
324 1101 491 1176 claritatis,
521 1122 597 1184 quae
621 1104 709 1166 nudis
733 1105 829 1166 oculis
858 1105 959 1166 vicina
987 1105 1125 1166 offuscat.
1172 1104 1216 1166 Ut
1238 1103 1283 1165 ita
1305 1121 1362 1167 non
1388 1103 1430 1165 sit
1452 1123 1528 1184 opus

170 1191 327 1270 corporale
359 1199 482 1271 tegmen
505 1193 564 1271 ipsi
587 1194 692 1255 Lunae
715 1194 744 1256 in
776 1194 861 1256 coelo
894 1193 1058 1254 obtendere
1091 1193 1179 1273 idque
1204 1193 1242 1254 ad
1266 1192 1394 1272 primam
1427 1195 1527 1272 appli-

169 1279 320 1341 cationem
342 1279 499 1360 tsleeoopii
524 1281 640 1344 toliere.
679 1281 713 1344 Si
738 1283 845 1344 limbus
868 1282 919 1344 ille
937 1281 1043 1343 Lunae
1068 1283 1148 1343 reale
1173 1281 1322 1360 quidest,
1346 1287 1399 1342 abr
1422 1301 1529 1361 nempe

169 1369 251 1430 circa
273 1369 401 1443 Lunam,
426 1369 505 1450 quod
529 1371 612 1432 valet
635 1371 726 1433 etiam
750 1371 789 1432 ad
813 1371 930 1432 oculum
953 1371 1063 1432 nudum
1095 1370 1289 1444 movendum,
1318 1371 1408 1450 Juxta
1430 1369 1530 1451 ipsum

77 1481 81 1490 ·
169 1457 274 1518 Lunae
298 1477 428 1538 corpus:
454 1459 504 1538 qni
527 1459 562 1520 fit
583 1459 690 1538 igitur,
716 1460 793 1540 quod
817 1478 866 1522 res
890 1459 958 1534 illa,
983 1465 1035 1520 abr
1058 1458 1123 1534 ille,
1147 1458 1356 1538 inspicientem
1379 1477 1434 1540 per
1455 1478 1529 1540 per·

171 1546 324 1626 spicillum
356 1546 477 1627 penitus
501 1548 599 1608 latet?
632 1549 657 1609 si
686 1557 791 1610 tantae
824 1548 974 1610 claritatis
998 1554 1046 1609 est
1075 1548 1184 1610 limbus
1212 1567 1266 1609 seu
1299 1547 1402 1609 tunica
1428 1549 1530 1627 potius

170 1635 264 1710 atria,
289 1643 325 1697 ut
347 1635 440 1696 etiam
464 1655 567 1698 vemm
591 1655 698 1716 corpus
722 1639 840 1712 Lunae,
872 1643 968 1700 totum
992 1637 1185 1711 luminosum,
1215 1643 1302 1716 tegat
1331 1636 1408 1698 nudo
1432 1637 1530 1711 oculo,

171 1743 223 1785 cnr
245 1743 305 1785 non
331 1725 408 1804 tegit
430 1725 506 1786 illud
528 1745 583 1804 per
612 1725 840 1788 instrumentum
873 1725 1104 1806 transpicienti?
1137 1745 1189 1787 our
1212 1744 1289 1787 anno
1320 1721 1404 1788 1613
1429 1725 1531 1788 videre

170 1813 300 1892 potuisti
324 1821 409 1874 trans
433 1813 512 1876 huno
536 1815 683 1894 fulgorem
707 1834 809 1878 verum
827 1815 933 1876 Lunae
957 1831 1074 1894 corpus,
1100 1815 1178 1893 quod
1202 1813 1289 1876 nudis
1314 1813 1406 1876 oculis
1429 1814 1532 1876 videre

171 1921 228 1964 non
251 1901 402 1982 potuisti?
436 1904 548 1964 Annon
573 1922 610 1964 ea
632 1903 678 1966 vis
702 1913 751 1966 est
779 1903 973 1984 perspicillo,
1006 1912 1040 1965 ut
1070 1903 1171 1970 omnia
1198 1902 1316 1964 omniuo
1345 1919 1422 1983 quae
1444 1901 1532 1964 nudis

171 1991 265 2053 oculis
288 1992 370 2053 cerni
393 2000 524 2070 possunt
540 1999 574 2054 et
592 1993 710 2073 majora
729 2001 760 2054 et
778 1993 909 2054 clariora
927 2000 960 2052 et
983 1992 1174 2054 distinctiora
1197 1999 1425 2072 repraesentet:
1448 1994 1533 2071 ipsas

172 2080 247 2141 adeo
270 2079 373 2154 irides,
398 2079 468 2160 ipsa
489 2081 606 2161 parelia
632 2083 710 2144 etsi
737 2081 876 2162 quidest
898 2079 1021 2142 simile‘i
1045 2079 1133 2152 Quod
1153 2099 1224 2159 ergo
1248 2079 1429 2160 perspicillis
1452 2081 1534 2142 circa

83 2181 89 2196 ·
174 2169 293 2230 Lunam
318 2168 399 2232 cerni
423 2171 535 2249 nequit,
561 2171 592 2232 id
616 2171 645 2232 in
670 2171 753 2232 coelo
777 2189 834 2231 non
860 2176 924 2239 cst,
948 2171 1003 2231 sed
1026 2169 1057 2232 in
1080 2170 1165 2231 oculo
1189 2187 1254 2232 cum
1284 2169 1380 2230 nudus
1403 2175 1461 2244 est,
1486 2168 1534 2231 cui

172 2265 314 2337 praestat
336 2257 543 2338 perspieillum
558 2259 623 2333 boc,
648 2269 681 2322 ιιι
700 2259 799 2322 lucide
815 2277 896 2338 pars,
918 2277 995 2337 quae
1014 2277 1066 2338 per
1085 2258 1193 2320 nudum
1214 2259 1332 2320 oculum
1353 2257 1535 2338 pingebatur

172 2345 282 2408 vitiose
297 2354 331 2408 et
344 2347 465 2419 diffuse,
475 2347 539 2427 jam
555 2349 710 2428 duplicata
727 2347 909 2410 refractione
924 2346 1006 2410 facta
1019 2348 1162 2428 pingatur
1176 2353 1310 2410 correcte
1325 2353 1357 2408 et
1370 2345 1533 2426 castigate.

264 2433 327 2497 Sed
345 2453 416 2497 ecoe
431 2435 652 2500 observationis
667 2438 795 2517 copiam,
816 2437 1029 2498 vicinissimam
1050 2436 1253 2499 observationi
1272 2455 1361 2516 quam
1379 2454 1533 2497 commen-

173 2524 247 2604 das3
280 2524 430 2604 picturam
463 2519 556 2588 etiaim
586 2527 722 2605 picturae
751 2535 821 2588 tuac
854 2525 1025 2605 oppositam
1048 2527 1086 2587 ad
1115 2524 1286 2598 sinistram,
1318 2524 1430 2604 quaid
1454 2524 1533 2605 quod

172 2613 215 2674 'lu
240 2632 279 2674 ex
303 2621 357 2675 tua
380 2612 426 2675 vis
451 2613 559 2676 elicere
583 2615 703 2695 penitus
726 2614 914 2695 profligatur.
953 2613 987 2676 Si
1011 2615 1091 2677 enirn
1114 2621 1172 2688 ost,
1196 2612 1350 2693 quodvis,
1376 2612 1402 2674 si
1426 2631 1532 2692 nempe

171 2703 199 2763 in
223 2699 373 2782 principio
397 2711 429 2763 et
452 2703 508 2763 fine
532 2704 625 2766 totius
650 2704 827 2778 durationis,
853 2704 947 2765 libero
968 2703 1034 2783 ipso
1049 2704 1153 2764 Lunae
1174 2719 1310 2782 corpore,
1335 2701 1436 2763 delicit
1457 2720 1532 2782 pro-

171 2792 289 2854 minens
314 2798 367 2852 ae'r
393 2789 520 2854 Lunarie
548 2793 637 2874 idque
662 2813 681 2853 a
703 2792 789 2854 nobis
820 2792 914 2854 videri
942 2797 1064 2872 potest:
1097 2809 1168 2870 ergo
1192 2790 1225 2850 in
1250 2789 1397 2870 principio
1421 2798 1452 2850 et
1475 2790 1532 2851 lino

171 2897 274 2942 morae
289 2879 319 2940 in
339 2879 484 2954 tenebris,
509 2900 575 2942 cum
595 2889 662 2943 tota
678 2883 766 2944 Luna
790 2881 901 2954 deficit,
925 2881 1076 2942 videbitur
1094 2897 1202 2959 corpus
1223 2885 1320 2940 totum
1339 2878 1367 2938 iu
1388 2877 1544 2952 tenebris,

173 2969 287 3032 circulo
312 2987 366 3030 suo
390 2978 645 3045 consummatum,
679 2979 711 3032 et
740 2970 827 3032 simul
860 2969 1011 3032 videbitur
1032 2987 1104 3050 pars
1138 2967 1239 3048 aliqua
1261 2987 1315 3028 seu
1346 2971 1533 3045 segmentum

173 3058 249 3121 atrii
273 3055 377 3119 circuli
401 3057 541 3136 majoris,
575 3060 657 3122 foras
680 3059 709 3122 in
734 3060 833 3121 lumen
855 3059 1027 3140 prominens
1056 3057 1153 3139 adque
1184 3055 1272 3136 digiti
1295 3055 1533 3136 magnitudinem

172 3147 291 3220 lucida,
324 3146 417 3208 veluti
451 3149 593 3228 splendor
625 3148 780 3210 circularis
814 3168 907 3229 supra
939 3147 1043 3230 capita
1079 3153 1267 3221 sanctorum,
1300 3144 1415 3226 eritque
1448 3143 1534 3226 quasi

174 3238 300 3299 duarum
314 3235 466 3298 Lunarum
489 3236 627 3316 species:
650 3237 769 3300 Lunam
784 3239 862 3301 enim
877 3245 973 3300 totam
991 3235 1127 3298 tenebris
1148 3235 1320 3297 immersam
1340 3234 1422 3296 cerni
1440 3251 1534 3314 posse

173 3325 377 3399 nihilominus,
403 3325 435 3387 id
459 3331 491 3386 et
514 3333 545 3387 tu
568 3327 634 3406 ipse
657 3325 777 3408 recipis.
815 3327 911 3408 Atqui
938 3325 1013 3388 nihil
1036 3325 1098 3387 tale
1117 3330 1265 3405 apparet:
1290 3321 1431 3404 quamdiu
1456 3322 1536 3384 enim

175 3414 285 3496 aliquis
301 3413 445 3494 splendor
463 3422 611 3496 superest,
633 3415 748 3478 tamdiu
763 3415 851 3478 deest
871 3416 983 3496 aliquid
1005 3413 1184 3477 rotunditati
1199 3413 1333 3493 corporis
1352 3411 1533 3486 obumbrati,

176 3503 256 3586 quod
278 3522 338 3564 non
371 3502 580 3566 obumbratum
603 3506 656 3566 sed
689 3504 776 3584 quasi
808 3505 962 3567 conditum
993 3511 1043 3566 est
1065 3504 1120 3565 snb
1148 3502 1203 3564 illa
1233 3509 1320 3583 parte
1353 3499 1534 3581 splendente

176 3593 266 3674 inque
290 3611 358 3654 eam
380 3591 536 3656 insertum.

265 3681 335 3745 Non
359 3681 501 3744 consistit
528 3682 620 3762 igitur
642 3690 696 3744 tua
725 3680 909 3761 speculatio,
939 3681 1052 3742 frustra
1080 3678 1266 3760 suspiciones
1291 3677 1352 3740 cies
1379 3689 1430 3753 „ds
1459 3685 1536 3741 dimi·

177 3773 291 3829 natione
311 3771 433 3842 corporis
453 3773 550 3827 Lunae
570 3779 793 3844 temporumque,
815 3772 914 3844 quibus
935 3773 1037 3826 durant
1056 3769 1214 3840 deliquia&
1254 3767 1333 3848 quod
1371 3773 1472 3828 tamen
1509 3765 1536 3826 ei

177 3863 232 3924 tibi
256 3880 444 3936 concessero,
466 3879 533 3923 cum
552 3860 724 3923 necessario
748 3855 915 3940 relinqueie
934 3878 988 3922 suo
1007 3865 1091 3920 statu
1105 3857 1218 3919 debeas
1231 3856 1406 3936 parallaxes
1419 3854 1534 3928 Lunae,

179 3953 358 4014 diametrum
372 3947 454 4013 Solis
477 3957 649 4032 motumque
672 3949 834 4024 horarium,
859 3949 929 4030 quia
952 3947 1072 4027 singula
1091 3945 1215 4006 haecce
1235 3944 1310 4026 ipsis
1333 3951 1404 4004 sunt
1426 3942 1534 4003 obser-

178 4039 310 4114 rabilia3
344 4037 372 4100 si
394 4057 467 4118 ergo
486 4039 551 4119 jam
578 4039 716 4119 jubearis
739 4057 795 4118 per
826 4036 990 4100 diminutas
1023 4033 1196 4096 dotationes
1223 4039 1362 4096 extruere
1385 4029 1534 4092 theoriam
1617 4083 1622 4095 ,

180 4128 356 4211 eclipsium:
380 4128 495 4190 senties
520 4129 612 4204 brevi,
637 4136 668 4190 te
691 4126 794 4190 volare
814 4126 915 4206 juberi
939 4123 1049 4187 demtis
1072 4123 1138 4186 alis.

268 4215 360 4288 Quod
391 4216 471 4280 idem
503 4224 534 4279 et
566 4217 631 4293 Te,-
668 4216 877 4280 sollertissime
910 4214 1034 4278 Simon
1067 4211 1177 4287 Mari,
1201 4209 1408 4273 'considerare
1444 4206 1536 4268 velim

179 4325 347 4388 musasque
362 4325 475 4380 eornm,
500 4325 576 4386 quae
595 4306 674 4368 visui
692 4305 773 4368 circa
797 4303 1024 4367 observationes
1047 4302 1203 4363 stellamm
1226 4297 1375 4373 accidunt,
1400 4297 1429 4359 iu
1449 4296 1536 4358 oculo
1609 4319 1612 4322 ·

179 4399 278 4478 potius
301 4395 411 4458 autin
435 4395 594 4475 splendore
618 4395 698 4457 atris
722 4394 900 4457 luminosum
923 4390 1058 4472 proxime
1086 4387 1308 4452 circumstantia
1333 4393 1386 4447 aut
1409 4383 1535 4464 denique

179 4489 210 4548 in
243 4483 473 4568 imperfectione
505 4486 554 4546 vel
584 4483 778 4547 instrumenti
803 4483 852 4545 vel
883 4481 964 4544 modi
995 4479 1191 4551 observandi,
1224 4495 1313 4557 quem
1341 4475 1371 4537 in
1404 4472 1536 4536 realibus

181 4575 400 4639 radiationibus
424 4591 587 4654 quaerere:
612 4582 647 4636 ut
669 4573 753 4635 vides
778 4593 797 4634 a
819 4589 865 4633 me
890 4571 1003 4633 factum
1025 4569 1141 4648 passim
1159 4567 1190 4628 in
1205 4563 1333 4644 Optiois,
1357 4564 1536 4643 praesertim

182 4662 254 4747 Gap.
278 4665 353 4741 vn,
380 4658 413 4726 5.
438 4661 504 4737 ubi,
535 4662 644 4726 illaeso
666 4681 807 4725 mucrone
831 4660 965 4736 umbrae,
989 4677 1098 4720 causas
1127 4653 1321 4718 nihilominus
1348 4653 1438 4714 trado
1461 4651 1537 4714 lucis

180 4753 346 4819 inumbra
1138 4771 1142 4786 ·
1481 4803 1484 4808 .

140 4910 144 4924 ,
264 4843 408 4914 Tandem
430 4838 461 4902 iu
485 4839 684 4921 Prognostica
709 4840 779 4903 anni
806 4835 889 4903 1617
919 4833 1058 4899 efferbuit
1080 4832 1218 4906 Fabricio
1247 4849 1331 4904 meo,
1354 4836 1389 4893 nt
1411 4829 1541 4904 videtur,

1286 4934 1326 4992 8*
