<?xml version="1.0" encoding="UTF-8"?>
<!DOCTYPE html PUBLIC "-//W3C//DTD XHTML 1.0 Transitional//EN"
    "http://www.w3.org/TR/xhtml1/DTD/xhtml1-transitional.dtd">
<html xmlns="http://www.w3.org/1999/xhtml" xml:lang="en" lang="en">
 <head>
  <title>
</title>
<meta http-equiv="Content-Type" content="text/html;charset=utf-8" />
  <meta name='ocr-system' content='tesseract 3.04.00' />
  <meta name='ocr-capabilities' content='ocr_page ocr_carea ocr_par ocr_line ocrx_word'/>
</head>
<body>
  <div class='ocr_page' id='page_1' title='image "./joanniskepleria02unkngoog/joanniskepleria02unkngoog_0561.png"; bbox 0 0 3648 5530; ppageno 0'>
   <div class='ocr_carea' id='block_1_1' title="bbox 320 305 1062 378">
    <p class='ocr_par' dir='ltr' id='par_1_1' title="bbox 320 305 1062 378">
     <span class='ocr_line' id='line_1_1' title="bbox 320 305 1062 378; baseline 0.005 -4"><span class='ocrx_word' id='word_1_1' title='bbox 320 305 387 376; x_wconf 79' lang='lat'>530</span> <span class='ocrx_word' id='word_1_2' title='bbox 933 309 1062 378; x_wconf 67' lang='lat' dir='ltr'>Dierfficc</span> 
     </span>
    </p>
   </div>
   <div class='ocr_carea' id='block_1_2' title="bbox 284 483 1677 1280">
    <p class='ocr_par' dir='ltr' id='par_1_2' title="bbox 284 483 1677 748">
     <span class='ocr_line' id='line_1_2' title="bbox 408 483 1677 568; baseline -0.006 -14"><span class='ocrx_word' id='word_1_3' title='bbox 408 491 489 555; x_wconf 87' lang='lat' dir='ltr'>Nam</span> <span class='ocrx_word' id='word_1_4' title='bbox 520 505 575 568; x_wconf 88' lang='lat' dir='ltr'>per</span> <span class='ocrx_word' id='word_1_5' title='bbox 597 485 686 549; x_wconf 87' lang='lat' dir='ltr'><strong>VIII.</strong></span> <span class='ocrx_word' id='word_1_6' title='bbox 719 504 785 549; x_wconf 85' lang='lat' dir='ltr'>curn</span> <span class='ocrx_word' id='word_1_7' title='bbox 815 493 863 550; x_wconf 87' lang='lat' dir='ltr'>est</span> <span class='ocrx_word' id='word_1_8' title='bbox 893 487 1047 550; x_wconf 79' lang='lat' dir='ltr'><strong>Inclinatio</strong></span> <span class='ocrx_word' id='word_1_9' title='bbox 1071 483 1140 564; x_wconf 84' lang='grc'>300,</span> <span class='ocrx_word' id='word_1_10' title='bbox 1170 487 1313 551; x_wconf 78' lang='lat' dir='ltr'>retractio</span> <span class='ocrx_word' id='word_1_11' title='bbox 1346 494 1394 550; x_wconf 90' lang='lat' dir='ltr'>est</span> <span class='ocrx_word' id='word_1_12' title='bbox 1425 487 1492 553; x_wconf 87' lang='grc'>100.</span> <span class='ocrx_word' id='word_1_13' title='bbox 1539 486 1677 568; x_wconf 82' lang='lat' dir='ltr'>&#39;liiplica</span> 
     </span>
     <span class='ocr_line' id='line_1_3' title="bbox 322 571 1676 659; baseline -0.004 -14"><span class='ocrx_word' id='word_1_14' title='bbox 322 589 487 659; x_wconf 88' lang='lat' dir='ltr'>utrumque.</span> <span class='ocrx_word' id='word_1_15' title='bbox 525 577 606 656; x_wconf 86' lang='lat' dir='ltr'>Ergo</span> <span class='ocrx_word' id='word_1_16' title='bbox 623 576 655 636; x_wconf 94' lang='lat' dir='ltr'>in</span> <span class='ocrx_word' id='word_1_17' title='bbox 673 576 731 637; x_wconf 86' lang='lat' dir='ltr'>hac</span> <span class='ocrx_word' id='word_1_18' title='bbox 754 577 946 656; x_wconf 81' lang='lat' dir='ltr'>proportione</span> <span class='ocrx_word' id='word_1_19' title='bbox 969 576 1157 640; x_wconf 74' lang='lat' dir='ltr'>inchoationi</span> <span class='ocrx_word' id='word_1_20' title='bbox 1171 575 1232 642; x_wconf 87' lang='lat'>90⁰</span> <span class='ocrx_word' id='word_1_21' title='bbox 1255 578 1413 640; x_wconf 84' lang='lat' dir='ltr'>deberetur</span> <span class='ocrx_word' id='word_1_22' title='bbox 1435 575 1579 640; x_wconf 86' lang='lat' dir='ltr'>refractic</span> <span class='ocrx_word' id='word_1_23' title='bbox 1595 571 1676 648; x_wconf 75' lang='lat'>30⁰3</span> 
     </span>
     <span class='ocr_line' id='line_1_4' title="bbox 284 659 893 748; baseline -0.015 -15"><span class='ocrx_word' id='word_1_24' title='bbox 284 699 290 708; x_wconf 94' lang='lat'>·</span> <span class='ocrx_word' id='word_1_25' title='bbox 321 680 354 734; x_wconf 86' lang='lat' dir='ltr'>at</span> <span class='ocrx_word' id='word_1_26' title='bbox 378 666 565 748; x_wconf 84' lang='lat' dir='ltr'>experIentia</span> <span class='ocrx_word' id='word_1_27' title='bbox 586 683 641 743; x_wconf 88' lang='lat' dir='ltr'>per</span> <span class='ocrx_word' id='word_1_28' title='bbox 663 665 720 726; x_wconf 87' lang='lat' dir='ltr'>IX.</span> <span class='ocrx_word' id='word_1_29' title='bbox 744 664 798 726; x_wconf 90' lang='lat' dir='ltr'>dat</span> <span class='ocrx_word' id='word_1_30' title='bbox 821 659 893 728; x_wconf 92' lang='grc'>480.</span> 
     </span>
    </p>

    <p class='ocr_par' dir='ltr' id='par_1_3' title="bbox 320 752 1677 1014">
     <span class='ocr_line' id='line_1_5' title="bbox 409 752 1677 835; baseline -0.004 -16"><span class='ocrx_word' id='word_1_31' title='bbox 409 757 497 819; x_wconf 85' lang='grc' dir='ltr'><strong>ΧΠΙ.</strong></span> <span class='ocrx_word' id='word_1_32' title='bbox 547 752 770 832; x_wconf 86' lang='lat' dir='ltr'>Propositio.</span> <span class='ocrx_word' id='word_1_33' title='bbox 817 753 925 815; x_wconf 93' lang='lat' dir='ltr'>Nullus</span> <span class='ocrx_word' id='word_1_34' title='bbox 948 753 1066 827; x_wconf 90' lang='lat' dir='ltr'>radius,</span> <span class='ocrx_word' id='word_1_35' title='bbox 1099 754 1151 834; x_wconf 92' lang='lat' dir='ltr'>qui</span> <span class='ocrx_word' id='word_1_36' title='bbox 1173 755 1253 816; x_wconf 88' lang='lat' dir='ltr'>iutra</span> <span class='ocrx_word' id='word_1_37' title='bbox 1280 773 1387 835; x_wconf 86' lang='lat' dir='ltr'>corpus</span> <span class='ocrx_word' id='word_1_38' title='bbox 1418 753 1555 834; x_wconf 78' lang='lat' dir='ltr'><strong>crystalli</strong></span> <span class='ocrx_word' id='word_1_39' title='bbox 1585 769 1677 832; x_wconf 88' lang='lat' dir='ltr'>super</span> 
     </span>
     <span class='ocr_line' id='line_1_6' title="bbox 320 839 1675 925; baseline -0.005 -16"><span class='ocrx_word' id='word_1_40' title='bbox 320 864 410 910; x_wconf 87' lang='lat' dir='ltr'>unam</span> <span class='ocrx_word' id='word_1_41' title='bbox 433 846 499 925; x_wconf 88' lang='lat' dir='ltr'>ejus</span> <span class='ocrx_word' id='word_1_42' title='bbox 522 842 709 922; x_wconf 84' lang='lat' dir='ltr'>superficiem</span> <span class='ocrx_word' id='word_1_43' title='bbox 736 842 804 922; x_wconf 88' lang='lat' dir='ltr'>plus</span> <span class='ocrx_word' id='word_1_44' title='bbox 828 839 890 904; x_wconf 92' lang='grc'>420</span> <span class='ocrx_word' id='word_1_45' title='bbox 918 841 1079 904; x_wconf 88' lang='lat' dir='ltr'>inclinatur</span> <span class='ocrx_word' id='word_1_46' title='bbox 1101 863 1121 904; x_wconf 90' lang='lat' dir='ltr'>a</span> <span class='ocrx_word' id='word_1_47' title='bbox 1142 843 1273 918; x_wconf 85' lang='lat' dir='ltr'>vertice,</span> <span class='ocrx_word' id='word_1_48' title='bbox 1307 843 1421 924; x_wconf 85' lang='lat' dir='ltr'>poterit</span> <span class='ocrx_word' id='word_1_49' title='bbox 1447 843 1533 906; x_wconf 82' lang='lat' dir='ltr'>illam</span> <span class='ocrx_word' id='word_1_50' title='bbox 1565 859 1675 920; x_wconf 87' lang='lat' dir='ltr'>supcr-</span> 
     </span>
     <span class='ocr_line' id='line_1_7' title="bbox 321 937 609 1014; baseline -0.017 -15"><span class='ocrx_word' id='word_1_51' title='bbox 321 937 417 999; x_wconf 85' lang='lat' dir='ltr'>ficiem</span> <span class='ocrx_word' id='word_1_52' title='bbox 439 940 609 1014; x_wconf 89' lang='lat' dir='ltr'>penetrare.</span> 
     </span>
    </p>

    <p class='ocr_par' dir='ltr' id='par_1_4' title="bbox 408 1017 1676 1100">
     <span class='ocr_line' id='line_1_8' title="bbox 408 1017 1676 1100; baseline -0.006 -15"><span class='ocrx_word' id='word_1_53' title='bbox 408 1024 444 1085; x_wconf 91' lang='lat' dir='ltr'>In</span> <span class='ocrx_word' id='word_1_54' title='bbox 468 1023 625 1084; x_wconf 81' lang='lat' dir='ltr'>schemate</span> <span class='ocrx_word' id='word_1_55' title='bbox 655 1019 698 1081; x_wconf 88' lang='lat' dir='ltr'>sit</span> <span class='ocrx_word' id='word_1_56' title='bbox 731 1037 840 1098; x_wconf 89' lang='lat' dir='ltr'>corpus</span> <span class='ocrx_word' id='word_1_57' title='bbox 870 1018 1006 1100; x_wconf 74' lang='lat' dir='ltr'><strong>crystalli</strong></span> <span class='ocrx_word' id='word_1_58' title='bbox 1033 1017 1108 1094; x_wconf 88' lang='lat' dir='ltr'>AO,</span> <span class='ocrx_word' id='word_1_59' title='bbox 1139 1019 1311 1098; x_wconf 86' lang='lat' dir='ltr'>superficies</span> <span class='ocrx_word' id='word_1_60' title='bbox 1340 1020 1433 1099; x_wconf 87' lang='lat' dir='ltr'>plana</span> <span class='ocrx_word' id='word_1_61' title='bbox 1455 1017 1556 1091; x_wconf 82' lang='lat' dir='ltr'>FOO,</span> <span class='ocrx_word' id='word_1_62' title='bbox 1586 1035 1676 1096; x_wconf 87' lang='lat' dir='ltr'>super</span> 
     </span>
    </p>

    <p class='ocr_par' dir='ltr' id='par_1_5' title="bbox 424 1105 1677 1280">
     <span class='ocr_line' id='line_1_9' title="bbox 587 1105 1677 1188; baseline -0.004 -17"><span class='ocrx_word' id='word_1_63' title='bbox 587 1110 665 1171; x_wconf 88' lang='lat' dir='ltr'>hano</span> <span class='ocrx_word' id='word_1_64' title='bbox 689 1106 851 1169; x_wconf 84' lang='lat' dir='ltr'>inclinetur</span> <span class='ocrx_word' id='word_1_65' title='bbox 873 1105 930 1167; x_wconf 79' lang='lat' dir='ltr'>AO</span> <span class='ocrx_word' id='word_1_66' title='bbox 958 1106 1026 1185; x_wconf 88' lang='lat' dir='ltr'>plus</span> <span class='ocrx_word' id='word_1_67' title='bbox 1054 1126 1141 1186; x_wconf 86' lang='lat' dir='ltr'>qnam</span> <span class='ocrx_word' id='word_1_68' title='bbox 1164 1105 1239 1180; x_wconf 83' lang='grc'>420,</span> <span class='ocrx_word' id='word_1_69' title='bbox 1270 1109 1328 1170; x_wconf 90' lang='lat' dir='ltr'>erit</span> <span class='ocrx_word' id='word_1_70' title='bbox 1359 1109 1451 1188; x_wconf 86' lang='lat' dir='ltr'>igitur</span> <span class='ocrx_word' id='word_1_71' title='bbox 1472 1105 1557 1170; x_wconf 80' lang='lat' dir='ltr'>FOA</span> <span class='ocrx_word' id='word_1_72' title='bbox 1579 1106 1677 1168; x_wconf 90' lang='lat' dir='ltr'>minor</span> 
     </span>
     <span class='ocr_line' id='line_1_10' title="bbox 424 1181 1676 1280; baseline -0.002 -22"><span class='ocrx_word' id='word_1_73' title='bbox 424 1181 457 1232; x_wconf 68' lang='lat'>¹⁸⁸</span> <span class='ocrx_word' id='word_1_74' title='bbox 496 1203 501 1213; x_wconf 92' lang='grc'><strong>’</strong></span> <span class='ocrx_word' id='word_1_75' title='bbox 589 1217 677 1280; x_wconf 85' lang='lat' dir='ltr'>quam</span> <span class='ocrx_word' id='word_1_76' title='bbox 709 1189 790 1270; x_wconf 73' lang='lat'>48⁰3</span> <span class='ocrx_word' id='word_1_77' title='bbox 821 1194 926 1276; x_wconf 89' lang='lat' dir='ltr'>quodsi</span> <span class='ocrx_word' id='word_1_78' title='bbox 959 1193 1016 1258; x_wconf 80' lang='lat' dir='ltr'>Ac</span> <span class='ocrx_word' id='word_1_79' title='bbox 1047 1195 1111 1256; x_wconf 86' lang='lat' dir='ltr'>exit</span> <span class='ocrx_word' id='word_1_80' title='bbox 1139 1196 1168 1256; x_wconf 92' lang='lat' dir='ltr'>in</span> <span class='ocrx_word' id='word_1_81' title='bbox 1200 1203 1318 1272; x_wconf 75' lang='lat' dir='ltr'>adrem,</span> <span class='ocrx_word' id='word_1_82' title='bbox 1362 1199 1510 1259; x_wconf 84' lang='lat' dir='ltr'>refractus</span> <span class='ocrx_word' id='word_1_83' title='bbox 1543 1195 1572 1256; x_wconf 89' lang='lat' dir='ltr'>in</span> <span class='ocrx_word' id='word_1_84' title='bbox 1606 1201 1676 1256; x_wconf 74' lang='lat' dir='ltr'>aere</span> 
     </span>
    </p>
   </div>
   <div class='ocr_carea' id='block_1_3' title="bbox 345 1283 1676 1568">
    <p class='ocr_par' dir='ltr' id='par_1_6' title="bbox 345 1283 1676 1568">
     <span class='ocr_line' id='line_1_11' title="bbox 587 1283 1676 1363; baseline -0.006 -14"><span class='ocrx_word' id='word_1_85' title='bbox 587 1286 660 1349; x_wconf 82' lang='lat' dir='ltr'>foris</span> <span class='ocrx_word' id='word_1_86' title='bbox 685 1293 737 1347; x_wconf 88' lang='lat' dir='ltr'>aut</span> <span class='ocrx_word' id='word_1_87' title='bbox 759 1285 915 1363; x_wconf 83' lang='lat' dir='ltr'>coutInget</span> <span class='ocrx_word' id='word_1_88' title='bbox 938 1283 1123 1363; x_wconf 87' lang='lat' dir='ltr'>superficiem</span> <span class='ocrx_word' id='word_1_89' title='bbox 1139 1285 1169 1346; x_wconf 93' lang='lat' dir='ltr'>in</span> <span class='ocrx_word' id='word_1_90' title='bbox 1185 1283 1250 1358; x_wconf 91' lang='grc'>00,</span> <span class='ocrx_word' id='word_1_91' title='bbox 1274 1293 1408 1348; x_wconf 88' lang='lat' dir='ltr'>autnon</span> <span class='ocrx_word' id='word_1_92' title='bbox 1431 1283 1599 1362; x_wconf 88' lang='lat' dir='ltr'>continget,</span> <span class='ocrx_word' id='word_1_93' title='bbox 1622 1283 1676 1344; x_wconf 90' lang='lat' dir='ltr'>sed</span> 
     </span>
     <span class='ocr_line' id='line_1_12' title="bbox 346 1297 1675 1568; baseline -0.005 -130"><span class='ocrx_word' id='word_1_94' title='bbox 346 1297 399 1568; x_wconf 42' lang='lat' dir='ltr'>xi</span> <span class='ocrx_word' id='word_1_95' title='bbox 589 1374 757 1437; x_wconf 79' lang='lat' dir='ltr'>elevabitur</span> <span class='ocrx_word' id='word_1_96' title='bbox 779 1390 871 1453; x_wconf 86' lang='lat' dir='ltr'>supra</span> <span class='ocrx_word' id='word_1_97' title='bbox 895 1391 970 1444; x_wconf 86' lang='lat' dir='ltr'>earn,</span> <span class='ocrx_word' id='word_1_98' title='bbox 1001 1380 1035 1434; x_wconf 94' lang='lat' dir='ltr'>ut</span> <span class='ocrx_word' id='word_1_99' title='bbox 1058 1373 1083 1434; x_wconf 86' lang='lat' dir='ltr'>si</span> <span class='ocrx_word' id='word_1_100' title='bbox 1108 1372 1149 1434; x_wconf 89' lang='lat' dir='ltr'>sit</span> <span class='ocrx_word' id='word_1_101' title='bbox 1173 1371 1240 1435; x_wconf 83' lang='lat' dir='ltr'>OG.</span> <span class='ocrx_word' id='word_1_102' title='bbox 1286 1374 1333 1436; x_wconf 85' lang='lat' dir='ltr'>At</span> <span class='ocrx_word' id='word_1_103' title='bbox 1364 1379 1501 1436; x_wconf 90' lang='lat' dir='ltr'>neutrum</span> <span class='ocrx_word' id='word_1_104' title='bbox 1532 1371 1675 1452; x_wconf 88' lang='lat' dir='ltr'>possibile</span> 
     </span>
     <span class='ocr_line' id='line_1_13' title="bbox 345 1305 1676 1566; baseline -0.003 -41"><span class='ocrx_word' id='word_1_105' title='bbox 345 1527 360 1566; x_wconf 56' lang='grc' dir='ltr'>Ι</span> <span class='ocrx_word' id='word_1_106' title='bbox 514 1305 647 1564; x_wconf 33' lang='lat' dir='ltr'>:lest</span> <span class='ocrx_word' id='word_1_107' title='bbox 685 1463 764 1524; x_wconf 88' lang='lat' dir='ltr'>Nam</span> <span class='ocrx_word' id='word_1_108' title='bbox 786 1480 840 1540; x_wconf 88' lang='lat' dir='ltr'>per</span> <span class='ocrx_word' id='word_1_109' title='bbox 860 1460 917 1522; x_wconf 90' lang='lat' dir='ltr'>IX.</span> <span class='ocrx_word' id='word_1_110' title='bbox 942 1459 1035 1540; x_wconf 88' lang='lat' dir='ltr'>ipsius</span> <span class='ocrx_word' id='word_1_111' title='bbox 1061 1459 1115 1523; x_wconf 93' lang='grc'>00</span> <span class='ocrx_word' id='word_1_112' title='bbox 1140 1462 1342 1540; x_wconf 89' lang='lat' dir='ltr'>contingentis</span> <span class='ocrx_word' id='word_1_113' title='bbox 1365 1461 1508 1525; x_wconf 75' lang='lat' dir='ltr'>retractio</span> <span class='ocrx_word' id='word_1_114' title='bbox 1534 1469 1582 1522; x_wconf 89' lang='lat' dir='ltr'>est</span> <span class='ocrx_word' id='word_1_115' title='bbox 1606 1455 1676 1532; x_wconf 89' lang='grc'>480,</span> 
     </span>
    </p>
   </div>
   <div class='ocr_carea' id='block_1_4' title="bbox 321 1547 1679 1988">
    <p class='ocr_par' dir='ltr' id='par_1_7' title="bbox 590 1547 1678 1630">
     <span class='ocr_line' id='line_1_14' title="bbox 590 1547 1678 1630; baseline -0.007 -15"><span class='ocrx_word' id='word_1_116' title='bbox 590 1553 682 1629; x_wconf 86' lang='lat' dir='ltr'>igitur</span> <span class='ocrx_word' id='word_1_117' title='bbox 705 1549 799 1630; x_wconf 79' lang='lat' dir='ltr'>Ipsius</span> <span class='ocrx_word' id='word_1_118' title='bbox 823 1548 879 1611; x_wconf 84' lang='lat'>00</span> <span class='ocrx_word' id='word_1_119' title='bbox 903 1551 1052 1611; x_wconf 78' lang='lat' dir='ltr'>refractus</span> <span class='ocrx_word' id='word_1_120' title='bbox 1075 1557 1124 1610; x_wconf 88' lang='lat' dir='ltr'>est</span> <span class='ocrx_word' id='word_1_121' title='bbox 1147 1547 1218 1622; x_wconf 84' lang='lat' dir='ltr'>CH,</span> <span class='ocrx_word' id='word_1_122' title='bbox 1246 1550 1370 1612; x_wconf 88' lang='lat' dir='ltr'>interior</span> <span class='ocrx_word' id='word_1_123' title='bbox 1393 1569 1481 1630; x_wconf 90' lang='lat' dir='ltr'>quam</span> <span class='ocrx_word' id='word_1_124' title='bbox 1506 1548 1577 1622; x_wconf 80' lang='grc' dir='ltr'>ΟΔ,</span> <span class='ocrx_word' id='word_1_125' title='bbox 1608 1548 1678 1627; x_wconf 88' lang='lat' dir='ltr'>qnia</span> 
     </span>
    </p>

    <p class='ocr_par' dir='ltr' id='par_1_8' title="bbox 391 1633 1679 1720">
     <span class='ocr_line' id='line_1_15' title="bbox 391 1633 1679 1720; baseline -0.007 -15"><span class='ocrx_word' id='word_1_126' title='bbox 391 1715 394 1720; x_wconf 27' lang='lat'>¹</span> <span class='ocrx_word' id='word_1_127' title='bbox 590 1639 675 1704; x_wconf 85' lang='lat' dir='ltr'>FGA</span> <span class='ocrx_word' id='word_1_128' title='bbox 697 1639 818 1719; x_wconf 90' lang='lat' dir='ltr'>ponitur</span> <span class='ocrx_word' id='word_1_129' title='bbox 840 1637 935 1699; x_wconf 90' lang='lat' dir='ltr'>minor</span> <span class='ocrx_word' id='word_1_130' title='bbox 963 1655 1051 1718; x_wconf 87' lang='lat' dir='ltr'>quam</span> <span class='ocrx_word' id='word_1_131' title='bbox 1073 1633 1143 1700; x_wconf 89' lang='grc'>480.</span> <span class='ocrx_word' id='word_1_132' title='bbox 1191 1636 1271 1709; x_wconf 87' lang='lat' dir='ltr'>Quia</span> <span class='ocrx_word' id='word_1_133' title='bbox 1298 1639 1388 1718; x_wconf 79' lang='lat' dir='ltr'>Igitur</span> <span class='ocrx_word' id='word_1_134' title='bbox 1420 1637 1476 1701; x_wconf 89' lang='grc'>00</span> <span class='ocrx_word' id='word_1_135' title='bbox 1504 1637 1679 1714; x_wconf 85' lang='lat' dir='ltr'>refringitur</span> 
     </span>
    </p>

    <p class='ocr_par' dir='ltr' id='par_1_9' title="bbox 321 1721 1677 1988">
     <span class='ocr_line' id='line_1_16' title="bbox 321 1721 1676 1813; baseline -0.011 -13"><span class='ocrx_word' id='word_1_136' title='bbox 321 1738 352 1800; x_wconf 91' lang='lat' dir='ltr'>in</span> <span class='ocrx_word' id='word_1_137' title='bbox 377 1735 443 1813; x_wconf 90' lang='grc' dir='ltr'>οΗ,</span> <span class='ocrx_word' id='word_1_138' title='bbox 468 1754 527 1798; x_wconf 93' lang='lat' dir='ltr'>ncn</span> <span class='ocrx_word' id='word_1_139' title='bbox 550 1735 580 1796; x_wconf 90' lang='lat' dir='ltr'>in</span> <span class='ocrx_word' id='word_1_140' title='bbox 606 1729 672 1801; x_wconf 82' lang='lat' dir='ltr'>CA,</span> <span class='ocrx_word' id='word_1_141' title='bbox 696 1746 751 1789; x_wconf 91' lang='lat' dir='ltr'>nec</span> <span class='ocrx_word' id='word_1_142' title='bbox 775 1727 865 1806; x_wconf 90' lang='lat' dir='ltr'>igitur</span> <span class='ocrx_word' id='word_1_143' title='bbox 880 1723 936 1788; x_wconf 83' lang='lat' dir='ltr'>AO</span> <span class='ocrx_word' id='word_1_144' title='bbox 960 1726 990 1786; x_wconf 90' lang='lat' dir='ltr'>in</span> <span class='ocrx_word' id='word_1_145' title='bbox 1011 1723 1065 1787; x_wconf 91' lang='grc'>00</span> <span class='ocrx_word' id='word_1_146' title='bbox 1091 1726 1270 1805; x_wconf 85' lang='lat' dir='ltr'>refringetnr</span> <span class='ocrx_word' id='word_1_147' title='bbox 1292 1746 1345 1807; x_wconf 90' lang='lat' dir='ltr'>per</span> <span class='ocrx_word' id='word_1_148' title='bbox 1369 1729 1424 1789; x_wconf 93' lang='lat' dir='ltr'>lIl.</span> <span class='ocrx_word' id='word_1_149' title='bbox 1463 1725 1527 1788; x_wconf 87' lang='lat' dir='ltr'>Sed</span> <span class='ocrx_word' id='word_1_150' title='bbox 1549 1743 1605 1786; x_wconf 87' lang='lat' dir='ltr'>nec</span> <span class='ocrx_word' id='word_1_151' title='bbox 1620 1721 1676 1785; x_wconf 84' lang='lat' dir='ltr'>GC</span> 
     </span>
     <span class='ocr_line' id='line_1_17' title="bbox 321 1812 1676 1903; baseline -0.012 -14"><span class='ocrx_word' id='word_1_152' title='bbox 321 1827 351 1889; x_wconf 93' lang='lat' dir='ltr'>in</span> <span class='ocrx_word' id='word_1_153' title='bbox 376 1823 433 1888; x_wconf 79' lang='lat' dir='ltr'>CA</span> <span class='ocrx_word' id='word_1_154' title='bbox 456 1823 639 1903; x_wconf 83' lang='lat' dir='ltr'>refringitur.</span> <span class='ocrx_word' id='word_1_155' title='bbox 679 1817 759 1877; x_wconf 86' lang='lat' dir='ltr'>Nam</span> <span class='ocrx_word' id='word_1_156' title='bbox 782 1833 836 1894; x_wconf 89' lang='lat' dir='ltr'>per</span> <span class='ocrx_word' id='word_1_157' title='bbox 859 1814 916 1875; x_wconf 87' lang='lat' dir='ltr'>Xl.</span> <span class='ocrx_word' id='word_1_158' title='bbox 942 1812 999 1875; x_wconf 85' lang='lat' dir='ltr'>GO</span> <span class='ocrx_word' id='word_1_159' title='bbox 1023 1822 1055 1874; x_wconf 92' lang='lat' dir='ltr'>et</span> <span class='ocrx_word' id='word_1_160' title='bbox 1069 1812 1124 1877; x_wconf 91' lang='grc'>00</span> <span class='ocrx_word' id='word_1_161' title='bbox 1148 1815 1179 1876; x_wconf 93' lang='lat' dir='ltr'>in</span> <span class='ocrx_word' id='word_1_162' title='bbox 1202 1815 1282 1878; x_wconf 83' lang='lat' dir='ltr'>idern</span> <span class='ocrx_word' id='word_1_163' title='bbox 1306 1814 1330 1879; x_wconf 90' lang='grc'>0</span> <span class='ocrx_word' id='word_1_164' title='bbox 1354 1824 1496 1895; x_wconf 89' lang='lat' dir='ltr'>punctum</span> <span class='ocrx_word' id='word_1_165' title='bbox 1519 1814 1676 1874; x_wconf 85' lang='lat' dir='ltr'>venientes</span> 
     </span>
     <span class='ocr_line' id='line_1_18' title="bbox 321 1900 1677 1988; baseline -0.011 -12"><span class='ocrx_word' id='word_1_166' title='bbox 321 1923 428 1976; x_wconf 88' lang='lat' dir='ltr'>secant</span> <span class='ocrx_word' id='word_1_167' title='bbox 451 1933 494 1988; x_wconf 92' lang='lat' dir='ltr'>se,</span> <span class='ocrx_word' id='word_1_168' title='bbox 520 1919 552 1973; x_wconf 92' lang='lat' dir='ltr'>et</span> <span class='ocrx_word' id='word_1_169' title='bbox 576 1908 633 1972; x_wconf 84' lang='grc'>00</span> <span class='ocrx_word' id='word_1_170' title='bbox 657 1903 819 1983; x_wconf 88' lang='lat' dir='ltr'>superioris</span> <span class='ocrx_word' id='word_1_171' title='bbox 844 1921 933 1982; x_wconf 88' lang='lat' dir='ltr'>quarn</span> <span class='ocrx_word' id='word_1_172' title='bbox 958 1900 1014 1964; x_wconf 90' lang='grc'>00</span> <span class='ocrx_word' id='word_1_173' title='bbox 1037 1902 1186 1964; x_wconf 79' lang='lat' dir='ltr'>retractus</span> <span class='ocrx_word' id='word_1_174' title='bbox 1211 1903 1244 1965; x_wconf 86' lang='lat' dir='ltr'>lit</span> <span class='ocrx_word' id='word_1_175' title='bbox 1266 1904 1389 1966; x_wconf 86' lang='lat' dir='ltr'>inferior</span> <span class='ocrx_word' id='word_1_176' title='bbox 1411 1923 1501 1986; x_wconf 89' lang='lat' dir='ltr'>qnam</span> <span class='ocrx_word' id='word_1_177' title='bbox 1525 1901 1597 1970; x_wconf 90' lang='grc' dir='ltr'>οΗ,</span> <span class='ocrx_word' id='word_1_178' title='bbox 1620 1919 1677 1962; x_wconf 94' lang='lat' dir='ltr'>ncn</span> 
     </span>
    </p>
   </div>
   <div class='ocr_carea' id='block_1_5' title="bbox 184 1988 1219 2086">
    <p class='ocr_par' dir='ltr' id='par_1_10' title="bbox 184 1988 1219 2086">
     <span class='ocr_line' id='line_1_19' title="bbox 184 1988 1219 2086; baseline -0.013 -20"><span class='ocrx_word' id='word_1_179' title='bbox 184 1991 190 2004; x_wconf 71' lang='grc'><strong><em>’</em></strong></span> <span class='ocrx_word' id='word_1_180' title='bbox 324 2023 396 2086; x_wconf 87' lang='lat' dir='ltr'>ergo</span> <span class='ocrx_word' id='word_1_181' title='bbox 421 2001 558 2082; x_wconf 86' lang='lat' dir='ltr'>superior</span> <span class='ocrx_word' id='word_1_182' title='bbox 582 1997 649 2062; x_wconf 85' lang='lat' dir='ltr'>CA.</span> <span class='ocrx_word' id='word_1_183' title='bbox 695 1991 810 2072; x_wconf 88' lang='lat' dir='ltr'>Nequit</span> <span class='ocrx_word' id='word_1_184' title='bbox 832 1990 924 2070; x_wconf 88' lang='lat' dir='ltr'>igitur</span> <span class='ocrx_word' id='word_1_185' title='bbox 947 1988 1004 2052; x_wconf 82' lang='lat' dir='ltr'>Ac</span> <span class='ocrx_word' id='word_1_186' title='bbox 1029 1991 1160 2052; x_wconf 87' lang='lat' dir='ltr'>transire</span> <span class='ocrx_word' id='word_1_187' title='bbox 1185 1991 1219 2053; x_wconf 89' lang='grc'>0.</span> 
     </span>
    </p>
   </div>
   <div class='ocr_carea' id='block_1_6' title="bbox 409 2077 1685 3042">
    <p class='ocr_par' dir='ltr' id='par_1_11' title="bbox 409 2077 1685 3042">
     <span class='ocr_line' id='line_1_20' title="bbox 409 2077 1634 2168; baseline -0.012 -16"><span class='ocrx_word' id='word_1_188' title='bbox 409 2091 498 2152; x_wconf 90' lang='lat' dir='ltr'><strong>XIV.</strong></span> <span class='ocrx_word' id='word_1_189' title='bbox 545 2080 771 2168; x_wconf 88' lang='lat' dir='ltr'>Propositio.</span> <span class='ocrx_word' id='word_1_190' title='bbox 818 2078 1020 2140; x_wconf 89' lang='lat' dir='ltr'>Problema.</span> <span class='ocrx_word' id='word_1_191' title='bbox 1066 2079 1197 2142; x_wconf 84' lang='lat' dir='ltr'>Umbras</span> <span class='ocrx_word' id='word_1_192' title='bbox 1221 2086 1328 2142; x_wconf 86' lang='lat' dir='ltr'>contra</span> <span class='ocrx_word' id='word_1_193' title='bbox 1350 2077 1453 2142; x_wconf 87' lang='lat' dir='ltr'>Solem</span> <span class='ocrx_word' id='word_1_194' title='bbox 1476 2077 1634 2160; x_wconf 87' lang='lat' dir='ltr'>projicero.</span> 
     </span>
     <span class='ocr_line' id='line_1_21' title="bbox 409 2165 1677 2248; baseline -0.013 -8"><span class='ocrx_word' id='word_1_195' title='bbox 409 2179 555 2242; x_wconf 83' lang='lat' dir='ltr'>Praestat</span> <span class='ocrx_word' id='word_1_196' title='bbox 578 2177 633 2238; x_wconf 91' lang='lat' dir='ltr'>hoc</span> <span class='ocrx_word' id='word_1_197' title='bbox 657 2169 750 2236; x_wconf 86' lang='lat' dir='ltr'>cubus</span> <span class='ocrx_word' id='word_1_198' title='bbox 773 2166 979 2248; x_wconf 84' lang='lat' dir='ltr'>crystallinus.</span> <span class='ocrx_word' id='word_1_199' title='bbox 1026 2166 1076 2228; x_wconf 88' lang='lat' dir='ltr'>Sit</span> <span class='ocrx_word' id='word_1_200' title='bbox 1099 2169 1175 2230; x_wconf 89' lang='lat' dir='ltr'>enim</span> <span class='ocrx_word' id='word_1_201' title='bbox 1199 2167 1253 2230; x_wconf 81' lang='lat' dir='ltr'>FO</span> <span class='ocrx_word' id='word_1_202' title='bbox 1277 2169 1369 2230; x_wconf 89' lang='lat' dir='ltr'>cubus</span> <span class='ocrx_word' id='word_1_203' title='bbox 1393 2175 1426 2229; x_wconf 91' lang='lat' dir='ltr'>et</span> <span class='ocrx_word' id='word_1_204' title='bbox 1448 2167 1497 2245; x_wconf 80' lang='lat' dir='ltr'>Bp</span> <span class='ocrx_word' id='word_1_205' title='bbox 1520 2165 1584 2230; x_wconf 87' lang='lat' dir='ltr'>Sol.</span> <span class='ocrx_word' id='word_1_206' title='bbox 1623 2165 1677 2226; x_wconf 82' lang='lat' dir='ltr'>An</span> 
     </span>
     <span class='ocr_line' id='line_1_22' title="bbox 630 2254 1675 2336; baseline 0.003 -19"><span class='ocrx_word' id='word_1_207' title='bbox 630 2263 635 2270; x_wconf 90' lang='lat'>&#39;</span> <span class='ocrx_word' id='word_1_208' title='bbox 695 2254 903 2336; x_wconf 85' lang='lat' dir='ltr'>corpusculum</span> <span class='ocrx_word' id='word_1_209' title='bbox 932 2255 962 2315; x_wconf 90' lang='lat' dir='ltr'>in</span> <span class='ocrx_word' id='word_1_210' title='bbox 991 2255 1145 2334; x_wconf 86' lang='lat' dir='ltr'>superficie</span> <span class='ocrx_word' id='word_1_211' title='bbox 1169 2257 1236 2318; x_wconf 90' lang='lat' dir='ltr'>cubi</span> <span class='ocrx_word' id='word_1_212' title='bbox 1259 2255 1325 2320; x_wconf 71' lang='grc' dir='ltr'>ΕΑ.</span> <span class='ocrx_word' id='word_1_213' title='bbox 1371 2255 1463 2318; x_wconf 87' lang='lat' dir='ltr'>Radii</span> <span class='ocrx_word' id='word_1_214' title='bbox 1495 2255 1588 2335; x_wconf 89' lang='lat' dir='ltr'>igitur</span> <span class='ocrx_word' id='word_1_215' title='bbox 1610 2254 1675 2320; x_wconf 80' lang='lat' dir='ltr'>BA,</span> 
     </span>
     <span class='ocr_line' id='line_1_23' title="bbox 459 2335 1676 2424; baseline 0.001 -23"><span class='ocrx_word' id='word_1_216' title='bbox 459 2335 514 2401; x_wconf 74' lang='lat' dir='ltr'>Iug.</span> <span class='ocrx_word' id='word_1_217' title='bbox 534 2335 557 2384; x_wconf 72' lang='grc' dir='ltr'>ὅ·</span> <span class='ocrx_word' id='word_1_218' title='bbox 696 2346 751 2422; x_wconf 80' lang='grc' dir='ltr'>βω,</span> <span class='ocrx_word' id='word_1_219' title='bbox 778 2344 826 2424; x_wconf 90' lang='lat' dir='ltr'>qui</span> <span class='ocrx_word' id='word_1_220' title='bbox 845 2343 979 2405; x_wconf 89' lang='lat' dir='ltr'>umbram</span> <span class='ocrx_word' id='word_1_221' title='bbox 1003 2344 1190 2406; x_wconf 84' lang='lat' dir='ltr'>extrinsecus</span> <span class='ocrx_word' id='word_1_222' title='bbox 1212 2345 1378 2406; x_wconf 82' lang='lat' dir='ltr'>ambientes</span> <span class='ocrx_word' id='word_1_223' title='bbox 1399 2345 1543 2418; x_wconf 80' lang='lat' dir='ltr'>formant,</span> <span class='ocrx_word' id='word_1_224' title='bbox 1568 2341 1676 2405; x_wconf 82' lang='lat' dir='ltr'>refrin-</span> 
     </span>
     <span class='ocr_line' id='line_1_24' title="bbox 697 2429 1677 2513; baseline -0.002 -21"><span class='ocrx_word' id='word_1_225' title='bbox 697 2438 806 2511; x_wconf 89' lang='lat' dir='ltr'>guntnr</span> <span class='ocrx_word' id='word_1_226' title='bbox 827 2431 857 2492; x_wconf 89' lang='lat' dir='ltr'>in</span> <span class='ocrx_word' id='word_1_227' title='bbox 881 2429 948 2503; x_wconf 78' lang='lat' dir='ltr'>AG,</span> <span class='ocrx_word' id='word_1_228' title='bbox 973 2456 1024 2494; x_wconf 84' lang='grc' dir='ltr'>ωκ.</span> <span class='ocrx_word' id='word_1_229' title='bbox 1071 2432 1113 2492; x_wconf 86' lang='grc' dir='ltr'>Ει</span> <span class='ocrx_word' id='word_1_230' title='bbox 1137 2431 1207 2507; x_wconf 83' lang='lat' dir='ltr'>CA,</span> <span class='ocrx_word' id='word_1_231' title='bbox 1233 2455 1274 2495; x_wconf 80' lang='grc' dir='ltr'>κω</span> <span class='ocrx_word' id='word_1_232' title='bbox 1303 2432 1475 2494; x_wconf 84' lang='lat' dir='ltr'>necessario</span> <span class='ocrx_word' id='word_1_233' title='bbox 1499 2432 1570 2513; x_wconf 89' lang='lat' dir='ltr'>plus</span> <span class='ocrx_word' id='word_1_234' title='bbox 1594 2447 1677 2510; x_wconf 87' lang='lat' dir='ltr'>quam</span> 
     </span>
     <span class='ocr_line' id='line_1_25' title="bbox 697 2516 1677 2602; baseline -0.006 -17"><span class='ocrx_word' id='word_1_235' title='bbox 697 2516 759 2585; x_wconf 96' lang='grc'>480</span> <span class='ocrx_word' id='word_1_236' title='bbox 790 2521 947 2581; x_wconf 85' lang='lat' dir='ltr'>elevantur</span> <span class='ocrx_word' id='word_1_237' title='bbox 979 2537 1070 2597; x_wconf 90' lang='lat' dir='ltr'>supra</span> <span class='ocrx_word' id='word_1_238' title='bbox 1102 2527 1214 2601; x_wconf 90' lang='lat' dir='ltr'>puncta</span> <span class='ocrx_word' id='word_1_239' title='bbox 1246 2521 1411 2602; x_wconf 87' lang='lat' dir='ltr'>superficiei</span> <span class='ocrx_word' id='word_1_240' title='bbox 1442 2520 1517 2594; x_wconf 82' lang='lat' dir='ltr'>An,</span> <span class='ocrx_word' id='word_1_241' title='bbox 1546 2538 1603 2598; x_wconf 89' lang='lat' dir='ltr'>per</span> <span class='ocrx_word' id='word_1_242' title='bbox 1625 2517 1677 2579; x_wconf 75' lang='lat' dir='ltr'>lX</span> 
     </span>
     <span class='ocr_line' id='line_1_26' title="bbox 699 2604 1679 2696; baseline -0.008 -24"><span class='ocrx_word' id='word_1_243' title='bbox 699 2607 776 2672; x_wconf 85' lang='lat' dir='ltr'>Cum</span> <span class='ocrx_word' id='word_1_244' title='bbox 800 2615 900 2670; x_wconf 86' lang='lat' dir='ltr'>antem</span> <span class='ocrx_word' id='word_1_245' title='bbox 924 2608 1050 2687; x_wconf 90' lang='lat' dir='ltr'>angulus</span> <span class='ocrx_word' id='word_1_246' title='bbox 1079 2610 1147 2671; x_wconf 89' lang='lat' dir='ltr'>cubi</span> <span class='ocrx_word' id='word_1_247' title='bbox 1168 2608 1256 2696; x_wconf 18' lang='lat' dir='ltr'>Asc*</span> <span class='ocrx_word' id='word_1_248' title='bbox 1282 2611 1322 2672; x_wconf 90' lang='lat' dir='ltr'>sit</span> <span class='ocrx_word' id='word_1_249' title='bbox 1351 2617 1453 2672; x_wconf 86' lang='lat' dir='ltr'>rectus</span> <span class='ocrx_word' id='word_1_250' title='bbox 1477 2615 1510 2670; x_wconf 91' lang='lat' dir='ltr'>et</span> <span class='ocrx_word' id='word_1_251' title='bbox 1534 2606 1619 2671; x_wconf 80' lang='lat' dir='ltr'>OAF</span> <span class='ocrx_word' id='word_1_252' title='bbox 1641 2604 1679 2666; x_wconf 88' lang='lat' dir='ltr'>sit</span> 
     </span>
     <span class='ocr_line' id='line_1_27' title="bbox 697 2693 1679 2780; baseline -0.004 -22"><span class='ocrx_word' id='word_1_253' title='bbox 697 2699 765 2778; x_wconf 89' lang='lat' dir='ltr'>plus</span> <span class='ocrx_word' id='word_1_254' title='bbox 789 2715 877 2777; x_wconf 87' lang='lat' dir='ltr'>quarn</span> <span class='ocrx_word' id='word_1_255' title='bbox 892 2693 968 2773; x_wconf 80' lang='grc' dir='ltr'>48ος</span> <span class='ocrx_word' id='word_1_256' title='bbox 992 2696 1147 2764; x_wconf 82' lang='lat' dir='ltr'>eritFGA</span> <span class='ocrx_word' id='word_1_257' title='bbox 1172 2697 1269 2760; x_wconf 88' lang='lat' dir='ltr'>minus</span> <span class='ocrx_word' id='word_1_258' title='bbox 1289 2716 1377 2780; x_wconf 87' lang='lat' dir='ltr'>quam</span> <span class='ocrx_word' id='word_1_259' title='bbox 1391 2694 1461 2760; x_wconf 91' lang='grc'>420.</span> <span class='ocrx_word' id='word_1_260' title='bbox 1497 2698 1573 2758; x_wconf 89' lang='lat' dir='ltr'>Plus</span> <span class='ocrx_word' id='word_1_261' title='bbox 1591 2694 1679 2776; x_wconf 89' lang='lat' dir='ltr'>igitur</span> 
     </span>
     <span class='ocr_line' id='line_1_28' title="bbox 699 2779 1680 2867; baseline -0.003 -20"><span class='ocrx_word' id='word_1_262' title='bbox 699 2805 788 2866; x_wconf 89' lang='lat' dir='ltr'>quarn</span> <span class='ocrx_word' id='word_1_263' title='bbox 811 2782 873 2848; x_wconf 95' lang='grc'>480</span> <span class='ocrx_word' id='word_1_264' title='bbox 895 2793 927 2846; x_wconf 92' lang='grc' dir='ltr'>ει</span> <span class='ocrx_word' id='word_1_265' title='bbox 950 2787 993 2848; x_wconf 90' lang='lat' dir='ltr'>sic</span> <span class='ocrx_word' id='word_1_266' title='bbox 1016 2787 1085 2864; x_wconf 86' lang='lat' dir='ltr'>plns</span> <span class='ocrx_word' id='word_1_267' title='bbox 1107 2786 1199 2848; x_wconf 85' lang='lat' dir='ltr'>etiarn</span> <span class='ocrx_word' id='word_1_268' title='bbox 1223 2806 1312 2867; x_wconf 91' lang='lat' dir='ltr'>quam</span> <span class='ocrx_word' id='word_1_269' title='bbox 1336 2783 1397 2849; x_wconf 89' lang='grc'>420</span> <span class='ocrx_word' id='word_1_270' title='bbox 1418 2785 1605 2848; x_wconf 91' lang='lat' dir='ltr'>inclinantur</span> <span class='ocrx_word' id='word_1_271' title='bbox 1627 2779 1680 2844; x_wconf 84' lang='lat' dir='ltr'>AG</span> 
     </span>
     <span class='ocr_line' id='line_1_29' title="bbox 700 2868 1682 2954; baseline -0.002 -20"><span class='ocrx_word' id='word_1_272' title='bbox 700 2882 732 2934; x_wconf 88' lang='lat' dir='ltr'>et</span> <span class='ocrx_word' id='word_1_273' title='bbox 756 2897 798 2936; x_wconf 84' lang='grc' dir='ltr'>ωκ</span> <span class='ocrx_word' id='word_1_274' title='bbox 821 2875 975 2936; x_wconf 86' lang='lat' dir='ltr'>avertice</span> <span class='ocrx_word' id='word_1_275' title='bbox 999 2874 1166 2954; x_wconf 85' lang='lat' dir='ltr'>superficiei</span> <span class='ocrx_word' id='word_1_276' title='bbox 1191 2873 1252 2937; x_wconf 81' lang='lat' dir='ltr'>CF.</span> <span class='ocrx_word' id='word_1_277' title='bbox 1296 2872 1399 2945; x_wconf 83' lang='lat' dir='ltr'>Quare</span> <span class='ocrx_word' id='word_1_278' title='bbox 1422 2893 1479 2954; x_wconf 89' lang='lat' dir='ltr'>per</span> <span class='ocrx_word' id='word_1_279' title='bbox 1501 2873 1594 2935; x_wconf 90' lang='lat' dir='ltr'>XlIl.</span> <span class='ocrx_word' id='word_1_280' title='bbox 1619 2868 1682 2943; x_wconf 85' lang='lat' dir='ltr'>AG,</span> 
     </span>
     <span class='ocr_line' id='line_1_30' title="bbox 700 2953 1685 3042; baseline -0.006 -18"><span class='ocrx_word' id='word_1_281' title='bbox 700 2985 742 3024; x_wconf 80' lang='lat' dir='ltr'>coa</span> <span class='ocrx_word' id='word_1_282' title='bbox 765 2981 824 3024; x_wconf 92' lang='lat' dir='ltr'>non</span> <span class='ocrx_word' id='word_1_283' title='bbox 847 2953 1049 3042; x_wconf 78' lang='lat' dir='ltr'>peustiabuut</span> <span class='ocrx_word' id='word_1_284' title='bbox 1072 2962 1258 3042; x_wconf 87' lang='lat' dir='ltr'>superficiem</span> <span class='ocrx_word' id='word_1_285' title='bbox 1282 2961 1344 3026; x_wconf 84' lang='lat' dir='ltr'>FO.</span> <span class='ocrx_word' id='word_1_286' title='bbox 1383 2961 1486 3033; x_wconf 85' lang='lat' dir='ltr'>Quare</span> <span class='ocrx_word' id='word_1_287' title='bbox 1506 2980 1563 3042; x_wconf 91' lang='lat' dir='ltr'>per</span> <span class='ocrx_word' id='word_1_288' title='bbox 1587 2958 1685 3041; x_wconf 89' lang='lat' dir='ltr'>uptioa</span> 
     </span>
    </p>
   </div>
   <div class='ocr_carea' id='block_1_7' title="bbox 700 3049 1816 3133">
    <p class='ocr_par' dir='ltr' id='par_1_12' title="bbox 700 3049 1816 3133">
     <span class='ocr_line' id='line_1_31' title="bbox 700 3049 1816 3133; baseline -0.011 -19"><span class='ocrx_word' id='word_1_289' title='bbox 700 3049 847 3133; x_wconf 88' lang='lat' dir='ltr'>principia</span> <span class='ocrx_word' id='word_1_290' title='bbox 874 3051 931 3113; x_wconf 88' lang='lat' dir='ltr'>toti</span> <span class='ocrx_word' id='word_1_291' title='bbox 958 3051 1194 3130; x_wconf 89' lang='lat' dir='ltr'>repercutientur</span> <span class='ocrx_word' id='word_1_292' title='bbox 1220 3052 1251 3112; x_wconf 92' lang='lat' dir='ltr'>in</span> <span class='ocrx_word' id='word_1_293' title='bbox 1275 3049 1333 3113; x_wconf 92' lang='lat' dir='ltr'>OD</span> <span class='ocrx_word' id='word_1_294' title='bbox 1361 3049 1551 3130; x_wconf 85' lang='lat' dir='ltr'>superficiem</span> <span class='ocrx_word' id='word_1_295' title='bbox 1576 3056 1609 3110; x_wconf 90' lang='lat' dir='ltr'>et</span> <span class='ocrx_word' id='word_1_296' title='bbox 1631 3067 1684 3108; x_wconf 91' lang='lat' dir='ltr'>au·</span> <span class='ocrx_word' id='word_1_297' title='bbox 1815 3055 1816 3084; x_wconf 48' lang='grc' dir='ltr'>ι</span> 
     </span>
    </p>
   </div>
   <div class='ocr_carea' id='block_1_8' title="bbox 307 3133 1687 3819">
    <p class='ocr_par' dir='ltr' id='par_1_13' title="bbox 307 3133 1687 3819">
     <span class='ocr_line' id='line_1_32' title="bbox 701 3133 1685 3220; baseline -0.002 -21"><span class='ocrx_word' id='word_1_298' title='bbox 701 3139 778 3218; x_wconf 87' lang='lat' dir='ltr'>gulis</span> <span class='ocrx_word' id='word_1_299' title='bbox 812 3137 929 3218; x_wconf 86' lang='lat' dir='ltr'>quidem</span> <span class='ocrx_word' id='word_1_300' title='bbox 962 3139 1137 3220; x_wconf 83' lang='lat' dir='ltr'>aequalibus</span> <span class='ocrx_word' id='word_1_301' title='bbox 1165 3138 1258 3208; x_wconf 80' lang='lat' dir='ltr'>ACF,</span> <span class='ocrx_word' id='word_1_302' title='bbox 1282 3137 1378 3203; x_wconf 83' lang='lat' dir='ltr'><strong>DOO.</strong></span> <span class='ocrx_word' id='word_1_303' title='bbox 1425 3137 1469 3200; x_wconf 82' lang='lat' dir='ltr'>Et</span> <span class='ocrx_word' id='word_1_304' title='bbox 1502 3138 1575 3218; x_wconf 84' lang='lat' dir='ltr'>quia</span> <span class='ocrx_word' id='word_1_305' title='bbox 1604 3133 1685 3199; x_wconf 84' lang='lat' dir='ltr'>COD</span> 
     </span>
     <span class='ocr_line' id='line_1_33' title="bbox 702 3223 1686 3307; baseline 0 -21"><span class='ocrx_word' id='word_1_306' title='bbox 702 3227 829 3304; x_wconf 86' lang='lat' dir='ltr'>angulus</span> <span class='ocrx_word' id='word_1_307' title='bbox 862 3227 928 3289; x_wconf 91' lang='lat' dir='ltr'>cubi</span> <span class='ocrx_word' id='word_1_308' title='bbox 961 3237 1060 3290; x_wconf 90' lang='lat' dir='ltr'>rectus</span> <span class='ocrx_word' id='word_1_309' title='bbox 1093 3236 1142 3290; x_wconf 90' lang='lat' dir='ltr'>est</span> <span class='ocrx_word' id='word_1_310' title='bbox 1164 3237 1195 3290; x_wconf 90' lang='grc' dir='ltr'>ει</span> <span class='ocrx_word' id='word_1_311' title='bbox 1217 3225 1304 3290; x_wconf 83' lang='lat' dir='ltr'>DOO</span> <span class='ocrx_word' id='word_1_312' title='bbox 1329 3227 1482 3307; x_wconf 86' lang='lat' dir='ltr'>(aequalis</span> <span class='ocrx_word' id='word_1_313' title='bbox 1506 3226 1568 3306; x_wconf 86' lang='lat' dir='ltr'>ipsi</span> <span class='ocrx_word' id='word_1_314' title='bbox 1591 3223 1686 3294; x_wconf 85' lang='lat' dir='ltr'>AGF)</span> 
     </span>
     <span class='ocr_line' id='line_1_34' title="bbox 701 3309 1686 3395; baseline 0 -21"><span class='ocrx_word' id='word_1_315' title='bbox 701 3315 797 3374; x_wconf 91' lang='lat' dir='ltr'>minor</span> <span class='ocrx_word' id='word_1_316' title='bbox 828 3333 917 3394; x_wconf 87' lang='lat' dir='ltr'>quarn</span> <span class='ocrx_word' id='word_1_317' title='bbox 948 3311 1019 3392; x_wconf 88' lang='grc'>420,</span> <span class='ocrx_word' id='word_1_318' title='bbox 1056 3316 1147 3395; x_wconf 88' lang='lat' dir='ltr'>igitur</span> <span class='ocrx_word' id='word_1_319' title='bbox 1177 3314 1261 3378; x_wconf 85' lang='lat' dir='ltr'>CDO</span> <span class='ocrx_word' id='word_1_320' title='bbox 1294 3317 1361 3395; x_wconf 90' lang='lat' dir='ltr'>plus</span> <span class='ocrx_word' id='word_1_321' title='bbox 1394 3316 1454 3377; x_wconf 89' lang='lat' dir='ltr'>erit</span> <span class='ocrx_word' id='word_1_322' title='bbox 1487 3309 1686 3394; x_wconf 78' lang='lat' dir='ltr'>quam·48⁰;</span> 
     </span>
     <span class='ocr_line' id='line_1_35' title="bbox 325 3397 1687 3484; baseline -0.004 -18"><span class='ocrx_word' id='word_1_323' title='bbox 325 3401 423 3466; x_wconf 89' lang='lat' dir='ltr'>minus</span> <span class='ocrx_word' id='word_1_324' title='bbox 457 3399 550 3480; x_wconf 89' lang='lat' dir='ltr'>igitur</span> <span class='ocrx_word' id='word_1_325' title='bbox 582 3418 671 3480; x_wconf 86' lang='lat' dir='ltr'>quarn</span> <span class='ocrx_word' id='word_1_326' title='bbox 695 3397 757 3463; x_wconf 89' lang='grc'>420</span> <span class='ocrx_word' id='word_1_327' title='bbox 785 3403 946 3465; x_wconf 85' lang='lat' dir='ltr'>inclinatur</span> <span class='ocrx_word' id='word_1_328' title='bbox 969 3425 988 3465; x_wconf 89' lang='lat' dir='ltr'>a</span> <span class='ocrx_word' id='word_1_329' title='bbox 1012 3404 1125 3466; x_wconf 88' lang='lat' dir='ltr'>vertice</span> <span class='ocrx_word' id='word_1_330' title='bbox 1157 3404 1324 3484; x_wconf 87' lang='lat' dir='ltr'>superficiei</span> <span class='ocrx_word' id='word_1_331' title='bbox 1352 3401 1411 3465; x_wconf 89' lang='lat' dir='ltr'>DO</span> <span class='ocrx_word' id='word_1_332' title='bbox 1443 3402 1574 3482; x_wconf 87' lang='lat' dir='ltr'>ideoque</span> <span class='ocrx_word' id='word_1_333' title='bbox 1608 3401 1687 3462; x_wconf 81' lang='lat' dir='ltr'>exire</span> 
     </span>
     <span class='ocr_line' id='line_1_36' title="bbox 324 3487 1687 3572; baseline -0.003 -20"><span class='ocrx_word' id='word_1_334' title='bbox 324 3496 428 3572; x_wconf 91' lang='lat' dir='ltr'>potest</span> <span class='ocrx_word' id='word_1_335' title='bbox 451 3489 481 3549; x_wconf 92' lang='lat' dir='ltr'>in</span> <span class='ocrx_word' id='word_1_336' title='bbox 504 3488 548 3562; x_wconf 88' lang='lat' dir='ltr'>E;</span> <span class='ocrx_word' id='word_1_337' title='bbox 573 3487 616 3549; x_wconf 87' lang='lat' dir='ltr'>sic</span> <span class='ocrx_word' id='word_1_338' title='bbox 640 3493 674 3549; x_wconf 80' lang='lat' dir='ltr'>ad</span> <span class='ocrx_word' id='word_1_339' title='bbox 697 3489 727 3550; x_wconf 89' lang='lat' dir='ltr'>in</span> <span class='ocrx_word' id='word_1_340' title='bbox 751 3512 775 3550; x_wconf 83' lang='lat' dir='ltr'>e.</span> <span class='ocrx_word' id='word_1_341' title='bbox 822 3490 864 3551; x_wconf 86' lang='lat' dir='ltr'>Et</span> <span class='ocrx_word' id='word_1_342' title='bbox 892 3492 936 3553; x_wconf 90' lang='lat' dir='ltr'>sic</span> <span class='ocrx_word' id='word_1_343' title='bbox 966 3492 1072 3554; x_wconf 86' lang='lat' dir='ltr'>umbra</span> <span class='ocrx_word' id='word_1_344' title='bbox 1099 3491 1194 3571; x_wconf 85' lang='lat' dir='ltr'>ipsius</span> <span class='ocrx_word' id='word_1_345' title='bbox 1218 3491 1273 3553; x_wconf 84' lang='lat' dir='ltr'>Ao</span> <span class='ocrx_word' id='word_1_346' title='bbox 1302 3491 1386 3553; x_wconf 91' lang='lat' dir='ltr'>cadit</span> <span class='ocrx_word' id='word_1_347' title='bbox 1409 3491 1439 3551; x_wconf 93' lang='lat' dir='ltr'>in</span> <span class='ocrx_word' id='word_1_348' title='bbox 1464 3491 1508 3552; x_wconf 84' lang='lat' dir='ltr'>Es</span> <span class='ocrx_word' id='word_1_349' title='bbox 1537 3488 1687 3552; x_wconf 88' lang='lat' dir='ltr'>contrariu</span> 
     </span>
     <span class='ocr_line' id='line_1_37' title="bbox 324 3575 1548 3661; baseline -0.002 -19"><span class='ocrx_word' id='word_1_350' title='bbox 324 3581 385 3642; x_wconf 91' lang='lat' dir='ltr'>situ</span> <span class='ocrx_word' id='word_1_351' title='bbox 408 3577 499 3657; x_wconf 86' lang='lat' dir='ltr'>fitque</span> <span class='ocrx_word' id='word_1_352' title='bbox 524 3575 589 3638; x_wconf 89' lang='lat' dir='ltr'>Soli</span> <span class='ocrx_word' id='word_1_353' title='bbox 611 3577 734 3655; x_wconf 87' lang='lat' dir='ltr'>propior</span> <span class='ocrx_word' id='word_1_354' title='bbox 757 3595 847 3656; x_wconf 88' lang='lat' dir='ltr'>quam</span> <span class='ocrx_word' id='word_1_355' title='bbox 871 3597 978 3659; x_wconf 85' lang='lat' dir='ltr'>corpus</span> <span class='ocrx_word' id='word_1_356' title='bbox 1001 3581 1066 3654; x_wconf 85' lang='lat' dir='ltr'>Ao,</span> <span class='ocrx_word' id='word_1_357' title='bbox 1090 3580 1207 3660; x_wconf 90' lang='lat' dir='ltr'>lougius</span> <span class='ocrx_word' id='word_1_358' title='bbox 1231 3579 1385 3661; x_wconf 90' lang='lat' dir='ltr'>productis</span> <span class='ocrx_word' id='word_1_359' title='bbox 1408 3578 1477 3654; x_wconf 85' lang='lat' dir='ltr'>DE,</span> <span class='ocrx_word' id='word_1_360' title='bbox 1504 3583 1548 3640; x_wconf 80' lang='grc' dir='ltr'>δε.</span> 
     </span>
     <span class='ocr_line' id='line_1_38' title="bbox 414 3665 1687 3746; baseline -0.002 -18"><span class='ocrx_word' id='word_1_361' title='bbox 414 3665 532 3728; x_wconf 86' lang='lat' dir='ltr'>Eodem</span> <span class='ocrx_word' id='word_1_362' title='bbox 552 3665 640 3726; x_wconf 89' lang='lat' dir='ltr'>modo</span> <span class='ocrx_word' id='word_1_363' title='bbox 660 3665 858 3729; x_wconf 89' lang='lat' dir='ltr'>demonstrari</span> <span class='ocrx_word' id='word_1_364' title='bbox 882 3675 994 3746; x_wconf 86' lang='lat' dir='ltr'>potest,</span> <span class='ocrx_word' id='word_1_365' title='bbox 1019 3669 1044 3729; x_wconf 89' lang='grc' dir='ltr'>εἰ</span> <span class='ocrx_word' id='word_1_366' title='bbox 1063 3670 1093 3730; x_wconf 90' lang='lat' dir='ltr'>in</span> <span class='ocrx_word' id='word_1_367' title='bbox 1113 3691 1137 3729; x_wconf 85' lang='grc' dir='ltr'><strong><em>ω</em></strong></span> <span class='ocrx_word' id='word_1_368' title='bbox 1157 3669 1319 3730; x_wconf 87' lang='lat' dir='ltr'>collocetur</span> <span class='ocrx_word' id='word_1_369' title='bbox 1338 3674 1442 3730; x_wconf 90' lang='lat' dir='ltr'>erecta</span> <span class='ocrx_word' id='word_1_370' title='bbox 1465 3667 1617 3729; x_wconf 88' lang='lat' dir='ltr'>turricula</span> <span class='ocrx_word' id='word_1_371' title='bbox 1632 3669 1687 3736; x_wconf 75' lang='lat' dir='ltr'>ot,</span> 
     </span>
     <span class='ocr_line' id='line_1_39' title="bbox 307 3752 1163 3819; baseline 0.008 -7"><span class='ocrx_word' id='word_1_372' title='bbox 307 3755 450 3818; x_wconf 77' lang='lat' dir='ltr'>,umbrae</span> <span class='ocrx_word' id='word_1_373' title='bbox 474 3754 590 3815; x_wconf 90' lang='lat' dir='ltr'>culmen</span> <span class='ocrx_word' id='word_1_374' title='bbox 614 3753 642 3815; x_wconf 89' lang='grc' dir='ltr'><strong>Ε</strong></span> <span class='ocrx_word' id='word_1_375' title='bbox 666 3760 772 3815; x_wconf 91' lang='lat' dir='ltr'>contra</span> <span class='ocrx_word' id='word_1_376' title='bbox 795 3752 897 3816; x_wconf 89' lang='lat' dir='ltr'>Solem</span> <span class='ocrx_word' id='word_1_377' title='bbox 922 3774 1097 3818; x_wconf 86' lang='lat' dir='ltr'>conversum</span> <span class='ocrx_word' id='word_1_378' title='bbox 1119 3756 1163 3819; x_wconf 91' lang='lat' dir='ltr'>iri.</span> 
     </span>
    </p>
   </div>
   <div class='ocr_carea' id='block_1_9' title="bbox 414 3841 1814 3924">
    <p class='ocr_par' dir='ltr' id='par_1_14' title="bbox 414 3841 1814 3924">
     <span class='ocr_line' id='line_1_40' title="bbox 414 3841 1814 3924; baseline -0.002 -19"><span class='ocrx_word' id='word_1_379' title='bbox 414 3843 489 3905; x_wconf 90' lang='lat' dir='ltr'>XV.</span> <span class='ocrx_word' id='word_1_380' title='bbox 536 3841 761 3922; x_wconf 89' lang='lat' dir='ltr'>Propositio.</span> <span class='ocrx_word' id='word_1_381' title='bbox 808 3841 898 3905; x_wconf 88' lang='lat' dir='ltr'>Radii</span> <span class='ocrx_word' id='word_1_382' title='bbox 921 3853 1080 3924; x_wconf 91' lang='lat' dir='ltr'>penetrare</span> <span class='ocrx_word' id='word_1_383' title='bbox 1108 3851 1235 3924; x_wconf 89' lang='lat' dir='ltr'>possunt</span> <span class='ocrx_word' id='word_1_384' title='bbox 1263 3844 1404 3922; x_wconf 84' lang='lat' dir='ltr'>angulum</span> <span class='ocrx_word' id='word_1_385' title='bbox 1435 3843 1587 3905; x_wconf 88' lang='lat' dir='ltr'>linearem</span> <span class='ocrx_word' id='word_1_386' title='bbox 1611 3841 1688 3923; x_wconf 89' lang='lat' dir='ltr'>pris·</span> <span class='ocrx_word' id='word_1_387' title='bbox 1813 3875 1814 3884; x_wconf 33' lang='grc' dir='ltr'>ι</span> 
     </span>
    </p>
   </div>
   <div class='ocr_carea' id='block_1_10' title="bbox 327 3930 1691 4099">
    <p class='ocr_par' dir='ltr' id='par_1_15' title="bbox 327 3930 1691 4099">
     <span class='ocr_line' id='line_1_41' title="bbox 327 3930 1363 4013; baseline -0.002 -19"><span class='ocrx_word' id='word_1_388' title='bbox 327 3931 420 3994; x_wconf 81' lang='lat' dir='ltr'>matie</span> <span class='ocrx_word' id='word_1_389' title='bbox 444 3930 596 4009; x_wconf 86' lang='lat' dir='ltr'>triangulo</span> <span class='ocrx_word' id='word_1_390' title='bbox 621 3930 807 4010; x_wconf 87' lang='lat' dir='ltr'>aequilatero</span> <span class='ocrx_word' id='word_1_391' title='bbox 828 3931 951 3994; x_wconf 76' lang='lat' dir='ltr'>‘formati</span> <span class='ocrx_word' id='word_1_392' title='bbox 976 3953 1013 3993; x_wconf 84' lang='lat' dir='ltr'>ex</span> <span class='ocrx_word' id='word_1_393' title='bbox 1035 3933 1113 3994; x_wconf 86' lang='lat' dir='ltr'>vitro</span> <span class='ocrx_word' id='word_1_394' title='bbox 1137 3933 1184 3992; x_wconf 88' lang='lat' dir='ltr'>vel</span> <span class='ocrx_word' id='word_1_395' title='bbox 1209 3932 1363 4013; x_wconf 86' lang='lat' dir='ltr'>crystallo.</span> 
     </span>
     <span class='ocr_line' id='line_1_42' title="bbox 818 4017 1691 4099; baseline -0.001 -21"><span class='ocrx_word' id='word_1_396' title='bbox 818 4017 868 4079; x_wconf 88' lang='lat' dir='ltr'>Sit</span> <span class='ocrx_word' id='word_1_397' title='bbox 893 4019 975 4081; x_wconf 87' lang='lat' dir='ltr'>intra</span> <span class='ocrx_word' id='word_1_398' title='bbox 1003 4019 1117 4098; x_wconf 90' lang='lat' dir='ltr'>prisma</span> <span class='ocrx_word' id='word_1_399' title='bbox 1145 4021 1240 4082; x_wconf 89' lang='lat' dir='ltr'>sectio</span> <span class='ocrx_word' id='word_1_400' title='bbox 1264 4017 1349 4081; x_wconf 82' lang='lat' dir='ltr'>ABG</span> <span class='ocrx_word' id='word_1_401' title='bbox 1373 4018 1578 4099; x_wconf 84' lang='lat' dir='ltr'>aequilatera.</span> <span class='ocrx_word' id='word_1_402' title='bbox 1628 4018 1691 4080; x_wconf 89' lang='lat' dir='ltr'>Duc</span> 
     </span>
    </p>
   </div>
   <div class='ocr_carea' id='block_1_11' title="bbox 726 4103 1813 4189">
    <p class='ocr_par' dir='ltr' id='par_1_16' title="bbox 726 4103 1813 4189">
     <span class='ocr_line' id='line_1_43' title="bbox 726 4103 1813 4189; baseline 0.005 -24"><span class='ocrx_word' id='word_1_403' title='bbox 726 4105 786 4185; x_wconf 89' lang='lat' dir='ltr'>ipsi</span> <span class='ocrx_word' id='word_1_404' title='bbox 799 4103 854 4167; x_wconf 91' lang='grc' dir='ltr'>Βο</span> <span class='ocrx_word' id='word_1_405' title='bbox 878 4107 1055 4185; x_wconf 80' lang='lat' dir='ltr'>parallelum</span> <span class='ocrx_word' id='word_1_406' title='bbox 1069 4107 1134 4181; x_wconf 84' lang='lat' dir='ltr'>DE,</span> <span class='ocrx_word' id='word_1_407' title='bbox 1160 4127 1235 4188; x_wconf 84' lang='lat' dir='ltr'>quae</span> <span class='ocrx_word' id='word_1_408' title='bbox 1259 4106 1300 4168; x_wconf 91' lang='lat' dir='ltr'>sit</span> <span class='ocrx_word' id='word_1_409' title='bbox 1322 4107 1426 4168; x_wconf 89' lang='lat' dir='ltr'>radius</span> <span class='ocrx_word' id='word_1_410' title='bbox 1452 4108 1579 4189; x_wconf 90' lang='lat' dir='ltr'>aliquis.</span> <span class='ocrx_word' id='word_1_411' title='bbox 1618 4106 1691 4169; x_wconf 89' lang='lat' dir='ltr'>Dico</span> <span class='ocrx_word' id='word_1_412' title='bbox 1812 4113 1813 4170; x_wconf 82' lang='grc' dir='ltr'>ἶ</span> 
     </span>
    </p>
   </div>
   <div class='ocr_carea' id='block_1_12' title="bbox 548 4193 1695 4716">
    <p class='ocr_par' dir='ltr' id='par_1_17' title="bbox 726 4193 1693 4364">
     <span class='ocr_line' id='line_1_44' title="bbox 727 4193 1691 4274; baseline -0.003 -19"><span class='ocrx_word' id='word_1_413' title='bbox 727 4193 756 4255; x_wconf 87' lang='lat' dir='ltr'>ei</span> <span class='ocrx_word' id='word_1_414' title='bbox 774 4199 878 4272; x_wconf 85' lang='lat' dir='ltr'>patere</span> <span class='ocrx_word' id='word_1_415' title='bbox 902 4195 1013 4255; x_wconf 87' lang='lat' dir='ltr'>exitum</span> <span class='ocrx_word' id='word_1_416' title='bbox 1036 4195 1192 4274; x_wconf 88' lang='lat' dir='ltr'>utrobique</span> <span class='ocrx_word' id='word_1_417' title='bbox 1217 4202 1248 4256; x_wconf 90' lang='lat' dir='ltr'>et</span> <span class='ocrx_word' id='word_1_418' title='bbox 1270 4195 1345 4255; x_wconf 93' lang='lat' dir='ltr'>inD</span> <span class='ocrx_word' id='word_1_419' title='bbox 1369 4197 1451 4256; x_wconf 91' lang='lat' dir='ltr'>etin</span> <span class='ocrx_word' id='word_1_420' title='bbox 1471 4195 1499 4257; x_wconf 84' lang='grc' dir='ltr'>Ε</span> <span class='ocrx_word' id='word_1_421' title='bbox 1524 4197 1554 4257; x_wconf 93' lang='lat' dir='ltr'>in</span> <span class='ocrx_word' id='word_1_422' title='bbox 1582 4203 1691 4259; x_wconf 79' lang='lat' dir='ltr'>atreru.</span> 
     </span>
     <span class='ocr_line' id='line_1_45' title="bbox 726 4279 1693 4364; baseline 0.002 -22"><span class='ocrx_word' id='word_1_423' title='bbox 726 4280 893 4342; x_wconf 87' lang='lat' dir='ltr'>Est.enim</span> <span class='ocrx_word' id='word_1_424' title='bbox 916 4280 1001 4343; x_wconf 86' lang='lat' dir='ltr'>ABO</span> <span class='ocrx_word' id='word_1_425' title='bbox 1033 4302 1069 4342; x_wconf 86' lang='lat' dir='ltr'>ao</span> <span class='ocrx_word' id='word_1_426' title='bbox 1100 4283 1224 4362; x_wconf 90' lang='lat' dir='ltr'>proinde</span> <span class='ocrx_word' id='word_1_427' title='bbox 1252 4291 1283 4345; x_wconf 92' lang='lat' dir='ltr'>et</span> <span class='ocrx_word' id='word_1_428' title='bbox 1305 4282 1392 4343; x_wconf 79' lang='grc' dir='ltr'>ΑΒΕ</span> <span class='ocrx_word' id='word_1_429' title='bbox 1422 4279 1496 4345; x_wconf 90' lang='grc'>600.</span> <span class='ocrx_word' id='word_1_430' title='bbox 1547 4283 1693 4364; x_wconf 85' lang='lat' dir='ltr'>Comple-</span> 
     </span>
    </p>

    <p class='ocr_par' dir='ltr' id='par_1_18' title="bbox 728 4368 1695 4540">
     <span class='ocr_line' id='line_1_46' title="bbox 728 4368 1693 4449; baseline 0.004 -21"><span class='ocrx_word' id='word_1_431' title='bbox 728 4374 859 4428; x_wconf 88' lang='lat' dir='ltr'>msntnm</span> <span class='ocrx_word' id='word_1_432' title='bbox 892 4387 944 4427; x_wconf 92' lang='lat' dir='ltr'>seu</span> <span class='ocrx_word' id='word_1_433' title='bbox 980 4368 1126 4432; x_wconf 88' lang='lat' dir='ltr'>distantia</span> <span class='ocrx_word' id='word_1_434' title='bbox 1158 4391 1177 4432; x_wconf 92' lang='lat' dir='ltr'>a</span> <span class='ocrx_word' id='word_1_435' title='bbox 1212 4371 1325 4433; x_wconf 86' lang='lat' dir='ltr'>vertice</span> <span class='ocrx_word' id='word_1_436' title='bbox 1362 4369 1391 4430; x_wconf 92' lang='lat' dir='ltr'>D</span> <span class='ocrx_word' id='word_1_437' title='bbox 1428 4371 1540 4449; x_wconf 90' lang='lat' dir='ltr'>puncti</span> <span class='ocrx_word' id='word_1_438' title='bbox 1573 4373 1605 4434; x_wconf 92' lang='lat' dir='ltr'>in</span> <span class='ocrx_word' id='word_1_439' title='bbox 1636 4369 1693 4434; x_wconf 83' lang='lat' dir='ltr'>DA</span> 
     </span>
     <span class='ocr_line' id='line_1_47' title="bbox 728 4451 1695 4540; baseline 0.003 -23"><span class='ocrx_word' id='word_1_440' title='bbox 728 4454 884 4534; x_wconf 87' lang='lat' dir='ltr'>superficie</span> <span class='ocrx_word' id='word_1_441' title='bbox 918 4463 966 4516; x_wconf 88' lang='lat' dir='ltr'>est</span> <span class='ocrx_word' id='word_1_442' title='bbox 996 4451 1063 4530; x_wconf 89' lang='grc'>300,</span> <span class='ocrx_word' id='word_1_443' title='bbox 1100 4458 1196 4520; x_wconf 88' lang='lat' dir='ltr'>minus</span> <span class='ocrx_word' id='word_1_444' title='bbox 1229 4478 1316 4539; x_wconf 83' lang='lat' dir='ltr'>quam</span> <span class='ocrx_word' id='word_1_445' title='bbox 1340 4454 1410 4520; x_wconf 91' lang='grc'>420.</span> <span class='ocrx_word' id='word_1_446' title='bbox 1457 4459 1571 4521; x_wconf 84' lang='lat' dir='ltr'>Exibit</span> <span class='ocrx_word' id='word_1_447' title='bbox 1604 4459 1695 4540; x_wconf 89' lang='lat' dir='ltr'>igitur</span> 
     </span>
    </p>

    <p class='ocr_par' dir='ltr' id='par_1_19' title="bbox 626 4537 1694 4640">
     <span class='ocr_line' id='line_1_48' title="bbox 626 4537 1694 4640; baseline 0.001 -37"><span class='ocrx_word' id='word_1_448' title='bbox 626 4537 704 4640; x_wconf 35' lang='grc' dir='ltr'>χ</span> <span class='ocrx_word' id='word_1_449' title='bbox 728 4543 786 4604; x_wconf 87' lang='grc' dir='ltr'>ΕΙ)</span> <span class='ocrx_word' id='word_1_450' title='bbox 809 4541 839 4601; x_wconf 92' lang='lat' dir='ltr'>in</span> <span class='ocrx_word' id='word_1_451' title='bbox 863 4541 927 4602; x_wconf 85' lang='lat' dir='ltr'>DF.</span> <span class='ocrx_word' id='word_1_452' title='bbox 974 4542 1025 4604; x_wconf 89' lang='lat' dir='ltr'>Sic</span> <span class='ocrx_word' id='word_1_453' title='bbox 1049 4544 1180 4607; x_wconf 88' lang='lat' dir='ltr'>etiame</span> <span class='ocrx_word' id='word_1_454' title='bbox 1207 4547 1329 4626; x_wconf 84' lang='lat' dir='ltr'>regione</span> <span class='ocrx_word' id='word_1_455' title='bbox 1358 4546 1539 4634; x_wconf 74' lang='lat' dir='ltr'>exibitDE</span> <span class='ocrx_word' id='word_1_456' title='bbox 1570 4548 1603 4610; x_wconf 92' lang='lat' dir='ltr'>in</span> <span class='ocrx_word' id='word_1_457' title='bbox 1626 4544 1694 4609; x_wconf 85' lang='lat' dir='ltr'>EG.</span> 
     </span>
    </p>

    <p class='ocr_par' dir='ltr' id='par_1_20' title="bbox 548 4613 1695 4716">
     <span class='ocr_line' id='line_1_49' title="bbox 548 4613 1695 4716; baseline 0.009 -31"><span class='ocrx_word' id='word_1_458' title='bbox 548 4630 574 4668; x_wconf 64' lang='grc' dir='ltr'><strong>Μ</strong></span> <span class='ocrx_word' id='word_1_459' title='bbox 627 4613 643 4654; x_wconf 83' lang='lat'>⁰</span> <span class='ocrx_word' id='word_1_460' title='bbox 680 4635 700 4680; x_wconf 79' lang='lat' dir='ltr'>u</span> <span class='ocrx_word' id='word_1_461' title='bbox 817 4629 906 4689; x_wconf 91' lang='lat' dir='ltr'><strong>XVI.</strong></span> <span class='ocrx_word' id='word_1_462' title='bbox 930 4628 1083 4692; x_wconf 76' lang='lat' dir='ltr'>Aonrna</span> <span class='ocrx_word' id='word_1_463' title='bbox 1105 4635 1285 4696; x_wconf 85' lang='lat' dir='ltr'>sensuale.</span> <span class='ocrx_word' id='word_1_464' title='bbox 1325 4634 1454 4698; x_wconf 82' lang='lat' dir='ltr'>Colores</span> <span class='ocrx_word' id='word_1_465' title='bbox 1476 4635 1568 4698; x_wconf 89' lang='lat' dir='ltr'>iridis</span> <span class='ocrx_word' id='word_1_466' title='bbox 1583 4638 1695 4716; x_wconf 87' lang='lat' dir='ltr'>jucun-</span> 
     </span>
    </p>
   </div>
   <div class='ocr_carea' id='block_1_13' title="bbox 729 4716 1791 4806">
    <p class='ocr_par' dir='ltr' id='par_1_21' title="bbox 729 4716 1791 4806">
     <span class='ocr_line' id='line_1_50' title="bbox 729 4716 1791 4806; baseline 0.005 -28"><span class='ocrx_word' id='word_1_467' title='bbox 729 4716 845 4778; x_wconf 90' lang='lat' dir='ltr'>dissimi</span> <span class='ocrx_word' id='word_1_468' title='bbox 870 4717 1017 4790; x_wconf 85' lang='lat' dir='ltr'>oriuntur,</span> <span class='ocrx_word' id='word_1_469' title='bbox 1048 4737 1112 4780; x_wconf 89' lang='lat' dir='ltr'>cunr</span> <span class='ocrx_word' id='word_1_470' title='bbox 1136 4722 1278 4784; x_wconf 88' lang='lat' dir='ltr'>refractic</span> <span class='ocrx_word' id='word_1_471' title='bbox 1303 4731 1351 4785; x_wconf 90' lang='lat' dir='ltr'>est</span> <span class='ocrx_word' id='word_1_472' title='bbox 1374 4731 1482 4786; x_wconf 88' lang='lat' dir='ltr'>tanta:</span> <span class='ocrx_word' id='word_1_473' title='bbox 1514 4723 1609 4806; x_wconf 86' lang='lat' dir='ltr'>idque</span> <span class='ocrx_word' id='word_1_474' title='bbox 1634 4731 1696 4785; x_wconf 87' lang='lat' dir='ltr'>tarn</span> <span class='ocrx_word' id='word_1_475' title='bbox 1787 4745 1791 4750; x_wconf 94' lang='lat'><em>·</em></span> 
     </span>
    </p>
   </div>
   <div class='ocr_carea' id='block_1_14' title="bbox 330 4793 1156 4882">
    <p class='ocr_par' dir='ltr' id='par_1_22' title="bbox 330 4793 1156 4882">
     <span class='ocr_line' id='line_1_51' title="bbox 330 4793 1156 4882; baseline 0.019 -28"><span class='ocrx_word' id='word_1_476' title='bbox 330 4793 356 4854; x_wconf 92' lang='lat' dir='ltr'>si</span> <span class='ocrx_word' id='word_1_477' title='bbox 379 4799 456 4859; x_wconf 92' lang='lat' dir='ltr'>ucnli</span> <span class='ocrx_word' id='word_1_478' title='bbox 480 4803 698 4881; x_wconf 83' lang='lat' dir='ltr'>transspiciant</span> <span class='ocrx_word' id='word_1_479' title='bbox 721 4822 811 4882; x_wconf 89' lang='lat' dir='ltr'>quam</span> <span class='ocrx_word' id='word_1_480' title='bbox 834 4803 860 4864; x_wconf 91' lang='lat' dir='ltr'>si</span> <span class='ocrx_word' id='word_1_481' title='bbox 884 4801 938 4865; x_wconf 90' lang='lat' dir='ltr'>Sol</span> <span class='ocrx_word' id='word_1_482' title='bbox 961 4805 1156 4870; x_wconf 87' lang='lat' dir='ltr'>transluceat.</span> 
     </span>
    </p>
   </div>
   <div class='ocr_carea' id='block_1_15' title="bbox 0 0 1842 5530">
    <p class='ocr_par' dir='ltr' id='par_1_23' title="bbox 0 0 1842 5530">
     <span class='ocr_line' id='line_1_52' title="bbox 0 0 1842 5530; baseline 0 0"><span class='ocrx_word' id='word_1_483' title='bbox 0 0 1842 5530; x_wconf 95' lang='lat' dir='ltr'> </span> 
     </span>
    </p>
   </div>
  </div>
 </body>
</html>
