3648 5530
313 263 381 338 ree
738 271 841 326 utem
858 271 962 340 nepae
980 273 1132 344 armaque
1149 282 1252 330 anau

314 449 414 516 titulis
437 452 559 532 iusuper
581 452 815 528 commendatur,
842 452 915 514 nihil
938 453 1064 534 vulgare
1086 473 1288 534 praesumam.
1335 455 1475 520 Obsecro
1502 457 1538 520 id
1562 468 1602 518 ue
1627 473 1685 518 uos

314 539 368 605 din
388 541 471 604 celes
494 541 636 622 quidquid
660 550 725 616 sst;
759 543 846 604 vides
869 543 923 606 tibi
951 561 1014 604 rem
1038 561 1106 605 esse
1131 563 1197 606 curu
1221 544 1382 608 Germanis
1411 546 1577 625 germanis.
1611 544 1684 622 Ego

314 630 506 711 impatientia
524 629 634 692 occulti
649 629 755 693 literas
769 632 853 694 varie
869 632 993 713 digessi.
1023 633 1104 695 Nihil
1120 635 1198 714 qnod
1214 635 1397 698 successerit
1410 635 1509 697 habco
1530 634 1591 697 nisi
1607 634 1684 695 hoc:

527 719 609 783 Nam
630 719 740 782 Jovem
764 721 892 797 macula,
916 723 992 794 hem,
1018 722 1086 783 rnla
1110 729 1250 784 testatur.

530 807 662 872 Caetera
685 810 878 890 imperfecta:
903 809 1051 874 maculam
1074 812 1170 874 rufam
1194 813 1296 895 gyrari
1319 813 1433 876 notavi.

529 899 653 960 Macula
674 900 744 962 ruia
765 900 795 962 in
818 899 895 962 Jove
920 908 977 974 cst,
1002 907 1130 983 gyratur
1152 910 1212 964 etc.

530 985 633 1049 Solem
658 989 760 1070 gyrari
784 996 844 1050 etc.

529 1076 765 1141 Firmamentum
788 1079 923 1142 maculas
947 1079 1053 1140 haeret
1076 1085 1202 1160 gyratur
1225 1098 1245 1141 a
1265 1079 1353 1142 Jove.

530 1163 694 1228 Saturnum
718 1176 751 1230 et
773 1169 904 1232 Martem
928 1185 1002 1250 gyro
1026 1167 1145 1230 macula
1167 1176 1226 1232 etc.

530 1255 711 1318 Mercurium
734 1259 856 1320 flamma
879 1257 981 1319 haurit
1003 1265 1062 1319 etc.

531 1343 698 1407 Theatrum
722 1347 815 1409 celeri
838 1355 963 1429 gyratur
988 1345 1055 1408 lons
1078 1363 1182 1408 arvum
1206 1353 1265 1407 eto.

405 1429 505 1506 Vide,
536 1433 565 1495 in
589 1453 665 1514 quas
688 1453 736 1498 me
760 1435 903 1515 conjicias
937 1434 1076 1498 miserias
1102 1442 1156 1496 tna
1179 1434 1355 1498 reticentia!
1397 1436 1509 1514 Itaque
1543 1431 1687 1494 desinam

319 1518 356 1580 de
379 1515 443 1595 his;
469 1521 506 1583 ad
531 1529 650 1586 tuarum
675 1524 829 1587 literarum
852 1525 969 1605 reliqua
991 1526 1086 1588 venio.

400 1645 455 1712 Ha·
476 1643 500 1697 ι’
586 1609 1687 1782 111ἳὲιίιῖἰιῐίεᾟιῖῗξωεοῗξρτξῖε1ὅρίῗῗιιέἔεῐξΙιᾙαῗυαιῗοῐῖεῗιίἰῑίἳὶ

581 1789 701 1870 Legisti
724 1809 915 1872 responsum,
939 1791 1094 1871 replicasti
1118 1790 1196 1851 euim
1219 1791 1286 1852 iude
1311 1791 1412 1871 aliqua
1440 1787 1539 1852 literis
1565 1787 1605 1847 ad
1632 1786 1684 1847 lll.

583 1877 745 1942 Oratorem
770 1881 891 1961 scriptis
919 1878 968 1943 13.
993 1879 1183 1943 Novembris.
1230 1879 1356 1942 Alteras
1384 1886 1549 1959 expectare
1580 1875 1680 1936 volni:

584 1968 685 2032 audlvi
708 1969 787 2032 enirn
810 1970 849 2031 ab
874 1969 922 2032 Ill.
944 1968 1090 2042 Oratore,
1112 1968 1181 2030 illas
1205 1986 1315 2032 errare.
1353 1970 1442 2030 Nune
1461 1965 1533 2046 qnia
1553 1963 1685 2045 periisse

583 2057 653 2120 illas
668 2058 766 2134 rideo,
786 2059 915 2139 paucula
933 2057 1122 2138 respondebo
1141 2058 1179 2118 ad
1199 2057 1268 2118 illas
1286 2054 1335 2120 13.
1351 2055 1430 2119 Nor.
1449 2057 1491 2116 ad
1507 2051 1684 2116 Oratorem.

584 2147 680 2209 Hane
702 2148 779 2209 mira
802 2157 852 2209 est
873 2147 1047 2209 observatio
1075 2146 1169 2208 retuli
1202 2145 1280 2207 illine
1313 2143 1489 2225 tricorporis
1519 2142 1684 2224 Geryonis,

583 2235 613 2297 in
638 2255 696 2317 quo
719 2233 877 2298 vinciendo
899 2237 989 2316 inque
1004 2237 1114 2298 Terras
1138 2234 1311 2296 deducendo
1329 2243 1363 2296 tu
1382 2242 1413 2295 te
1438 2234 1569 2294 alterum
1591 2247 1684 2310 prac-

585 2324 695 2387 stitisti
713 2325 882 2390 Herculem.
920 2325 990 2388 Etsi
1009 2343 1098 2387 careo
1117 2324 1233 2385 idoneis
1258 2323 1465 2386 instrumentis
1485 2317 1685 2399 dignoscendi

585 2421 650 2476 tres
673 2414 764 2476 hosce
789 2415 905 2494 globos,
930 2433 1025 2494 neque
1050 2414 1128 2496 quod
1146 2413 1271 2475 Elector
1295 2414 1349 2474 aba
1371 2421 1403 2473 te
1426 2411 1522 2472 habet
1545 2409 1686 2470 idoneum

585 2503 696 2566 ruisset
727 2504 969 2584 (quadrangulas
999 2503 1077 2564 euim
1111 2502 1248 2564 exhibuit
1279 2499 1386 2563 stellas
1419 2500 1580 2580 ipsnrmue
1608 2497 1685 2558 adeo

585 2589 780 2667 Saturnum).
844 2591 1005 2662 Oetsruuu.
1044 2592 1123 2672 quod
1159 2590 1270 2652 attinet
1306 2589 1438 2672 speciem
1474 2587 1684 2668 tricorporem,

585 2681 689 2744 ridere
713 2689 744 2743 te
764 2681 856 2762 jubeo
878 2683 972 2744 etiarn
997 2689 1087 2761 atque
1111 2681 1210 2755 etiam,
1237 2697 1274 2741 an
1295 2677 1505 2760 perpatuerit
1528 2683 1686 2738 conatam.

586 2769 737 2850 Superest
760 2771 857 2845 euim,
889 2777 923 2832 ut
945 2769 1058 2850 pictum
1081 2769 1167 2831 rides
1190 2770 1221 2830 in
1243 2770 1356 2848 ligura,
1381 2767 1508 2838 modus,
1539 2781 1599 2845 quo
1623 2771 1688 2824 tres

585 2877 646 2922 uon
680 2860 815 2940 contigui
847 2860 1010 2921 videantur
1040 2857 1184 2938 contigui.
1240 2859 1343 2938 Atque
1374 2857 1432 2918 hoc
1465 2854 1492 2916 ai
1526 2865 1576 2915 eat
1607 2853 1689 2933 quud

585 2945 680 3028 pinxi,
705 2948 851 3028 possibile
874 2965 947 3010 sane
970 2955 1029 3023 est,
1053 2955 1095 3021 ut,
1121 2949 1147 3008 si
1164 2946 1260 3027 quieti
1285 2947 1348 3008 siut
1371 2945 1407 3018 Ο,
1427 2945 1466 3018 D,
1485 2943 1513 3004 Ε
1544 2949 1688 3022 respectu

586 3035 634 3099 sui
656 3037 804 3117 ipsorum.
835 3037 966 3099 transitu
988 3035 1119 3098 Telluris
1149 3053 1187 3098 en
1214 3036 1245 3097 A
1266 3035 1347 3096 iuB
1379 3041 1556 3114 permutent
1585 3031 1687 3104 sitnm,

524 3174 529 3189 η,
587 3125 687 3205 sitque
712 3123 738 3188 O
761 3127 792 3187 in
825 3125 1041 3207 consequentia
1073 3143 1110 3186 ex
1132 3125 1175 3200 B,
1211 3123 1261 3204 qui
1293 3132 1377 3186 esset
1409 3137 1447 3183 ex
1470 3121 1502 3184 A
1532 3121 1565 3182 in
1596 3128 1689 3181 auta-

588 3214 737 3277 oedentia

545 3284 547 3289 ’
655 3301 724 3364 Hoc
748 3301 841 3382 igitur
868 3309 952 3364 esest
980 3307 1189 3381 argumentum
1214 3305 1317 3361 motus
1343 3300 1455 3362 Terrae
1480 3306 1514 3361 et
1536 3297 1690 3379 sphaerae

590 3388 832 3470 Oopemicsnae,
862 3399 895 3452 at
917 3391 1046 3452 nondum
1068 3389 1295 3471 Pythagoreas,
1319 3405 1375 3467 pro
1398 3407 1472 3468 qna,
1499 3408 1519 3450 a
1539 3405 1591 3449 rna
1615 3395 1690 3448 ante

594 3475 632 3540 13
657 3498 752 3542 annos
782 3479 953 3559 publicata,
988 3479 1058 3558 quid
1082 3485 1115 3540 tu
1138 3497 1177 3539 ex
1203 3477 1269 3538 risu
1298 3477 1569 3556 possispromsre
1594 3475 1688 3550 aliud,

323 3585 413 3650 quam
437 3565 586 3629 stationes
610 3575 644 3628 et
671 3567 964 3648 retrogradationes,
997 3568 1070 3629 mire
1100 3567 1188 3647 cupio
1220 3566 1306 3627 scire.
1354 3565 1389 3640 Si
1412 3565 1468 3627 Sol
1496 3573 1626 3647 gyratur
1650 3564 1690 3626 ad

322 3673 444 3720 sensum
467 3655 635 3732 oculorum,
661 3664 709 3718 est
733 3657 810 3736 quod
834 3656 892 3718 sibi
916 3655 1141 3719 Oommentaria
1169 3673 1237 3716 mea
1260 3653 1369 3716 Martis
1403 3657 1619 3734 gratulentrr;
1656 3661 1692 3714 at

322 3746 453 3809 nondum
476 3745 544 3806 ideo
568 3744 642 3807 vicit
659 3744 865 3828 Pythagorica
888 3746 1046 3819 ordinatio,
1071 3765 1106 3806 ac
1130 3764 1166 3805 ne
1187 3741 1371 3823 Oopomicns
1395 3745 1515 3826 quidem
1539 3761 1691 3822 expresse

322 3836 422 3917 plane.
469 3833 515 3896 At
538 3834 565 3895 si
588 3842 647 3908 est,
672 3835 750 3915 quod
774 3834 873 3913 pinxi,
902 3833 1014 3914 aliquid
1043 3833 1175 3896 lucratur
1199 3851 1272 3894 saue
1301 3839 1400 3893 motus
1423 3834 1539 3894 Terras
1565 3831 1689 3912 Ocper-

324 3925 459 3986 omanus.
508 3919 650 3984 Ceterum
674 3924 747 3986 uihil
771 3924 867 4002 magis
891 3923 930 3984 ad
954 3923 1065 3984 famam
1088 3920 1295 3983 inventionum
1319 3927 1437 3984 tuarum
1463 3923 1566 3984 iacere
1591 3921 1689 3994 scibo,

297 4035 299 4040 ·
323 4014 381 4076 nisi
405 4013 432 4074 si
451 4011 569 4074 miseris
589 4014 698 4074 vitrum
722 4011 889 4086 rotundum,
914 4011 1062 4074 maximae
1087 4012 1232 4090 sphaerae
1252 4009 1420 4091 portionem
1444 4009 1691 4092 exquisitissime

322 4102 464 4183 polrtam.
513 4098 615 4162 Oaras
639 4101 738 4163 lentes
761 4102 809 4164 hic
833 4101 921 4162 facile
945 4100 1193 4180 comparabimus.

411 4187 527 4268 Scripsi
552 4187 739 4270 Dicptrlcsn‚
764 4209 841 4272 qnae
866 4184 1011 4270 superiori
1026 4187 1198 4269 Septembri
1222 4187 1305 4249 veuit
1327 4187 1356 4247 iu
1381 4204 1489 4250 manus
1505 4187 1576 4251 Ser.
1593 4189 1690 4251 Elec-

322 4278 407 4342 toris.
454 4273 533 4339 Puto
557 4277 631 4340 nihil
655 4297 674 4340 a
697 4297 744 4340 rue
767 4279 988 4358 praeteritum,
1024 4279 1103 4358 qnod
1131 4297 1188 4339 nou
1213 4295 1251 4338 ex
1275 4275 1336 4338 suis
1361 4275 1463 4338 causis
1489 4277 1690 4340 demonstra-

322 4365 427 4430 verim.
480 4363 629 4446 Equidem
661 4385 785 4446 campns
817 4374 865 4429 est
902 4367 1060 4428 exercendi
1098 4362 1228 4446 ingenii:
1267 4363 1413 4444 prodeat,
1452 4365 1503 4445 qui
1543 4387 1583 4430 ex
1620 4367 1692 4428 aliis

324 4455 514 4516 demonstret
535 4455 700 4533 principiis,
726 4475 816 4535 qnam
840 4454 946 4534 quibus
971 4474 1026 4534 ego
1051 4472 1116 4518 sum
1139 4473 1220 4516 usus.

414 4541 637 4623 Typographns
669 4551 774 4605 vester
804 4543 1058 4621 „Phaenomeuon
1091 4541 1266 4622 singulare“
1299 4541 1473 4604 decurtavit
1511 4544 1692 4626 priusquam

324 4629 364 4690 ad
386 4647 450 4690 reru
472 4629 633 4693 veniretur.
681 4629 820 4701 Quatuor
842 4636 914 4691 sunt
936 4631 1073 4709 paginae,
1100 4651 1167 4693 cum
1190 4632 1240 4692 ille
1263 4629 1315 4690 vix
1337 4647 1429 4691 unam
1453 4640 1509 4692 aut
1524 4633 1604 4693 duas
1629 4634 1692 4695 im·

325 4716 483 4796 presserit.
529 4717 589 4780 Pro
613 4717 669 4780 hoc
697 4726 784 4781 reatu
817 4719 982 4780 condemno
1013 4718 1111 4798 ipsum
1135 4720 1164 4780 in
1188 4721 1312 4783 multam
1343 4717 1414 4779 uitri
1439 4721 1569 4783 convexi
1589 4723 1691 4798 nuins,

326 4803 364 4866 de
387 4803 518 4884 sphaera
549 4805 688 4868 diametri
710 4809 818 4886 pedum
837 4803 899 4875 tt.
923 4813 977 4869 aut
999 4808 1228 4887 aequipollente,
1255 4827 1342 4890 quam
1362 4815 1396 4870 tu
1415 4811 1693 4892 aequipollentiam
