3674 5538
260 11 381 144 s

710 283 741 340 de
759 285 832 340 rebar
851 283 957 354 Optiolr.
1459 287 1522 358 113

146 475 237 522 ame
261 457 446 524 clarissimis
477 459 782 524 demonstrationibus
814 461 982 538 detectum,
1016 461 1130 525 crebris
1163 459 1303 542 epistolis
1334 469 1366 525 st
1393 465 1523 544 publicis

148 545 410 628 disputationibus
446 557 599 612 testantur
630 549 739 612 medici
768 559 857 632 atque
889 550 1072 631 philosophi.
1127 550 1176 612 Ex
1204 551 1257 612 illo
1296 569 1366 614 vero
1403 553 1523 618 videndi

150 636 237 698 modo
262 639 402 718 sequitur
424 640 610 702 necessitate
634 639 856 702 conclusionum
886 638 1073 714 inevitabili,
1109 648 1142 702 ut
1166 639 1243 701 talia
1266 641 1413 703 eveniant
1437 646 1523 706 oculo

150 733 241 806 utque
266 727 388 807 species
411 728 579 792 lucidorum
602 735 770 808 appareant
799 729 976 808 ampliatae,
1002 728 1074 790 licet
1095 728 1126 790 in
1151 747 1183 790 re
1212 727 1281 809 ipsa
1312 729 1425 795 visibili
1450 733 1522 794 nihil

152 812 227 877 insit
251 817 364 878 simile.

242 901 322 967 Cum
345 903 438 985 igitur
461 923 571 967 causae
594 905 821 986 phaenomendn
842 923 918 985 qnae
938 904 1055 984 allegas
1079 905 1220 967 detectae
1239 906 1310 980 sint,
1337 925 1389 969 cnr
1412 910 1523 972 nodnm

155 992 183 1054 in
207 993 308 1076 scirpo
332 993 465 1075 quaeris,
497 993 644 1056 sollicitus
676 993 765 1056 nimis
795 992 1016 1074 philosophus?
1048 1013 1116 1068 cur,
1152 993 1238 1074 quasi
1268 995 1342 1057 nihil
1366 997 1408 1058 sit
1431 1018 1450 1058 a
1472 1019 1520 1060 me

40 1077 49 1098 ⁸
157 1081 411 1159 demonstratum,
440 1082 515 1145 nihil
537 1082 593 1154 tibi
616 1082 730 1145 crebris
761 1081 898 1163 epistolis
921 1101 960 1144 ex
982 1100 1029 1142 me
1054 1084 1210 1162 quaerenti
1235 1101 1432 1167 responsum,
1464 1087 1520 1148 luas

155 1171 237 1232 uisus
273 1171 413 1234 fallacias
444 1171 565 1235 silentio
598 1171 826 1252 praeteriviati?
859 1169 893 1232 Si
926 1189 1036 1232 causae
1068 1171 1149 1234 intus
1173 1171 1203 1233 in
1234 1174 1320 1234 oculo
1355 1183 1520 1254 suppetunt

156 1259 292 1339 plurimis
317 1267 409 1342 aptae
432 1260 657 1340 phaenomeuis,
682 1279 734 1323 cur
754 1259 784 1322 in
804 1260 922 1322 coelum
943 1259 1093 1333 ascendis,
1110 1259 1213 1322 Lunae
1235 1259 1392 1322 camisiam
1411 1262 1518 1340 induis,

157 1347 242 1410 unius
267 1349 452 1428 alteriusque
472 1348 672 1429 phaenomeni
690 1368 793 1426 causa,
819 1349 873 1409 sed
888 1367 964 1428 quae
980 1347 1011 1410 in
1030 1347 1099 1409 aliis
1120 1367 1208 1428 quam
1229 1348 1368 1428 plurimis
1392 1351 1518 1414 demon·-

158 1437 293 1499 strandis
316 1437 390 1500 nulli
414 1445 464 1500 est
488 1437 576 1500 usui?
608 1437 651 1499 Et
677 1444 782 1518 aperte
805 1445 921 1518 pugnat
944 1455 1010 1498 oum
1034 1435 1088 1497 illa
1115 1455 1209 1498 causa
1236 1455 1304 1499 mea
1328 1439 1433 1502 Lunae
1459 1443 1519 1502 t'al-

158 1532 247 1587 catae
281 1525 455 1608 observatio
487 1524 562 1607 Cap.
586 1525 646 1603 XI,
676 1523 707 1590 5.
732 1525 799 1588 libri
831 1523 957 1604 allegati
980 1525 1090 1588 relata.
1132 1523 1212 1596 Quin
1237 1526 1308 1601 imo,
1332 1527 1461 1604 Fabrici,
1488 1537 1519 1590 te

157 1614 256 1696 ipsum
280 1615 427 1696 implicas,
454 1615 523 1677 dnm
546 1633 655 1678 causas
684 1616 768 1677 coelo
792 1614 849 1695 ipsi
872 1613 978 1676 niteris
1007 1613 1241 1688 transscribere,
1272 1616 1413 1678 fallacias
1437 1619 1520 1680 visus

159 1721 217 1766 non
241 1703 367 1768 obscure
392 1704 538 1784 allegans.
575 1704 654 1767 Nam
678 1721 731 1766 our
749 1704 797 1766 hic
820 1702 981 1783 telescupii
1004 1703 1190 1764 meministi?
1213 1722 1266 1765 cur
1289 1703 1520 1784 interpositione

158 1791 240 1854 illius
263 1789 414 1855 diversum
448 1811 594 1873 apparere
627 1791 740 1854 asseris
777 1791 922 1855 circulum
955 1791 1085 1870 partium
1118 1799 1151 1853 et
1173 1792 1290 1854 lucidae
1319 1801 1350 1856 et
1375 1795 1520 1858 obscurae

158 1880 276 1944 unicum
300 1889 331 1944 et
354 1881 546 1962 perfectum?
570 1880 605 1944 Si
627 1900 721 1944 cansa
742 1880 941 1962 phaenomeni
964 1880 995 1942 in
1019 1897 1051 1942 re
1075 1881 1169 1955 inest,
1195 1880 1357 1960 apparebit
1378 1883 1433 1946 illa
1456 1891 1520 1946 tam

158 1987 212 2050 per
234 1970 440 2050 perspicillnm
465 1987 553 2051 quam
575 1969 641 2033 sine
664 1969 725 2032 illo.
772 1967 835 2032 Cur
857 1968 955 2042 addis,
981 1987 1108 2049 corpora
1131 1968 1279 2032 luminosa
1300 1988 1355 2049 per
1378 1972 1520 2035 tenebras

160 2057 279 2139 majora
301 2059 414 2134 videri,
449 2077 539 2138 quam
561 2059 591 2122 in
615 2059 705 2120 lnce?
737 2059 844 2120 Nonne
869 2058 899 2120 id
924 2077 1024 2120 verum
1049 2065 1097 2120 cst
1129 2057 1221 2120 etiam
1246 2058 1282 2121 de
1315 2061 1520 2134 terrestribus,

160 2167 235 2228 quae
258 2147 326 2228 ipsa
350 2148 378 2211 in
403 2166 437 2208 se
460 2146 534 2228 ipsis
550 2156 612 2210 'nec
636 2155 784 2227 augentur
806 2165 861 2209 nec
884 2146 1077 2209 minuuntur?
1106 2145 1169 2210 Sed
1192 2147 1266 2210 nihil
1289 2150 1386 2228 magis
1409 2149 1519 2224 irritat,

161 2255 250 2316 qnam
273 2237 353 2318 quod
383 2235 555 2316 subjungis,
589 2235 671 2298 illam
700 2235 961 2298 extuberationem
990 2234 1065 2296 lucis
1088 2235 1118 2297 in
1142 2254 1234 2298 cornu
1257 2234 1361 2298 Lunae
1385 2237 1521 2318 separari

160 2344 179 2386 a
208 2325 298 2388 Lnna
329 2343 384 2405 per
416 2324 647 2388 instrumentum
676 2323 830 2388 visorium.
882 2323 917 2387 Si
950 2323 988 2384 de
1021 2325 1105 2408 coelo
1137 2324 1288 2405 loqueris,
1319 2325 1522 2406 impossibilia

160 2414 279 2488 statuis,
305 2413 352 2476 sin
377 2413 414 2475 de
438 2414 533 2487 oculo,
559 2413 631 2475 nihil
648 2419 704 2476 'est
726 2412 837 2476 verius.
876 2411 983 2484 Qualis
1008 2412 1086 2474 enim
1109 2412 1227 2493 pictura
1249 2433 1347 2477 rerum
1367 2415 1397 2476 in
1419 2415 1521 2478 tunica

159 2501 315 2576 retiiormi,
341 2503 414 2564 talis
429 2509 478 2564 est
497 2510 529 2564 ct
550 2501 627 2564 visio
648 2502 769 2564 illarum
790 2520 906 2576 rernm;
931 2501 984 2562 sed
1000 2502 1028 2562 in
1051 2502 1170 2580 pictura
1192 2502 1341 2565 retiiormi
1363 2504 1520 2566 verissime

160 2590 342 2653 extuberent
371 2591 474 2664 lucida
506 2591 661 2672 locumque
688 2592 774 2671 justo
803 2590 979 2670 ampliorem
1014 2599 1182 2670 occupant,
1213 2610 1266 2652 seu
1289 2592 1364 2653 uitio
1388 2592 1466 2655 oculi
1489 2601 1521 2654 et

161 2679 336 2750 confusione
350 2679 535 2760 picturarum
553 2679 718 2742 vicinarum
732 2679 762 2741 in
777 2697 964 2741 communem
979 2677 1105 2740 limitem
1125 2679 1379 2759 praecellentibus
1394 2681 1519 2744 lucidis:

161 2767 222 2831 sive
247 2769 342 2830 etiam
375 2777 486 2831 natura
509 2766 583 2831 lucis
607 2776 640 2830 et
670 2767 843 2848 spirituum,
877 2767 926 2849 qui
950 2774 985 2828 nt
1007 2766 1065 2828 luci
1098 2769 1220 2848 cognati
1254 2776 1397 2832 contactu
1426 2769 1521 2832 veluti

161 2857 291 2938 partium
320 2856 458 2938 picturae
491 2857 656 2920 lucidarum
687 2857 779 2920 exciti
810 2875 879 2920 sese
912 2856 1044 2918 dilatant
1066 2855 1096 2916 in
1129 2856 1286 2919 rehformi.
1333 2857 1399 2919 Hoc
1422 2856 1520 2938 ipsum

161 2944 242 3008 siet
265 2954 300 3008 tu
323 2947 380 3020 uis,
406 2945 502 3008 habes
524 2965 572 3008 me
595 2945 784 3008 laudatorem
808 2953 878 3008 tuae
911 2945 1080 3006 sententiae
1113 2953 1285 3007 strenuum:
1318 2947 1373 3007 sed
1400 2947 1521 3008 interim

159 3043 242 3098 tuum
265 3035 362 3114 ipsius
386 3034 543 3097 theorema
565 3035 707 3108 destruis,
729 3049 841 3110 ,atram
852 3045 991 3099 Lunarem
1012 3042 1197 3099 illuminatum
1215 3043 1302 3098 rideri
1323 3045 1401 3100 nudis
1424 3045 1519 3112 oeulis,

158 3125 319 3196 perspicillo
339 3143 406 3180 rero
426 3143 481 3181 non
503 3131 596 3180 aerem
616 3127 665 3180 sed
686 3126 776 3195 ipsum
794 3125 891 3180 Lunae
912 3123 1041 3194 corpus.“

248 3219 312 3283 Sed
336 3221 477 3284 audiatur
498 3220 616 3303 plenior
644 3219 863 3283 demonstratio
887 3221 931 3282 tui
956 3220 1116 3299 dogmatis.
1165 3233 1275 3295 „Anna
1304 3230 1410 3303 inquis,
1444 3230 1520 3286 1613

163 3305 206 3365 ¹8.
229 3311 358 3367 Octobris
381 3309 458 3380 (stilo
478 3307 582 3381 reteri)
611 3311 685 3366 circa
710 3313 792 3366 tinem
819 3309 930 3382 eclipsis
956 3311 1068 3375 Lunae,
1099 3327 1159 3366 curn
1187 3311 1267 3366 nudis
1297 3313 1384 3370 oeulis
1405 3312 1521 3366 deficere

159 3397 320 3446 censeretur
340 3393 441 3447 abesse
462 3389 581 3464 digitus,
601 3409 654 3463 per
674 3390 855 3462 telescopium
874 3391 956 3446 Luna
983 3397 1045 3445 tota
1068 3391 1226 3446 illuminata
1246 3398 1276 3445 et
1295 3394 1415 3448 rutunda
1434 3407 1521 3462 appa·

158 3471 222 3526 ruit.
265 3472 342 3544 Ergo
363 3473 479 3536 limbus,
502 3473 547 3544 qui
568 3471 647 3526 nudis
668 3471 755 3526 oculis
780 3471 896 3526 deficere
924 3471 1086 3535 videbatur,
1112 3470 1167 3526 erit
1187 3472 1260 3526 aeria
1281 3473 1400 3528 Lunaris
1421 3472 1521 3526 limbus

159 3568 245 3622 supra
257 3551 356 3608 Lunae
378 3569 485 3624 corpus,
508 3554 580 3624 quod
597 3551 659 3622 jam
673 3560 759 3608 extra
777 3553 903 3606 umbram
923 3558 994 3616 erat,
1017 3551 1145 3606 extans.“
1185 3549 1229 3612 Et
1245 3550 1371 3629 pinxisti
1395 3559 1520 3612 senten.

159 3638 234 3700 tiam
259 3647 343 3702 tuam
367 3641 537 3722 nepotisque
569 3640 718 3720 picturam
742 3639 834 3701 etiam
857 3639 887 3700 in
911 3638 1110 3719 Prognostica
1139 3639 1209 3700 anni
1240 3639 1393 3720 sequentis
1426 3633 1519 3712 1617,

159 3727 395 3876 inuiis·⁸iissii¹)¹
419 3747 457 3792 ex
483 3727 618 3810 reliquiis
645 3726 863 3810 typographiae
893 3727 979 3790 Petri
1006 3727 1121 3808 Apiani
1151 3727 1200 3792 bic
1227 3728 1355 3790 exhibeo
1374 3735 1441 3798 (ride
1457 3734 1520 3798 spu.

200 3830 263 3880 perr
292 3832 324 3866 o.
392 3852 400 3867 .

250 3885 442 3952 Observator
462 3887 557 3950 bonus
577 3895 610 3950 et
629 3886 757 3967 diligens
778 3907 820 3962 es,
846 3886 1010 3948 observata
1028 3886 1104 3948 haec
1118 3892 1173 3947 tna
1186 3884 1216 3947 in
1238 3884 1359 3949 dubium
1382 3885 1521 3948 vocanda
1633 3895 1637 3904 ’

161 3984 230 4039 sunt
254 3977 386 4041 minime.
433 3978 479 4039 At
500 3996 569 4040 num
592 3995 662 4040 vere
696 3975 857 4038 concludas
889 3992 1019 4055 vereque
1046 3975 1170 4055 pingas,
1204 3973 1234 4034 id
1266 3974 1437 4036 videndum.
1484 3973 1520 4034 Id

161 4065 280 4145 quidem
304 4085 362 4147 ego
386 4085 474 4146 nego,
497 4065 571 4129 nihil
595 4065 674 4128 euim
698 4063 843 4146 seqnitur,
868 4083 935 4126 cum
957 4082 1068 4126 causae
1098 4063 1210 4125 multae
1235 4081 1302 4124 esse
1325 4062 1446 4143 possint
1469 4079 1522 4124 cur

161 4154 242 4218 uisos
266 4155 308 4218 sit
330 4155 399 4218 ‘libi
424 4155 560 4217 deiectus
584 4155 679 4218 oculis
703 4153 801 4230 nudis,
825 4171 884 4214 nun
909 4152 950 4214 sit
972 4152 1055 4214 visus
1079 4150 1261 4233 perspicillo.

247 4261 375 4324 Possem
409 4257 525 4332 dicere,
558 4280 626 4324 cum
657 4259 809 4340 posterius
845 4256 1005 4320 adhiberes
1033 4255 1254 4340 perspicillnm,
1287 4255 1418 4332 interim,
1451 4256 1521 4318 dum

163 4351 280 4432 qnaeris
294 4352 414 4414 Lunam
434 4350 623 4424 collimando,
647 4348 730 4411 illam
745 4367 784 4411 ex
802 4347 908 4410 umbra
922 4346 1052 4409 exiisse:
1077 4364 1199 4428 possem
1214 4346 1307 4408 etiam
1328 4345 1520 4422 contrarium,

163 4440 246 4504 nodis
268 4439 364 4504 oculis
389 4437 433 4502 Te
457 4457 516 4500 nou
540 4438 691 4501 deiectum
714 4437 770 4500 sed
793 4437 904 4500 saltem
928 4435 1026 4498 debile
1050 4436 1150 4498 lumen
1174 4434 1286 4497 vidisse
1308 4433 1405 4518 partis
1428 4433 1521 4510 illius,

164 4545 236 4610 quae
256 4529 397 4614 proxime
421 4527 558 4590 umbram
581 4526 696 4590 stabat.
743 4601 747 4608 Ι
773 4552 775 4556 ’

245 4635 337 4710 Quod
361 4635 444 4700 enim
467 4633 645 4715 quibusdam
668 4632 802 4713 adeoque
827 4629 919 4694 etiarn
941 4628 1023 4704 mihi,
1049 4627 1098 4709 qui
1121 4626 1213 4690 debili
1233 4625 1299 4689 visu
1322 4628 1414 4703 iruor,
1434 4627 1521 4690 Luna

162 4723 314 4792 defectura
337 4723 421 4790 satis
444 4722 495 4788 din
518 4731 590 4786 ants
610 4741 713 4784 verum
732 4721 848 4783 initium
872 4725 1016 4799 suspecta
1037 4723 1085 4778 ast
1106 4716 1143 4778 de
1164 4715 1262 4790 initio,
1286 4715 1352 4797 ejus
1366 4717 1410 4779 rei
1429 4734 1522 4780 causa

158 4816 215 4882 sita
235 4825 287 4882 est
309 4817 343 4881 in
375 4811 546 4895 penumbra
570 4811 697 4887 Terrae,
731 4829 807 4892 qnae
830 4807 968 4890 partibus
991 4807 1095 4868 Lunae
1119 4803 1158 4868 ad
1191 4803 1328 4868 umbram
1356 4805 1522 4887 appropin-

220 4921 313 4984 nuau
327 4917 450 4974 osma·
1291 4908 1308 4964 s
