3464 5524
304 251 349 320 ιι
722 251 823 304 trem
838 249 941 316 uepres
959 249 1110 316 memque
1125 253 1227 302 anna
1303 230 1305 238 '

303 435 395 516 igitur
418 431 540 497 dimidio
564 433 712 498 minuetur
734 429 1024 513 prosthaphaeresie.
1063 429 1151 494 Enim
1174 447 1245 494 vero
1261 446 1316 514 ego
1339 425 1483 502 discurre,
1506 431 1592 492 tuctu
1616 432 1667 491 est

305 531 456 588 statuere:
481 523 633 586 scribon.
658 521 945 601 impraemeditatus.

392 627 597 680 Maeetlinus
613 626 739 691 respondit
759 628 783 677 d.
798 624 822 674 4.
837 623 905 690 (tt.)
917 627 991 678 Julii:
1012 626 1051 677 De
1074 625 1169 678 calculo
1184 627 1281 692 eclipsis
1300 627 1358 692 quid
1377 623 1547 692 corrigendum
1565 630 1665 689 putem.

306 707 388 756 certus
408 715 462 750 ease
482 715 531 750 non
549 713 658 763 possum.
697 697 841 762 computari
870 713 926 750 eam
952 714 982 750 ex
1001 698 1170 748 observatione
1198 712 1273 762 qnam
1296 703 1366 748 certa
1392 697 1491 762 quidem
1510 711 1543 746 ea
1562 703 1667 760 propter

305 771 416 822 nubilum
431 771 525 820 coelum
543 769 628 820 baberi
648 771 734 832 potuit.
760 769 819 818 ldeo
839 770 926 818 mirum
940 771 1016 819 etiam
1034 774 1147 826 nonest,
1167 769 1286 834 siquidem
1304 767 1415 818 caletulus
1428 767 1537 817 nonnihil
1550 767 1664 817 deficiat.

305 841 384 892 Plura
409 841 440 892 de
467 841 505 890 bis
525 843 578 903 jam
598 840 723 904 cogitandi
744 847 770 890 ει
787 841 910 890 scribendi
934 856 974 891 me
999 841 1105 891 brevitas
1124 842 1240 904 temporis
1266 847 1292 890 et
1317 839 1492 903 occupationes
1512 839 1663 903 impediunt,

306 913 454 976 praesertim
477 924 581 961 examen
603 911 790 962 candidatorum
809 909 852 962 &a

391 981 431 1032 De
448 981 496 1032 clio
516 982 710 1032 eccentricitatis
729 980 892 1032 inveniendae
909 979 981 1030 modo
1001 995 1047 1047 ego
1072 982 1181 1046 proiecto
1201 981 1307 1032 scribare
1327 983 1424 1040 neseio,
1447 980 1523 1030 alium
1541 995 1589 1048 ego
1613 997 1664 1030 nen

302 1051 399 1111 babso;
425 1067 483 1102 nam
513 1053 553 1116 qui
582 1068 613 1102 ex
632 1053 802 1118 magnitudine
826 1052 890 1104 Solis
909 1055 1037 1116 apparenti
1060 1052 1154 1102 desumi
1177 1059 1275 1116 posset.
1304 1053 1376 1102 nimia
1398 1052 1505 1102 lubricus
1526 1060 1580 1110 est,
1604 1053 1666 1116 quia

308 1125 362 1186 ejus
389 1122 534 1187 magnitudo
563 1139 613 1172 non
634 1124 659 1172 in
682 1124 782 1174 minutis
801 1130 898 1174 tantum
916 1124 1015 1188 primis,
1041 1124 1084 1173 sed
1105 1124 1260 1174 exactissime
1285 1125 1361 1174 etiam
1386 1124 1412 1173 in
1437 1123 1551 1173 secundis
1577 1123 1663 1186 exple·

304 1193 550 1326 rancaisengqmn
574 1264 600 1311 in
620 1263 724 1326 Optieae
747 1263 800 1327 Gap
820 1263 863 1314 XI.
887 1265 962 1328 probi.
983 1261 1060 1315 23εε.
1084 1264 1149 1316 banc
1170 1264 1270 1329 eclipsin
1293 1265 1344 1315 alia
1368 1279 1442 1330 quarn
1467 1277 1542 1329 snpra
1563 1265 1663 1314 ratione

304 1333 462 1399 aggreditur,
488 1333 613 1396 ellipsibus
630 1333 683 1384 loco
704 1335 848 1384 circulorum
866 1351 940 1394 naus,
959 1335 1034 1400 plane
1053 1335 1257 1386 mathematicum
1280 1349 1358 1400 agens
1379 1349 1483 1400 eumque
1500 1337 1662 1386 renationem

304 1405 330 1455 in
344 1403 393 1454 bac
414 1403 557 1466 disciplina,
578 1417 653 1467 qnam
673 1411 732 1453 ante
748 1407 891 1454 sexennium
912 1421 940 1455 se
956 1407 1111 1469 praebuerat.

394 1473 534 1537 Descriptio
556 1474 693 1538 eclipsis
711 1475 852 1524 Lunaris
871 1476 893 1525 d.
908 1473 948 1525 tt.
963 1478 1027 1541 Aug.
1050 1475 1117 1526 1598
1130 1491 1186 1526 cum
1204 1476 1302 1526 modum
1323 1475 1426 1538 Kepleri
1447 1475 1596 1525 observandi
1617 1475 1661 1523 de·

303 1544 443 1595 linientibus
461 1545 644 1604 instrumentis,
667 1551 720 1593 tnm
736 1543 843 1594 studium
863 1553 980 1602 testatur,
1002 1553 1082 1597 reruni
1099 1561 1188 1597 causas
1207 1546 1370 1612 cognoscendi
1381 1552 1407 1595 et
1422 1560 1486 1610 quae
1504 1547 1598 1609 priores
1618 1553 1662 1594 aut

303 1616 437 1666 eminerent
458 1620 502 1664 snt
523 1629 635 1679 perverse
654 1615 857 1670 declaraverant.
876 1617 1024 1666 emendandi
1046 1623 1072 1668 et
1087 1617 1224 1682 supplendi.
1261 1617 1351 1666 Paucis
1370 1617 1471 1681 attingit
1491 1615 1557 1666 hanc
1576 1617 1660 1665 obser·

303 1686 428 1736 ratonem
452 1686 478 1736 in
496 1686 557 1734 libro
576 1699 620 1734 suo
643 1684 703 1749 Cap.
717 1685 778 1742 Vll,
799 1682 824 1734 3.
839 1684 870 1743 t,
893 1689 935 1736 nbi
954 1687 984 1736 de
1002 1688 1089 1738 eadem
1105 1689 1157 1753 agit
1176 1688 1352 1750 apparitione..
1367 1701 1430 1750 qnae
1448 1688 1609 1751 praecipuum
1623 1693 1662 1735 est
1723 1691 1724 1708 ³

302 1758 427 1820 csquemis
448 1756 620 1819 disputationis
640 1762 828 1822 argumentum
845 1757 952 1821 pluribus
970 1757 1030 1821 Cap.
1044 1758 1086 1808 xl.
1106 1755 1233 1822 prepi-12.
1269 1757 1299 1808 In
1318 1757 1441 1820 Tychonis
1462 1758 1574 1808 Historia
1596 1757 1658 1806 Cne-

302 1825 358 1877 lesti
380 1832 450 1876 extat
468 1826 598 1889 descriptio
616 1826 689 1889 hujus
711 1827 808 1890 eclipsis
830 1828 974 1878 observatae
992 1829 1188 1894 Wandesburgi,
1207 1827 1264 1884 tolio
1283 1825 1344 1876 8²³.
1515 1883 1517 1886 ¹

390 1895 460 1946 Inest
484 1897 528 1947 llla
555 1897 685 1960 descriptio
710 1898 788 1948 literis
810 1897 842 1948 ad
857 1899 1015 1950 Maestlinum
1034 1900 1099 1950 datis
1127 1900 1166 1948 die
1192 1897 1234 1948 21.
1255 1901 1334 1963 Aug„
1353 1913 1455 1963 quarum
1478 1903 1574 1962 partem
1594 1899 1660 1961 prio·
1723 1955 1724 1964 ἶ

302 1981 354 2018 rem
375 1967 432 2017 Vol.
445 1967 465 2018 1.
483 1983 506 2031 p.
521 1964 555 2016 89
574 1969 752 2031 praemisimus.
791 1968 852 2019 Cum
875 1972 979 2034 incipiat
1000 1971 1080 2020 serbis
1106 1969 1239 2028 „hesterno
1256 1971 1329 2026 die'‘,
1358 1969 1455 2034 eclipsis
1473 1977 1558 2020 autem
1578 1970 1658 2018 sonti·
1723 1991 1724 2006 n

301 2039 366 2104 gerit
385 2039 425 2088 die
446 2035 502 2100 tt,
528 2039 700 2088 assumendum
726 2045 776 2096 est.
803 2041 939 2104 complures
957 2041 1009 2090 dies
1031 2041 1166 2105 Keplernm
1186 2043 1212 2090 in
1239 2040 1367 2092 scribendo
1385 2043 1562 2098 consumatae,
1585 2055 1657 2104 prae·
1723 2063 1724 2076 n

301 2110 387 2160 sertim
410 2110 469 2199 εείε
487 2109 633 2173 copiosiores
654 2112 705 2159 sint
723 2108 882 2176 (paginarum
902 2110 934 2160 13
953 2114 979 2161 in
997 2113 1076 2162 iorma
1093 2107 1220 2173 maxima).
1246 2111 1318 2162 Haec
1338 2127 1396 2178 ergo
1414 2111 1582 2176 Keplerus:
1723 2179 1724 2184 Ἰ

390 2197 541 2259 Hesterno
570 2198 618 2259 die
652 2199 708 2260 init
739 2199 861 2280 eclipsis
891 2201 1007 2262 Lunae.
1055 2199 1152 2264 Careo
1182 2207 1282 2262 autem
1310 2200 1339 2260 in
1372 2199 1546 2279 praesentia
1585 2200 1656 2262 urbe

300 2291 423 2366 propter
454 2284 653 2364 suspicionem
681 2288 918 2351 conversationis
945 2288 1140 2370 periculosae.
1188 2287 1356 2351 Grassatur
1383 2306 1488 2367 nempe
1512 2288 1561 2350 hic
1592 2289 1656 2350 inea
1723 2321 1724 2324 κ

300 2373 429 2453 passim,
467 2380 496 2435 et
530 2375 606 2437 forte
634 2395 721 2438 socer
743 2396 826 2438 meus
859 2377 888 2438 in
912 2386 1045 2440 atrocem
1068 2378 1203 2439 morbum
1225 2377 1344 2448 incidit,
1380 2397 1436 2457 quo
1460 2377 1558 2439 inviso
1583 2377 1655 2438 urbe
1723 2383 1724 2394 ¹

301 2460 373 2522 mihi
396 2461 598 2526 interdictum.
632 2465 738 2544 Itaque
762 2474 795 2526 et
816 2465 1022 2528 instrumentis
1045 2485 1149 2542 caree,
1175 2486 1270 2546 neque
1295 2466 1359 2528 heri
1374 2484 1444 2545 spes
1468 2474 1534 2528 erat
1547 2467 1655 2528 Lunae
1723 2465 1724 2542 ἶ

301 2567 470 2611 emersuras
493 2559 616 2631 propter
648 2553 804 2615 continuas
835 2555 954 2634 pluvias
987 2555 1076 2634 bajus
1105 2554 1204 2618 tridui.
1252 2553 1534 2618 Circumscribenda
1562 2553 1655 2634 igitur
1723 2547 1724 2628 i

300 2645 452 2700 momenta
474 2647 639 2720 temporum
664 2642 822 2704 fallacibus
845 2643 1090 2706 circumstantiis.
1123 2644 1167 2706 Ut
1188 2643 1315 2723 primum
1330 2643 1391 2706 vidi
1414 2643 1541 2714 Lunam,
1567 2644 1652 2706 anili·
1723 2643 1724 2702 ἶ

300 2725 401 2788 ciebat
423 2727 520 2790 adhuc
544 2730 595 2791 lux
610 2731 775 2810 crepusculi
799 2731 921 2794 lectioni
944 2731 973 2794 in
998 2731 1091 2807 libris,
1116 2732 1169 2794 sed
1180 2731 1307 2812 jamjam
1322 2751 1520 2806 evanescens,
1543 2751 1653 2812 quam·
1684 2791 1691 2802 ,
1723 2723 1724 2798 ζ

299 2813 346 2876 vis
379 2835 465 2877 mons
498 2817 620 2880 occiduo
650 2818 714 2880 Soli
745 2819 882 2899 objectus
916 2828 1048 2883 maturet
1078 2821 1126 2883 hic
1159 2820 1310 2883 tenebras.
1357 2821 1427 2883 Jam
1459 2829 1562 2883 antem
1595 2839 1651 2882 non
1723 2831 1724 2898 i

298 2902 447 2965 Arcturus
476 2911 592 2968 tantum
616 2916 649 2968 et
671 2907 802 2983 fidicula,
837 2909 890 2970 sed
923 2911 1084 2990 pleraeque
1116 2910 1222 2972 stallae
1255 2927 1345 2988 super
1367 2908 1510 2972 verticem
1534 2910 1652 2989 quoties

299 2990 394 3053 nubes
418 2991 629 3057 dilabebantur
653 2997 848 3074 apparebant.
894 2999 929 3058 ln
953 2996 1025 3058 urbe
1050 2997 1151 3058 sonuit
1173 2998 1324 3060 dimidiam
1347 3005 1496 3060 octavam.
1533 2996 1579 3059 Et
1601 3005 1651 3058 ta·
1723 3007 1724 3018 *

298 3097 365 3139 men
389 3079 520 3158 euspicio
545 3089 601 3156 eat,
627 3083 713 3143 nimis
737 3085 824 3145 tarde
854 3085 998 3147 sonuisse.
1044 3084 1121 3148 Erat
1149 3087 1223 3148 mira
1246 3087 1350 3150 Lunae
1379 3087 1488 3164 iacies,
1514 3086 1592 3148 adeo
1620 3093 1652 3146 nt

298 3166 465 3240 crederem,
499 3167 582 3230 illam
605 3170 669 3248 jam
692 3170 814 3232 dimidio
838 3191 961 3251 corpore
986 3174 1145 3236 emersisse
1173 3195 1289 3238 rursum
1312 3194 1328 3237 e
1353 3175 1494 3239 tenebris.
1540 3177 1650 3256 Appa-
1723 3211 1724 3214 =

297 3252 357 3314 rnit
380 3253 458 3314 enim
481 3255 606 3319 dimidia
629 3259 691 3319 iere
714 3275 784 3338 pars
809 3260 874 3339 ejus
898 3261 1074 3338 rubicunda,
1110 3283 1167 3343 que
1194 3264 1301 3327 rubore
1336 3263 1424 3326 facile
1453 3263 1650 3326 internubes
1723 3271 1724 3322 ἱ

297 3341 527 3420 agnoscebatur.
563 3345 767 3408 Veruntamen
790 3347 869 3410 inter
892 3349 1028 3412 ruborem
1048 3359 1079 3412 et
1093 3352 1235 3416 tenebras
1250 3354 1348 3415 nullus
1364 3353 1526 3416 communis
1550 3352 1648 3423 limes,
1723 3339 1724 3406 Ῑ

296 3429 350 3490 sed
378 3431 536 3494 continuus
560 3433 598 3495 ab
627 3453 680 3496 ora
707 3436 867 3498 tenebrosa
896 3433 986 3519 (quae
1014 3441 1135 3519 penitus
1159 3443 1363 3522 disparuerat)
1396 3442 1425 3502 in
1455 3441 1649 3504 rubicundam
1723 3431 1724 3496 ζ

296 3517 345 3578 vel
369 3520 418 3589 (ut
441 3519 599 3600 opinabar)
624 3523 752 3586 lucidam
775 3543 859 3588 oram
883 3527 1052 3606 oppositam
1076 3529 1233 3608 trajectus.
1279 3530 1346 3592 Hoc
1370 3531 1445 3592 adeo
1468 3531 1575 3592 mirum
1602 3547 1647 3590 me
1723 3511 1724 3580 ἶ

693 3612 815 3689 habuit,
841 3633 938 3694 quum,
964 3618 1047 3678 ecce!
1073 3619 1239 3698 quadrante
1264 3628 1334 3680 ante
1354 3627 1492 3680 octavam
1509 3618 1646 3692 (bornlo-
1723 3637 1724 3688 l

418 3719 471 3786 rig.
493 3717 533 3771 ιε,
694 3702 736 3780 gii
750 3702 860 3778 urbici)
874 3703 961 3766 Luna
975 3704 1104 3769 habente
1128 3707 1316 3770 altitudinem
1340 3708 1459 3769 circiter
1485 3703 1552 3781 10⁰,
1578 3705 1646 3768 talis
1723 3709 1724 3770 l

694 3791 759 3870 ejus
782 3791 860 3854 situs
883 3791 1035 3874 faciesque
1059 3798 1206 3876 apparuit.
1244 3796 1300 3858 DE
1324 3795 1445 3859 horinon
1469 3796 1594 3869 ortivns,
1618 3796 1647 3854 A

460 3932 467 3960 ,Δ
536 3925 569 3970 aa
692 3898 782 3941 comn
801 3880 905 3942 Lunae
929 3883 1067 3960 lucidum,
1092 3885 1168 3947 adeo
1192 3893 1225 3946 ut
1248 3905 1318 3966 pare
1342 3885 1507 3947 rubicunda
1528 3883 1555 3946 B
1573 3902 1645 3946 eva·
1723 3899 1724 3970 ᾖ

467 3971 517 4025 ”ir
690 3977 842 4044 nesceret,
876 3968 994 4050 Opere
1018 3973 1146 4036 obscura
1169 3981 1201 4034 et
1223 3973 1341 4036 minime
1365 3991 1525 4054 apparens.
1571 3971 1647 4034 Erat
1723 3977 1724 4050 ζ

690 4056 721 4117 A
745 4057 805 4118 iere
828 4058 974 4122 horizonti
1008 4061 1180 4137 obversum,
1213 4063 1239 4124 B
1267 4081 1338 4125 vero
1362 4071 1394 4126 et
1417 4070 1508 4126 antea
1531 4061 1645 4140 etjam
1723 4063 1724 4142 ᾗ

689 4144 833 4208 flectebat
855 4166 888 4208 se
912 4150 1074 4213 secundum
1095 4151 1175 4214 viam
1198 4152 1324 4214 zodiaci.
1371 4151 1420 4213 Ex
1443 4169 1478 4214 eo
1498 4147 1645 4231 disparuit
1723 4155 1724 4226 j

312 4235 647 4322 L--m‘j
688 4234 743 4295 sub
768 4233 861 4298 nubes
885 4235 966 4312 iens,
991 4239 1066 4302 hora
1088 4259 1167 4302 nona
1185 4241 1392 4319 jamsnnante
1411 4241 1535 4303 emersit
1558 4236 1643 4301 simul

689 4339 726 4382 ex
753 4323 880 4386 nubibus
905 4334 936 4387 et
965 4328 1071 4391 umbra
1103 4328 1319 4412 videbaturque
1342 4337 1426 4405 tota,
1460 4329 1515 4392 sed
1543 4335 1642 4392 tamen
1723 4325 1724 4350 ³

691 4411 788 4472 medio
826 4412 891 4476 loco
928 4413 1007 4477 inter
1043 4417 1181 4480 dextram
1219 4427 1250 4482 et
1290 4420 1447 4493 verticem,
1492 4418 1579 4498 qnasi
1614 4415 1640 4475 in
1723 4435 1724 4498 f

289 4481 364 4562 45⁰,
399 4490 450 4554 nbi
483 4493 582 4558 desiit.
629 4497 758 4577 Propter
779 4501 924 4579 pallorem
947 4505 1076 4568 nondum
1099 4507 1264 4588 spargebat
1290 4508 1320 4571 in
1348 4507 1442 4570 oculis
1470 4506 1545 4570 meis
1578 4506 1640 4567 lac·
1723 4561 1724 4582 2

290 4582 370 4637 teum
404 4578 486 4644 illum
515 4583 647 4647 alborem
681 4594 713 4649 et
743 4588 977 4668 geminationem
1012 4595 1229 4675 quodammodo
1262 4597 1324 4674 sui,
1357 4603 1391 4658 ut
1423 4593 1500 4658 alias
1531 4593 1639 4657 evenit.
1723 4617 1724 4668 i

171 4749 179 4762 .
289 4662 454 4731 Praeterit
476 4669 577 4752 itaque
606 4675 752 4738 calculum
780 4677 820 4740 ad
853 4679 1005 4744 minimum
1027 4685 1193 4748 semihora:
1227 4685 1281 4747 sed
1313 4685 1476 4748 secundnm
1508 4683 1639 4748 urbicum

276 4749 474 4858 'horologium
504 4759 572 4837 plus
596 4761 715 4844 integra
746 4765 828 4831 bora.
876 4767 1009 4852 Cumque
1026 4771 1062 4850 ¹in
1086 4779 1268 4842 aseendente
1290 4775 1454 4839 medietate
1477 4773 1551 4840 Sela
1573 4769 1637 4837 cxi·
