3684 5518
331 265 396 340 me
786 223 992 340 ,eudaemona
1009 273 1035 322 ra
1053 268 1219 323 marronam.

331 450 472 514 exterior.
513 451 588 515 Gmn
612 458 712 513 autem
734 448 797 522 OB,
816 446 873 510 ΒΚ
892 447 956 528 jam
981 447 1126 511 desierint
1147 467 1323 510 concurrere
1343 450 1373 511 in
1397 450 1466 512 illas
1488 455 1593 530 partes
1616 464 1680 510 oum

329 537 425 616 Fau,
451 541 544 602 multo
567 539 664 600 minus
687 537 779 616 igitur
803 535 844 599 10
869 535 984 598 duabus
1009 537 1238 599 retractionibus
1263 537 1353 599 iactis
1376 545 1542 600 concurret.

419 625 665 690 Demonstretum
685 625 776 704 igitur
797 633 852 698 est,
879 625 989 685 nullam
1014 625 1211 687 radiationem
1226 624 1294 686 abl
1317 628 1483 705 proiectam
1506 641 1682 688 concurrere

330 735 396 778 oum
411 715 495 776 IAD.
519 715 580 776 Sed
595 732 689 792 neque
705 711 743 772 ab
759 712 819 772 ullo
834 721 944 790 puncto
959 714 1003 773 cis
1019 713 1033 773 Ι
1048 731 1226 774 concurrens
1241 712 1369 775 radiatio
1384 714 1598 794 proficiscetur.
1624 721 1682 791 (cta

330 821 360 868 et
380 813 585 869 ultrarocnlae
608 811 759 881 respiciunt
778 805 913 879 globum.)
950 799 1079 861 Rursum
1104 801 1190 874 enim,
1215 819 1291 882 quae
1315 810 1363 863 est
1386 803 1510 864 interior
1533 821 1621 882 quam
1638 799 1681 863 10

332 905 385 952 aot
408 907 600 970 quaecunque
625 907 663 948 ex
686 889 709 958 Ι,
733 888 867 947 sectione
890 889 919 949 in
944 885 969 949 O
994 889 1077 949 iacta
1106 889 1197 950 latius
1225 889 1403 968 evagabitur
1431 907 1519 970 qnam
1542 887 1593 953 10.
1639 887 1683 950 Et

330 999 396 1040 corn
420 979 494 1039 haec
519 995 577 1038 non
602 984 770 1048 concurrat,
795 976 889 1035 molto
913 975 1009 1036 minus
1033 976 1086 1038 illa
1109 985 1273 1038 concurret.

418 1063 561 1126 Sumatur
580 1065 646 1143 jam
669 1073 813 1142 punctum
837 1064 1030 1144 quodcunque
1054 1063 1146 1126 altius
1170 1083 1257 1145 quam
1277 1073 1325 1125 est
1344 1065 1367 1125 l.
1406 1062 1513 1145 Sitque
1528 1063 1566 1127 0.
1604 1063 1682 1126 Dico

329 1153 445 1233 aliquas
469 1151 588 1213 omnino
613 1150 796 1214 radiationes
817 1150 896 1211 exO
921 1169 1097 1212 concurrere
1115 1171 1181 1214 cum
1201 1171 1268 1213 ane.
1306 1151 1437 1213 Rursum
1458 1153 1535 1214 enim
1555 1154 1682 1214 ducatur

330 1239 514 1302 OH'radius
538 1241 567 1300 in
591 1239 621 1299 H
652 1246 811 1318 puuctum,
846 1240 924 1317 quod
958 1239 1101 1300 terminat
1133 1259 1308 1301 concursum
1341 1240 1519 1301 radiationis
1543 1259 1581 1302 ex
1603 1258 1681 1320 quo-

329 1347 442 1407 cunqne
464 1335 576 1408 puncto
599 1347 633 1388 se
657 1325 799 1388 citeriori.
845 1326 928 1404 Ergo
951 1327 980 1387 in
1006 1328 1034 1387 H
1061 1329 1095 1388 fit
1123 1329 1307 1390 intersectio.
1356 1327 1488 1407 Cumque
1513 1327 1617 1390 IHGL
1640 1327 1682 1388 sit

328 1415 474 1478 terminus
507 1433 669 1478 concursus
697 1433 735 1474 ex
762 1415 790 1488 Ι,
825 1422 857 1475 ει
881 1414 938 1476 GL
969 1415 1131 1495 parallelos
1164 1417 1202 1476 ad
1231 1417 1304 1490 AD,
1335 1415 1393 1476 ΟΙΙ
1425 1417 1549 1478 interior
1581 1416 1681 1477 factus

328 1503 519 1566 inclinabitur
542 1503 669 1578 omnino,
695 1521 786 1582 qnare
808 1513 975 1566 concurret.
1022 1504 1057 1564 ld
1080 1505 1132 1565 fiet
1156 1505 1292 1566 omuibus
1316 1502 1396 1565 exO
1420 1504 1639 1566 radiationibus
1662 1525 1680 1563 a

330 1591 522 1670 contingente
554 1591 713 1669 sphaeram
745 1609 838 1671 usqne
871 1591 909 1651 ad
944 1611 1010 1653 earn
1041 1591 1258 1668 radiatiouem,
1293 1611 1368 1673 quae
1399 1589 1487 1654 exO
1518 1592 1682 1654 secundum

329 1680 413 1758 leges
437 1677 621 1758 praemissae
649 1676 698 1742 10.
723 1677 850 1739 docitur.
898 1677 983 1750 Quae
1008 1698 1078 1740 vero
1107 1682 1193 1742 exF
1221 1688 1332 1759 puncto
1368 1681 1479 1742 cadunt
1510 1682 1591 1743 intra
1613 1677 1681 1754 CN,

327 1787 386 1828 non
410 1775 590 1828 concurmnt
611 1774 682 1846 post
705 1766 835 1844 globum.
874 1765 935 1828 Seu
960 1768 1038 1848 qood
1061 1767 1140 1830 idem
1160 1777 1217 1840 est,
1239 1761 1322 1831 nulla
1344 1768 1507 1847 parallelos
1530 1767 1680 1830 interKB

329 1864 361 1918 ει
383 1854 442 1916 DA
466 1873 642 1916 concurrere
674 1862 778 1933 potest
800 1853 843 1915 cis
866 1855 893 1916 F
914 1875 981 1917 cum
1004 1857 1070 1918 AF.
1117 1857 1196 1918 Hinc
1220 1865 1362 1937 apparet,
1397 1874 1454 1916 non
1479 1857 1681 1918 universalem

328 1963 395 2005 esse
418 1941 457 2016 X,
483 1939 535 2004 43.
559 1941 745 2003 Vitellianis.
792 1940 881 2012 Quod
906 1945 1023 2022 quidem
1047 1963 1104 2004 nou
1138 1943 1306 2006 dissimulat
1329 1945 1373 2007 sic
1396 1944 1596 2005 concludens:
1626 1954 1681 2010 sad

330 2047 361 2096 et
380 2041 409 2096 in
428 2041 471 2095 his
492 2041 581 2095 multa
602 2047 646 2095 est
665 2041 826 2105 diversitas,
853 2058 934 2112 quarn
957 2043 1135 2113 relinquimus
1162 2043 1252 2096 studio
1277 2043 1469 2114 perquirentis.
1519 2032 1682 2110 Languent

328 2137 400 2180 vero
422 2129 494 2198 post
517 2127 600 2179 tuam
624 2126 766 2193 aetatem,
792 2119 926 2195 Vitellio,
951 2121 1026 2181 haec
1050 2122 1164 2195 studia,
1190 2129 1222 2182 et
1245 2121 1306 2182 fere
1331 2122 1443 2182 frustra
1466 2128 1584 2199 tempus
1607 2139 1680 2200 per-

328 2205 416 2280 dunt,
447 2206 496 2286 qui
526 2206 601 2266 haec
634 2205 767 2267 excitare
801 2215 955 2268 conantur.
1002 2209 1107 2270 Metuo
1131 2227 1274 2288 namque,
1298 2215 1333 2270 nt
1355 2215 1387 2270 tu
1411 2209 1544 2288 adeoque
1568 2217 1600 2270 et
1623 2227 1680 2288 ego

327 2311 405 2356 nunc
426 2294 494 2373 plus
518 2303 679 2372 operaest
702 2295 846 2374 temporis
868 2295 1093 2358 insumserimns
1111 2296 1141 2358 in
1165 2297 1337 2371 exarandis,
1362 2297 1520 2376 gignendis
1539 2307 1571 2357 et
1588 2297 1679 2376 plane

328 2380 499 2461 sculpendis
523 2379 606 2442 hisce
628 2380 893 2460 propositionibus,
918 2401 1006 2464 qoam
1030 2385 1160 2446 universi
1176 2385 1205 2446 iu
1230 2385 1365 2464 legendis
1388 2383 1545 2446 insumturi
1561 2382 1678 2457 sint.*)

416 2541 442 2613 Ἰ)
462 2547 673 2618 Perspiouitatis
694 2565 780 2603 cause
793 2567 892 2620 ponam
908 2554 942 2605 ob
964 2553 1056 2606 oculos
1072 2553 1163 2607 omnia
1183 2553 1265 2622 hujus
1287 2555 1392 2626 negotii
1406 2555 1529 2608 membra
1543 2553 1678 2625 (quamvis

326 2627 479 2698 propositio
500 2634 609 2682 tantum
630 2631 663 2682 de
684 2629 822 2698 aliquibus
845 2631 992 2701 loquatur:
1024 2649 1141 2702 sequena
1162 2651 1227 2687 reno
1251 2633 1295 2690 lli.
1317 2637 1350 2689 de
1375 2632 1513 2698 residuo),
1543 2636 1623 2705 idque
1645 2652 1678 2688 eo

326 2705 426 2777 magii,
448 2708 519 2776 quod
540 2708 738 2762 demonstratio
760 2709 822 2778 ipsa
842 2710 927 2766 etism
948 2711 1057 2781 longius
1079 2721 1227 2782 evagatur.

416 2784 487 2840 Sunt
506 2787 560 2838 duo
580 2795 685 2856 puncta
705 2789 733 2840 in
753 2805 808 2842 axe
828 2789 880 2842 ΔΝ
904 2789 1081 2854 continuato,
1104 2793 1223 2846 alterum
1243 2795 1268 2856 Ι,
1291 2793 1410 2848 alterum
1434 2795 1519 2864 paulo
1540 2811 1627 2864 supra
1648 2797 1677 2858 F,

327 2880 399 2936 quas
428 2863 603 2934 distinguunt
633 2867 801 2921 radiationes
828 2868 856 2922 iu
881 2869 937 2924 tria
960 2886 1077 2940 genera.
1120 2871 1239 2926 Primum
1266 2881 1310 2924 est
1338 2881 1500 2941 punctorum
1531 2873 1604 2927 inter
1630 2875 1677 2938 lN,

327 2945 474 2997 secundnm
495 2951 657 3012 punctorum
677 2945 751 2999 inter
771 2947 784 3000 Ι
804 2955 834 3000 ει
853 2957 983 3017 punctum
1005 2951 1122 3003 alterum
1144 2952 1268 3020 proxime
1289 2968 1375 3020 supra
1395 2953 1425 3006 F.
1468 2952 1591 3008 Tertium
1612 2953 1676 3007 reli·

328 3037 442 3092 quorum
464 3029 624 3090 punctomm
647 3025 764 3077 omniurn
785 3042 870 3095 supra
889 3027 956 3080 illud
977 3035 1109 3097 punctum
1130 3031 1164 3082 ad
1185 3031 1207 3083 F
1226 3049 1277 3101 ρει·
1297 3030 1429 3084 infinitam
1451 3031 1562 3086 lineam.

414 3099 498 3154 Primi
519 3107 548 3153 et
573 3103 649 3156 tertii
677 3105 832 3157 contrariae
860 3113 925 3159 aunt
951 3107 1083 3162 rationes.
1124 3109 1195 3163 Nam
1221 3111 1390 3164 radiationes
1412 3129 1446 3164 ex
1469 3111 1544 3164 linea
1565 3112 1603 3165 lN
1623 3131 1677 3166 nou

326 3184 435 3232 tantum
449 3195 503 3232 non
524 3186 689 3234 concurrunt
703 3197 762 3234 cum
777 3185 838 3247 Al),
860 3187 906 3237 aed
923 3185 1007 3239 etiam
1028 3186 1218 3258 digrediuntur
1232 3191 1267 3243 ab
1282 3207 1317 3242 ea
1331 3207 1430 3255 omnes,
1453 3191 1532 3244 nulla
1545 3199 1675 3262 excepta.

326 3259 367 3310 At
385 3256 554 3310 radiationes
575 3275 660 3328 sopra
680 3259 788 3330 signum
810 3265 843 3315 ad
865 3265 887 3316 F
907 3264 934 3317 iu
960 3265 1094 3320 infinitum
1119 3277 1284 3322 concurrunt
1304 3285 1396 3322 omnes
1424 3268 1514 3336 (nulla
1540 3266 1676 3340 excepta)

326 3350 386 3388 cum
407 3351 462 3388 axe
483 3337 545 3390 ΔΙ).
1524 3361 1532 3378 ·

414 3413 460 3468 lta
481 3413 657 3468 terminorum
676 3414 755 3484 primi
778 3427 807 3471 ει
828 3419 904 3473 tertii
924 3424 1035 3492 generis
1056 3425 1180 3479 rationes
1201 3426 1300 3482 iterum
1321 3435 1386 3481 sunt
1405 3428 1572 3485 contrariae:
1605 3431 1677 3485 Nam

326 3491 496 3548 radiationes
517 3511 554 3546 ex
575 3495 588 3548 Ι
608 3511 662 3549 non
682 3495 770 3548 minua
791 3515 871 3567 quam
892 3517 930 3554 ex
950 3501 1026 3556 linea
1039 3505 1077 3558 IN
1100 3521 1192 3559 omnes
1207 3509 1243 3560 ab
1258 3523 1313 3562 axe
1334 3507 1533 3578 digrediuntur,
1555 3517 1678 3580 excepta

325 3573 409 3642 plane
431 3571 529 3626 ultima
548 3573 588 3626 111
609 3573 637 3626 in
657 3573 786 3629 circulum
808 3577 886 3648 globi
906 3579 1035 3636 minorem
1057 3585 1208 3649 desinente,
1231 3603 1284 3656 quo
1306 3587 1332 3640 in
1353 3587 1455 3640 circulo
1476 3589 1591 3658 globum
1613 3607 1677 3644 con·

329 3651 443 3724 tingunt
462 3650 529 3705 illae
549 3652 728 3708 radiationea.
771 3657 831 3709 Hac
854 3675 971 3729 namque
996 3661 1100 3729 primae
1121 3671 1185 3718 aunt
1205 3682 1241 3718 ex
1263 3667 1301 3720 IN
1321 3671 1352 3719 et
1372 3667 1463 3729 solae,
1490 3684 1561 3738 qnae
1587 3687 1677 3740 neque

327 3729 520 3802 digrediuntur
540 3748 629 3801 neque
658 3743 837 3799 concurrunt,
860 3739 907 3789 sed
928 3740 997 3792 fiunt
1018 3741 1066 3793 axi
1085 3743 1138 3796 AD
1159 3744 1333 3812 parallelae,
1356 3752 1388 3800 ut
1408 3745 1457 3799 GL
1477 3765 1515 3801 ex
1535 3749 1548 3802 l
1568 3749 1675 3804 exiens.

413 3813 453 3863 nt
473 3809 642 3864 radiationes
664 3830 700 3864 ex
721 3813 801 3884 signo
823 3818 857 3868 ad
879 3817 901 3869 F
921 3833 1013 3871 omnes
1036 3829 1200 3876 concurrunt
1221 3841 1280 3878 cum
1301 3841 1364 3888 axe,
1386 3842 1473 3896 usque
1496 3829 1531 3881 ad
1552 3827 1677 3884 intimam

325 3889 381 3951 FN,
403 3903 474 3958 quae
495 3889 622 3944 coincidit
642 3908 796 3972 oumvaxe:
824 3899 893 3964 qnod
922 3896 993 3950 idem
1014 3905 1043 3952 et
1068 3901 1190 3970 reliquae
1217 3921 1309 3956 omnes
1331 3921 1417 3973 supra
1437 3906 1460 3958 F
1480 3905 1599 3971 iaciunt,
1626 3911 1676 3962 sed

324 3968 394 4022 haec
414 3969 504 4038 prima
524 3987 562 4023 ex
582 3969 637 4024 illis
659 3979 710 4034 est,
734 3973 812 4042 cujus
833 3975 1001 4028 radiationes
1023 3994 1114 4032 omnes
1136 3990 1301 4036 concurrunt
1322 4001 1381 4036 cum
1404 3999 1467 4038 axe.

412 4047 529 4102 Secundi
550 4066 616 4103 vero
636 4051 747 4120 generis
778 4069 874 4124 nempe
903 4063 1065 4122 punctorum
1093 4057 1165 4113 inter
1185 4061 1220 4113 lF
1249 4063 1370 4116 rationes
1396 4073 1461 4118 sunt
1487 4065 1674 4118 intermediae.

323 4127 394 4180 Nam
414 4125 583 4182 radiationes
605 4123 696 4198 (verbi
716 4127 823 4200 gratia)
845 4135 939 4202 puncti
962 4136 997 4197 0,
1021 4152 1091 4205 quae
1115 4146 1181 4192 aunt
1199 4141 1305 4194 ticinae
1327 4143 1375 4195 axi
1397 4143 1461 4207 OA,
1483 4145 1676 4215 digrediuntur

323 4207 360 4259 ab
387 4220 442 4258 axe
472 4222 559 4276 usque
589 4209 625 4260 ad
654 4217 785 4277 punctum
815 4213 925 4282 aliquod
956 4215 1126 4282 superficiei,
1157 4217 1184 4272 in
1211 4235 1264 4289 quo
1293 4222 1371 4292 leges
1401 4223 1597 4293 propositionis
1628 4227 1674 4280 lo.

323 4282 524 4354 exprimuntur.
567 4285 638 4342 Nam
666 4287 694 4339 in
721 4305 754 4340 eo
784 4299 886 4358 puncto
916 4309 965 4346 aen
995 4293 1086 4362 potius
1117 4296 1218 4350 circulo
1249 4299 1387 4368 sphaerae
1415 4301 1489 4356 circa
1516 4303 1540 4356 N
1570 4305 1673 4374 polum,

322 4362 492 4418 radiationes
513 4365 583 4416 liunt
602 4367 758 4433 parallelae
779 4368 835 4421 axi.
877 4372 916 4426 Et
936 4371 971 4424 ab
995 4390 1028 4425 eo
1048 4383 1152 4442 puncto
1184 4393 1269 4447 usquo
1292 4381 1389 4444 adid,
1421 4381 1449 4433 in
1469 4399 1523 4452 quo
1552 4384 1675 4452 sphaera

323 4442 493 4513 contingitur
521 4458 538 4495 a
565 4445 704 4512 punctio
734 4446 901 4511 radiatione,
928 4466 1020 4504 omnes
1041 4453 1208 4508 radiationes
1239 4457 1403 4526 interjectae
1433 4479 1470 4514 ex
1492 4463 1515 4514 0
1541 4479 1673 4532 egressae

323 4528 488 4575 concurr-emt
508 4537 567 4574 cerm
588 4539 651 4578 axe.
684 4524 782 4594 ltaque
802 4527 877 4579 latus
899 4529 1007 4596 quidam
1023 4529 1049 4582 in
1071 4533 1156 4602 globo
1178 4535 1275 4589 limbus
1291 4554 1340 4591 seu
1362 4555 1433 4592 zona
1453 4547 1497 4593 εει
1518 4543 1675 4613 aequaliter

322 4599 373 4652 axi
392 4599 579 4670 circumiecta,
611 4603 639 4654 in
660 4603 738 4668 ouius
760 4611 863 4671 puncta
892 4605 1042 4660 incidentes
1069 4629 1105 4664 ex
1128 4613 1150 4666 Ο
1171 4615 1340 4669 radiationes
1372 4635 1463 4671 omnes
1490 4629 1671 4676 concurrunt:

322 4675 397 4730 intra
418 4678 494 4732 illum
525 4678 636 4734 limbum
667 4681 823 4750 superficies
846 4691 891 4736 εει
920 4683 1008 4737 instar
1038 4689 1132 4756 pileoli
1155 4700 1206 4745 aot
1237 4710 1323 4747 zonae
1354 4695 1472 4766 frigidae
1501 4715 1550 4753 seu
1580 4707 1673 4756 terrae

321 4753 426 4823 polaris
446 4757 475 4811 in
495 4755 616 4826 sphaera
634 4761 734 4824 mundi,
756 4761 835 4829 enjus
855 4770 1018 4832 punctorum
1038 4767 1207 4823 radiationea
1229 4789 1283 4826 non
1304 4782 1478 4832 concurrunt.
