3684 5518
295 196 364 264 ²00
770 201 960 268 Paralipomena
976 206 1002 254 lu
1021 202 1189 254 Vitelliansnr.
1235 191 1241 202 ’

302 375 469 518 {W

301 475 459 590 'leiwid
493 493 701 614 igzfflggffi
761 539 934 590 obsecrantes.
975 539 1220 633 stratirarehactioq
1263 573 1422 638 investium.

300 611 381 661 ¹³¹⁸d¹⁰
403 623 481 702 mh·
545 643 581 682 cr.
619 642 714 702 ru„
792 641 828 680 or.
868 643 896 683 rr.
1022 647 1078 707 nce.
1117 645 1145 684 rr.
1217 636 1220 696 t

477 421 539 472 Pus
562 391 722 471 retractionisl
966 393 971 450 l
1216 389 1220 472 l
1270 429 1409 480 Vitellianis
1464 396 1466 398 Ι

742 466 970 520 Addimntum'
1001 471 1066 518 Tm
1084 468 1184 518 ‘Imm'
1218 492 1220 545 ᾖ
1264 503 1418 564 experientia
1484 499 1643 550 Differentia.

983 701 1016 706 -
1051 691 1661 707 -ι--υ-...Ἥ-...η--ι-ι

368 707 474 782 ror'
549 711 720 795 aas!
797 729 971 797 ur..
1065 771 1071 784 .

368 801 402 852 ao
548 799 720 850 ara·
797 800 971 853 uro.¹
1065 839 1159 854 ..

368 870 402 922 ao
472 914 474 931 ‚
547 833 721 942 aru!
796 863 971 941 uae?
1066 911 1159 923 ..

366 941 402 993 eo
549 940 574 992 e.
619 940 661 992 ee.
719 974 721 986 .
776 945 822 991 =r.
868 943 911 994 re.

287 1077 290 1084 ,
369 1011 420 1062 so*
532 1011 574 1064 ra.
638 1011 662 1064 r.
719 989 722 1075 l
800 1012 823 1061 2.
869 1014 911 1064 ra.

370 1082 403 1133 eo
472 1083 475 1146 l
533 1082 575 1134 rr.
620 1082 663 1134 ae.
719 1080 722 1130 r
799 1083 824 1134 e.
869 1084 911 1136 ro.

369 1153 404 1204 ro
473 1162 475 1173 =
534 1152 574 1203 re.
620 1153 662 1203 52.
720 1158 723 1165 >
798 1155 823 1204 r.
871 1155 912 1206 re.

369 1221 405 1275 ao
473 1203 476 1299 l
534 1224 575 1274 re.
621 1224 663 1274 rr.
719 1213 722 1239 ¹
783 1224 825 1274 ro.
870 1226 912 1277 re.

370 1295 405 1347 eo
474 1314 477 1358 ς
534 1296 576 1346 ar.
621 1295 662 1346 re.
720 1292 723 1348 ε
785 1295 823 1345 rr.
869 1297 911 1346 rr.

1563 1013 1579 1202 ——te—
1562 728 1578 919 ——ffl—

1580 729 1606 1272 ῬΞΟΞθΞ-ΞΨῬΞΩΓ·

1498 729 1526 1274 ,Θρεεφτορφρ

1626 967 1661 1214 ÷÷÷1

393 1441 499 1520 Neque
524 1449 553 1500 te
578 1450 699 1501 moreat
724 1441 844 1502 tantilla
868 1442 1082 1523 discrepantia,
1108 1442 1213 1504 credas
1238 1441 1319 1512 mihi,
1343 1439 1420 1500 intra
1444 1447 1563 1502 tantam
1587 1439 1660 1500 sub-

306 1531 449 1591 tilitatem
474 1527 691 1607 experientiam
714 1527 743 1590 in
768 1528 824 1590 hac
853 1531 949 1592 minus
973 1541 1047 1612 apta
1078 1531 1207 1592 materia
1234 1549 1291 1591 nou
1324 1530 1517 1590 descendere.
1566 1528 1663 1589 Vides

306 1617 555 1697 inaequalitatem
579 1617 679 1678 inesse
704 1635 844 1696 magnam
868 1620 1045 1682 differentiis
1077 1637 1206 1681 mearum
1231 1628 1262 1680 et
1286 1617 1526 1680 Vitellianarum.
1573 1617 1662 1678 Meae

306 1726 379 1768 vero
403 1705 601 1768 retractiones
626 1725 663 1766 ex
693 1707 876 1786 aequalitate
901 1719 933 1770 et
957 1710 1059 1771 ordine
1087 1709 1243 1788 protectae
1272 1717 1352 1768 suut.
1398 1706 1480 1786 Ergo
1505 1705 1533 1766 in
1559 1705 1663 1766 Vitel-

307 1794 396 1858 lionis
419 1794 652 1856 retractionibus
676 1795 765 1874 culpa
788 1795 903 1858 haeret.
951 1799 987 1860 ld
1012 1805 1098 1860 tanto
1122 1797 1220 1877 magis
1243 1797 1358 1867 credes,
1382 1795 1407 1856 si
1432 1797 1471 1855 ad
1495 1795 1663 1855 incremen-

309 1894 409 1945 torum
432 1883 615 1944 incrementa
638 1882 666 1944 in
691 1883 856 1949 Vitelliune
880 1889 1058 1967 respexeris.
1097 1885 1233 1965 Surgunt
1255 1886 1332 1946 enirn
1355 1903 1410 1964 per
1433 1882 1494 1948 30¹.
1541 1881 1665 1959 Certum

309 1973 401 2048 igitur
435 1981 501 2043 est,
535 1971 729 2034 Vitellionern
764 1973 826 2035 suis
859 1975 897 2036 ab
936 1976 1122 2056 experientia
1153 1973 1252 2053 captis
1284 1973 1516 2035 retractionibus
1546 1991 1665 2033 manum

309 2061 493 2134 admovisse,
518 2069 552 2120 nt
576 2060 605 2121 in
629 2060 765 2122 ordinem
789 2061 857 2124 illas
880 2083 934 2143 per
958 2065 1153 2126 secundorum
1177 2064 1425 2126 incrementorum
1449 2061 1664 2141 aequalitatem

309 2149 470 2228 redigeret.
526 2146 612 2218 Quae
657 2149 735 2210 enim
773 2169 812 2211 ex
850 2152 960 2214 circulo
1003 2154 1197 2215 desumuntur
1231 2159 1333 2214 rectae
1372 2159 1426 2212 ant
1468 2149 1665 2230 qualicunque

309 2235 447 2300 circulari
474 2244 601 2310 natura,
635 2239 732 2317 qualis
761 2247 809 2301 est
841 2242 1072 2314 retractionnm,
1107 2259 1208 2302 earum
1241 2241 1426 2302 incrementa
1453 2239 1482 2300 in
1514 2238 1660 2300 inlinitum

310 2324 474 2396 variantur,
499 2343 647 2406 nunqnaur
672 2328 810 2407 aequalia
834 2331 916 2392 finnt.
1215 2403 1217 2411 Α

398 2414 614 2494 Propositio
647 2415 704 2477 lX.
760 2417 921 2480 Problerna
952 2421 990 2481 Il.
1048 2419 1160 2479 Datis
1195 2418 1335 2479 duabus
1373 2415 1665 2478 retractionibus

310 2505 471 2567 siderum
496 2522 538 2564 ex
562 2511 645 2564 aere
675 2504 767 2570 ortis
792 2506 825 2568 in
845 2517 955 2570 certa
982 2525 1091 2586 snper
1115 2507 1267 2569 Terram
1297 2505 1514 2580 altitudine,
1544 2504 1667 2583 inqui-

310 2614 388 2656 rere
414 2593 702 2656 inclinationum
731 2603 938 2659 ceterarum
961 2595 1220 2659 retractiones.
1261 2601 1357 2674 (comp.
1377 2602 1436 2653 Not.
1456 2598 1563 2667 piso.)
1600 2593 1667 2654 Ne-

310 2684 423 2763 gotium
456 2681 557 2744 multis
581 2692 630 2744 est
657 2683 821 2746 involutum
853 2686 1115 2765 perplexitatibus.
1162 2684 1211 2748 Sit
1234 2686 1263 2746 A
1288 2691 1421 2746 centrum
1450 2683 1532 2744 orbis
1556 2682 1667 2742 Terrae

266 2766 271 2772 ’
476 2788 528 2852 rig.
550 2785 593 2837 tt.
765 2773 827 2835 BC.
849 2775 985 2855 idemque
1017 2783 1153 2838 centrum
1185 2767 1333 2853 sphaerae
1362 2773 1442 2835 aeris
1466 2771 1530 2832 DE.
1579 2767 1668 2840 Quod

765 2863 790 2924 si
814 2873 877 2925 tarn
900 2862 954 2926 BG
979 2881 1067 2943 qnam
1090 2861 1147 2923 DE
1175 2861 1347 2942 superficies
1372 2868 1477 2922 essent
1503 2859 1614 2939 planae
1638 2867 1670 2920 et

501 3009 513 3026 x
763 2953 929 3031 parallelae
960 2953 1032 3013 dato
1063 2952 1172 3028 angulo
1201 2950 1284 3012 Ι)ΒΕ
1318 2960 1350 3010 et
1380 2951 1455 3012 data
1486 2949 1669 3010 retractione

485 3041 503 3066 ''
520 3031 534 3052 “
584 3035 720 3120 ,gn-9¹-
765 3042 844 3119 apud
869 3041 951 3102 illum
976 3042 1116 3119 angulum
1141 3040 1170 3100 in
1195 3039 1351 3119 superficie
1375 3040 1501 3112 Terrae,
1527 3036 1670 3118 quaesit

604 3129 731 3257 Ὗ
766 3128 864 3204 GEF,
898 3130 1021 3190 daretur
1049 3128 1140 3190 etiam
1168 3127 1325 3191 inclinatio
1349 3129 1401 3189 EF
1431 3127 1507 3188 radii
1530 3125 1616 3188 liberi
1641 3125 1669 3186 iu

376 3217 379 3226 ’
493 3211 519 3288 f
614 3223 624 3342 ‘q
694 3233 733 3284 dt
766 3219 888 3281 aethere
913 3235 1003 3298 super
1027 3217 1212 3298 superficiem
1238 3217 1326 3278 atris.
1373 3217 1442 3278 Jam
1467 3215 1537 3295 qnia
1560 3212 1613 3277 BC
1639 3223 1670 3274 et

767 3307 822 3367 DE
855 3307 1002 3386 sphaerae
1033 3313 1120 3368 snut:
1155 3304 1312 3384 contingat
1340 3313 1412 3384 ergo
1437 3303 1521 3365 ΒΕΘ
1545 3304 1669 3364 Terram

768 3396 795 3455 in
825 3395 851 3456 B
885 3405 915 3456 et
947 3395 1021 3457 ΙΕΗ
1058 3402 1158 3456 aerem
1191 3397 1220 3456 in
1248 3394 1287 3456 E.
1341 3395 1424 3455 Data
1460 3394 1551 3472 igitur
1586 3391 1670 3452 DBr:

768 3484 960 3546 inclinatione
984 3483 1038 3545 BE
1062 3503 1152 3564 super
1176 3481 1228 3546 BC
1254 3482 1453 3563 superficiem,
1479 3500 1536 3542 uon
1567 3479 1671 3542 statim

769 3573 858 3634 datur
881 3572 929 3633 vel
954 3571 1041 3634 GEH
1064 3573 1112 3634 rel
1136 3573 1220 3634 FEH
1244 3572 1398 3633 inclinatio
1424 3571 1558 3650 ejusdem
1575 3567 1671 3639 GEB,

317 3659 364 3718 rel
395 3656 544 3719 irretracti
567 3658 619 3720 FE
648 3679 738 3738 super
767 3661 953 3739 superficiem
983 3662 1073 3723 atris.
1126 3660 1214 3732 erod
1242 3661 1269 3722 si
1297 3667 1414 3722 tantum
1442 3659 1575 3720 sciretur.
1598 3677 1671 3736 pro-

315 3745 413 3827 portio
437 3747 494 3808 ΑΕ
519 3746 557 3808 ad
580 3745 655 3822 AC,
690 3767 743 3809 sen
773 3749 901 3811 altitudo
935 3752 1035 3813 atriae
1068 3750 1233 3830 superficiei
1256 3746 1327 3821 EC,
1362 3769 1437 3829 qnae
1461 3747 1672 3811 retractionem

317 3837 419 3911 affert,
449 3835 552 3897 statim
577 3843 609 3897 et
636 3837 763 3916 angulus
786 3849 1026 3918 cognosceretur.
1075 3837 1150 3900 Cum
1175 3839 1252 3900 enirn
1280 3837 1335 3898 ΕΒ
1365 3846 1475 3916 tangat
1500 3833 1554 3897 BC
1579 3835 1608 3895 in
1632 3835 1668 3904 Β,

319 3943 395 4006 quae
420 3944 457 3985 ex
482 3925 512 3986 A
536 3933 639 3989 centro
663 3926 694 3987 in
716 3925 741 3986 B
766 3935 937 3989 contactum
962 3928 1086 4003 ducitur,
1111 3929 1168 3990 AB
1192 3927 1447 4006 perpendicularis
1472 3926 1529 3988 erit
1552 3926 1590 3985 ed
1609 3924 1672 3991 ΒΕ,

316 4013 361 4075 sic
385 4019 416 4074 et
439 4013 498 4075 ΑΕ
522 4015 550 4074 in
574 4015 642 4076 ΕΒ.
689 4014 808 4077 Rectus
836 4016 927 4096 igitur
949 4016 1052 4084 ΕΒΑ,
1085 4024 1186 4078 rectus
1215 4027 1246 4076 et
1269 4015 1351 4077 ΙΕΑ.
1399 4015 1440 4077 Et
1462 4013 1564 4086 ΒΕΑ,
1588 4012 1672 4074 ΒΑΕ

315 4101 412 4180 juncti
436 4111 568 4181 aequant
592 4112 714 4173 rectum,
741 4123 811 4183 ergo
835 4105 981 4168 communi
1004 4106 1089 4166 ΒΕΑ
1113 4104 1230 4177 ablato,
1256 4104 1324 4165 ΙΕΒ
1350 4104 1396 4164 uel
1422 4103 1510 4165 GEH
1533 4111 1565 4162 et
1587 4101 1673 4162 ΒΑΕ

317 4198 406 4252 erunt
429 4191 580 4269 aequales.
628 4191 711 4254 Data
735 4212 806 4254 uero
830 4191 883 4254 OE
908 4194 1066 4255 altitudine
1091 4194 1170 4255 atris
1189 4195 1218 4254 in
1233 4193 1433 4271 proportione
1458 4193 1524 4264 BA,
1551 4191 1673 4252 daretur

318 4279 375 4340 ΕΑ
400 4287 431 4340 et
449 4279 506 4340 BA
530 4287 561 4341 et
575 4279 669 4354 ΕΒΑ,
696 4300 788 4361 qnare
814 4283 845 4342 tt
859 4281 943 4342 ΕΑΒ
967 4282 1093 4362 ideoque
1118 4290 1150 4343 et
1165 4278 1253 4344 GEH
1275 4281 1343 4342 hnic
1367 4280 1510 4360 aequalis,
1536 4289 1568 4340 et
1591 4277 1680 4340 GEF.

319 4367 498 4429 retractione
522 4368 657 4442 sublata,
683 4379 814 4432 restaret
836 4369 919 4430 FEH
942 4369 1096 4431 inclinatio
1120 4371 1173 4432 ΕΕ
1204 4369 1353 4431 irretracti
1382 4387 1473 4449 snper
1500 4376 1673 4446 tangentem

318 4455 385 4516 ΕΗ.
434 4455 528 4536 Atqui
551 4457 686 4519 nescitur
708 4458 761 4520 EC
787 4459 916 4519 altitudo
946 4459 1025 4520 aeris
1055 4459 1267 4522 retractionem
1296 4458 1446 4520 facientis.
1493 4458 1571 4519 Nam
1595 4455 1672 4535 qnod

319 4543 410 4622 optici
434 4545 653 4626 demonstrant,
675 4547 863 4608 altitudinem
883 4547 1123 4625 crepusculorum
1142 4548 1287 4610 materiae
1313 4565 1441 4624 aequare
1465 4544 1672 4616 remitteris,

320 4649 377 4690 non
403 4633 507 4696 statim
532 4635 675 4714 sequitur,
700 4636 827 4698 eandem
850 4635 1008 4696 materiam
1032 4655 1113 4711 esse,
1140 4625 1215 4718 quae
1244 4635 1421 4712 crepuscula
1446 4635 1519 4698 tacit
1543 4641 1573 4694 et
1596 4649 1672 4712 qnae
