3718 5528
315 269 382 338 352
807 271 980 334 muneratae
997 267 1060 332 Para
1078 271 1177 338 Optlca.

316 448 398 510 circa
420 447 511 510 etiam
533 453 647 528 puncta
670 453 868 510 extremorum
892 465 1033 512 cornuum
1057 447 1295 512 circumducatur
1314 453 1347 512 et
1360 445 1444 512 ofin
1467 455 1577 528 tangat
1601 448 1675 512 illos

317 537 465 612 circellos,
487 543 592 618 utpote
616 537 725 599 obtusa
747 535 824 598 radii
848 554 976 604 cornua:
1001 555 1125 600 necesse
1140 545 1189 602 est
1202 535 1285 613 Ν,Ο
1309 557 1377 600 esse
1396 538 1452 600 illa
1469 546 1676 602 extremorum

308 645 458 690 cornuum
480 633 599 706 puncta.
645 625 723 692 Nam
747 647 766 687 a
790 625 894 708 quovis
923 633 1034 710 puncto
1063 627 1322 691 circumferentiae
1344 625 1431 690 NLO
1455 645 1547 707 supra
1569 627 1599 688 N
1623 627 1674 688 vel

317 713 344 780 0
370 715 484 796 longior
507 715 715 778 demitteretur
737 713 826 791 linea,
852 722 883 776 et
906 717 944 778 ab
968 715 1037 778 aliis
1061 715 1140 780 infra
1161 716 1201 792 N,
1226 715 1253 778 0
1277 716 1397 780 brevior
1420 735 1509 796 quam
1530 714 1599 792 ΝΟ,
1616 713 1675 778 ΟΕ

318 805 540 867 semidiameter
573 804 724 865 fenestrae
754 802 918 866 foraminis.
967 803 1002 868 Si
1033 823 1104 885 ergo
1127 805 1170 882 N,
1196 803 1224 867 O
1248 811 1319 868 sunt
1348 806 1487 876 acumina
1518 823 1673 878 cornuum,

317 911 388 974 ergo
419 893 459 956 ibi
493 893 620 956 circulus
643 893 748 954 Lunae
778 899 865 955 secat
887 890 1035 956 Solarem.
1081 892 1143 956 Sed
1167 901 1199 956 et
1221 895 1255 956 M
1284 902 1332 957 est
1359 895 1389 956 in
1421 894 1532 958 circulo
1556 894 1675 968 Lunae,

316 991 350 1044 nt
371 983 401 1044 in
425 981 455 1058 9,
480 1001 551 1063 ergo
574 979 667 1045 ΝΜΟ
691 989 739 1046 cst
762 982 867 1044 Lunae
890 981 1030 1058 circulus,
1055 990 1089 1044 et
1109 981 1197 1048 NLO
1221 982 1317 1058 Solia,
1347 1001 1419 1064 ergo
1444 985 1532 1064 justa
1553 982 1675 1064 speeies

406 1160 600 1223 Problema
629 1158 700 1220 XII.
752 1158 804 1219 Ex
836 1158 939 1220 radio
970 1178 1032 1221 seo
1065 1159 1188 1240 specie
1222 1160 1443 1223 deficientis
1475 1159 1577 1224 Solia
1609 1179 1676 1240 per

315 1250 598 1314 instrumentum
621 1247 769 1327 signata
792 1246 962 1309 invenire
984 1248 1260 1328 proportionem
1283 1250 1560 1322 diametrorum,
1584 1268 1672 1315 oen·

316 1349 452 1402 trorum
484 1339 706 1402 distantiam
736 1335 928 1398 visibilem
960 1346 996 1398 et
1026 1337 1280 1418 quantitatem
1310 1339 1492 1402 defectus.
1540 1339 1676 1404 Primum

316 1449 354 1492 ex
376 1428 461 1490 radio
492 1427 662 1489 adulterato
695 1443 783 1487 verus
815 1423 953 1488 eliciatur
981 1443 1035 1506 per
1061 1425 1111 1490 11.
1140 1427 1189 1488 vel
1214 1423 1244 1492 9.
1275 1427 1373 1508 hujus.
1419 1427 1536 1494 Deinde
1564 1428 1619 1493 fiat
1641 1437 1677 1490 nt

315 1516 501 1602 problemate
526 1515 564 1589 73
598 1514 809 1578 continuentur
840 1513 957 1576 scilicet
990 1515 1247 1578 circumferentiae
1277 1535 1367 1580 verae
1398 1517 1512 1596 speciei
1534 1525 1567 1580 et
1589 1535 1676 1580 com-

315 1613 460 1690 parentur
492 1604 631 1668 diametri
663 1603 851 1678 meehanice,
886 1611 974 1664 utet
1005 1613 1175 1667 centrorum
1206 1605 1355 1668 distantia
1377 1614 1409 1668 et
1437 1605 1532 1686 digiti.
1580 1607 1627 1674 Aa
1648 1607 1677 1668 si

316 1715 371 1778 per
397 1693 448 1758 11.
482 1703 624 1775 operatus
654 1711 704 1766 es,
739 1691 814 1754 haec
845 1691 945 1754 omnia
977 1693 1069 1756 etiam
1101 1693 1428 1758 aliterhabentnr
1459 1714 1523 1774 per
1555 1695 1677 1776 ipsam

317 1784 625 1847 observationem
656 1790 693 1842 et
722 1779 918 1844 calculum.
964 1782 1000 1844 In
1024 1781 1177 1846 schemate
1209 1783 1403 1862 praecedenti
1431 1785 1541 1848 dantur
1562 1791 1678 1864 puncta

315 1875 397 1936 Pet
418 1872 461 1948 H,
487 1891 559 1952 ergo
582 1873 638 1934 ΡΗ
661 1889 699 1932 ex
721 1869 789 1950 ipsa
819 1868 1041 1934 observatione.
1087 1871 1164 1935 Dion
1187 1872 1265 1934 banc
1288 1893 1356 1936 esse
1387 1873 1543 1954 aequalem
1576 1872 1677 1940 lineae

316 1963 376 2026 MP
383 1980 392 2036 ς
416 1970 487 2024 suut
509 1961 588 2023 enim
607 1961 666 2024 ΜΡ
687 1966 718 2020 et
731 1958 787 2020 ΡΗ
810 1959 951 2040 aequales
971 1968 1003 2022 et
1019 1959 1072 2022 ΡΡ
1095 1961 1268 2024 communis.
1298 1961 1395 2024 Simul
1418 1969 1520 2032 antem
1544 1961 1678 2030 babetur

316 2051 377 2114 ML
410 2049 575 2114 subtractis
596 2050 671 2122 ΡΜ,
701 2047 756 2110 LD
787 2046 826 2110 ab
849 2047 915 2111 ΡΙ).
962 2046 1064 2119 Quare
1097 2048 1227 2114 babetur
1249 2050 1313 2114 PL.
1360 2050 1423 2114 Sed
1455 2049 1513 2122 Qu
1546 2051 1679 2117 babetur

317 2159 370 2221 per
392 2137 424 2202 2.
449 2140 545 2219 hujus.
591 2138 634 2201 Et
657 2146 707 2200 est
728 2137 805 2199 haec
833 2137 981 2200 diameter
1003 2137 1106 2202 circuli
1131 2137 1230 2215 ONL,
1262 2159 1333 2220 ergo
1358 2149 1390 2204 et
1413 2139 1469 2212 QP
1491 2141 1620 2212 habetur
1644 2147 1679 2202 et

317 2247 420 2292 earum
449 2229 549 2290 medie
580 2226 815 2308 proportionalis
838 2224 904 2290 ΡΝ.
951 2227 1009 2290 Est
1038 2234 1138 2290 autem
1169 2236 1200 2290 et
1222 2227 1278 2292 ΡΝ
1309 2229 1410 2292 media
1440 2229 1679 2310 proportionalis

317 2317 395 2380 inter
417 2316 478 2378 MP
501 2329 532 2378 et
555 2316 624 2391 PR,
649 2324 680 2377 et
704 2315 762 2377 PM
787 2333 826 2377 ex
857 2313 1068 2380 observatione
1102 2317 1245 2391 dabatur,
1277 2317 1395 2380 scilicet
1416 2319 1481 2382 ΡΗ.
1527 2318 1572 2382 Ut
1603 2336 1678 2399 ergo

316 2403 373 2468 ΡΗ
394 2406 443 2467 vel
466 2405 526 2466 MP
549 2406 587 2468 ad
611 2405 674 2480 ΡΝ,
700 2405 743 2467 sio
766 2404 822 2467 ΡΝ
845 2403 885 2466 ad
907 2403 972 2480 PR,
998 2424 1074 2485 quae
1098 2425 1164 2468 cnm
1187 2405 1247 2467 PM
1271 2406 1345 2468 facit
1368 2407 1548 2470 dimnetrum
1567 2407 1676 2472 Lunae

317 2494 474 2558 visibilem.
521 2491 728 2565 Quantitas
752 2511 838 2556 vero
861 2493 1032 2556 defectus
1056 2494 1163 2558 datur
1186 2494 1297 2558 etiam
1326 2495 1548 2576 simplicius.
1595 2497 1677 2560 Nam

318 2583 388 2666 quia
410 2580 465 2654 SQ
489 2591 520 2645 et
542 2584 603 2646 PM
634 2584 708 2646 dunt
738 2581 955 2646 semidiametri
987 2583 1155 2654 foraminis,
1187 2602 1258 2664 ergo
1291 2582 1342 2648 ΗΡ
1369 2595 1402 2648 et
1425 2582 1488 2658 QM
1521 2587 1677 2667 aequales.

316 2675 361 2738 Ut
382 2681 484 2736 autem
508 2669 566 2744 QL
590 2673 627 2736 ad
656 2669 695 2736 12
719 2673 831 2752 digitos
854 2671 899 2734 ita
922 2669 972 2733 SF
994 2673 1043 2734 vel
1067 2669 1130 2747 QM
1154 2674 1193 2736 ad
1217 2672 1328 2754 digitos
1357 2674 1546 2750 deficientes,
1571 2675 1677 2738 antei

316 2763 413 2827 mavis
437 2761 529 2838 dices,
554 2759 777 2832 uendente
802 2760 913 2842 digitos
929 2760 972 2822 sic
987 2761 1047 2824 LM
1071 2779 1142 2844 pars
1166 2761 1269 2824 lucens
1288 2763 1328 2825 ad
1352 2763 1463 2843 digitos
1483 2781 1541 2826 non
1563 2771 1676 2834 tectos.

317 2851 367 2934 qui
390 2872 410 2916 a
436 2850 475 2916 12
500 2851 595 2916 ablati
625 2850 797 2932 relinquunt
827 2847 940 2930 digitos
974 2849 1141 2932 eclipticus.
1186 2849 1335 2933 Exempla
1364 2852 1472 2918 calculi
1502 2861 1574 2916 sunt
1595 2854 1677 2918 iufra

340 2941 414 3006 robl.
439 2937 491 3006 32.

317 2961 337 3024 p
404 3029 498 3093 Porro
523 3048 599 3109 quae
621 3027 809 3110 problemate
836 3024 887 3089 10.
911 3033 983 3088 sunt
1005 3027 1120 3089 tradita
1142 3027 1232 3108 paulo
1255 3037 1327 3091 sunt
1353 3029 1516 3094 incertiora
1539 3039 1673 3112 experta,

318 3121 345 3184 si
372 3117 438 3203 quis
470 3119 524 3181 illa
555 3137 608 3200 per
640 3118 696 3180 hoc
724 3111 905 3181 faetta.
935 3114 1095 3178 examinet.
1141 3115 1220 3178 Nam
1252 3118 1413 3182 difficulter
1445 3121 1485 3183 ad
1518 3127 1672 3202 utrumqne

318 3205 460 3270 sectionis
483 3215 641 3288 punctum,
676 3206 798 3285 regulae
823 3203 966 3268 simulet
998 3205 1120 3268 umbrae
1145 3224 1211 3268 cum
1241 3207 1388 3270 diametro
1421 3209 1545 3290 signata
1572 3217 1675 3276 atten-

319 3297 407 3360 ditur.
445 3293 489 3356 Et
511 3295 678 3356 acuminum
702 3295 733 3356 in
757 3293 898 3356 cornibus
923 3291 1046 3367 circelli,
1072 3301 1177 3374 utpote
1191 3315 1211 3356 a
1228 3307 1340 3376 puncto
1364 3298 1471 3376 sparsi,
1498 3297 1586 3362 valde
1606 3307 1680 3362 sunt

319 3384 415 3457 diluti,
437 3391 470 3444 et
486 3382 674 3448 aestimando
698 3384 847 3446 sectiones
872 3382 1003 3446 fallimur
1018 3383 1047 3444 iu
1071 3383 1209 3446 minimis.
1248 3385 1290 3447 Ut
1308 3405 1387 3448 anuo
1406 3382 1499 3451 1600.
1525 3384 1579 3455 30.
1594 3387 1679 3450 Junii

316 3475 366 3538 vel
393 3471 441 3536 10.
463 3471 548 3546 Julii,
572 3491 638 3535 cnm
661 3472 824 3534 delicerent
847 3471 933 3550 digiti
957 3467 975 3534 3
1001 3470 1030 3532 in
1054 3471 1148 3548 radio,
1174 3474 1279 3554 regula
1308 3476 1524 3538 transversalis
1547 3477 1680 3540 resecuit

317 3564 429 3645 digitos
457 3555 528 3647 19,,
554 3579 626 3642 ergo
648 3561 705 3623 ΗΡ
730 3553 787 3645 19,
818 3561 948 3640 qualium
965 3560 1018 3622 ΡΙ)
1038 3556 1068 3634 9,
1092 3561 1176 3622 etin
1200 3561 1383 3627 dimensione
1407 3565 1573 3642 foraminis,
1597 3583 1677 3646 qna-

317 3653 389 3716 lium
412 3658 497 3715 totus
521 3649 623 3713 radius
646 3649 753 3712 habuit
778 3645 839 3712 105
850 3643 897 3732 9,,
931 3648 1106 3712 enucleatus
1136 3669 1208 3716 vero
1231 3647 1274 3716 89
1298 3654 1347 3725 (ut
1369 3653 1444 3715 haec
1467 3655 1558 3734 paulo
1580 3654 1678 3721 minor

312 3743 396 3824 justo
420 3740 587 3822 quantitas,
612 3740 690 3820 qnod
713 3739 808 3820 probl.
834 3734 866 3800 2.
891 3737 1050 3813 monitum,
1080 3738 1145 3820 jam
1169 3739 1254 3822 Justa
1276 3741 1347 3816 sit),
1372 3741 1477 3805 talium
1501 3749 1564 3808 tres
1588 3743 1678 3824 digiti

316 3837 387 3895 sunt
410 3823 510 3916 269,.
556 3827 599 3891 Et
620 3829 676 3892 ΗΡ
700 3829 746 3890 vel
770 3828 829 3890 ΡΜ
855 3822 984 3906 11“9,,,
1008 3826 1065 3889 ΡΙ)
1089 3845 1159 3889 vero
1184 3824 1203 3889 9
1228 3828 1332 3910 digiti,
1355 3837 1426 3894 suut
1448 3840 1552 3909 partes
1576 3829 1618 3896 79
1629 3825 1677 3915 9,.

315 3919 397 4000 Ergo
429 3929 497 3983 tota
518 3916 577 3980 HD
607 3925 712 3999 partes
742 3911 861 4001 90⁶7„
900 3915 979 3990 iere,
1011 3923 1044 3978 et
1065 3915 1139 3990 ΗΡ,
1164 3917 1237 3992 LD,
1266 3913 1345 4002 16¹1,
1378 3919 1507 3998 ablatis,
1541 3922 1600 3984 erit
1622 3921 1677 3984 PL

317 4003 450 4094 74’9,,,
476 4017 508 4070 et
523 4004 579 4077 Po
602 3999 731 4089 idulio·
768 4007 853 4068 Haec
877 4005 906 4068 in
924 4025 957 4068 se
982 4003 1184 4088 multiplicata
1208 4006 1323 4071 faciunt
1339 4005 1423 4073 1089
1433 4002 1466 4086 9,
1494 4010 1675 4089 quadratum

317 4097 381 4164 ΝΡ.
428 4097 492 4161 Sed
525 4095 584 4157 PM
615 4095 671 4158 init
705 4089 846 4178 11¹⁸l„,
877 4093 979 4176 prodit
1008 4111 1079 4174 ergo
1115 4093 1260 4157 divisione
1293 4098 1433 4180 quadrati
1466 4098 1520 4160 ΝΡ
1552 4099 1594 4175 in,
1613 4099 1675 4164 ΡΜ

316 4188 437 4252 residua
458 4186 515 4249 PR
538 4180 580 4248 93
605 4183 681 4259 fere,
712 4183 760 4245 cni
788 4183 924 4246 additum
958 4189 1145 4262 segmentum
1172 4184 1233 4246 PM
1262 4186 1421 4249 constitnit
1448 4196 1545 4250 totam
1569 4187 1675 4250 Lunae

315 4278 494 4340 diametrum
520 4265 636 4355 1049,
662 4271 792 4353 qualium
816 4269 896 4335 Solis
921 4266 973 4336 89.
1020 4271 1144 4334 Fuisset
1166 4271 1258 4354 igitur
1286 4275 1434 4348 diameter
1456 4276 1561 4340 Lunae
1585 4296 1673 4340 scru-

314 4367 449 4448 pulorum
474 4356 573 4442 34⁸1„
597 4380 664 4423 cnm
688 4367 788 4424 tamen
812 4363 902 4443 paulo
931 4359 1024 4421 fuerit
1049 4359 1173 4424 inferior
1202 4363 1389 4442 longitudine
1412 4364 1522 4431 media.
1571 4364 1674 4438 Quare

315 4463 348 4518 ut
370 4455 477 4518 videas
502 4449 664 4526 fallaciam,
690 4450 781 4512 fuerit
805 4451 950 4512 diameter
965 4447 1069 4510 Lunae
1084 4445 1139 4512 32¹
1162 4459 1194 4512 et
1208 4450 1296 4534 digiti
1321 4451 1475 4523 obscurati
1489 4454 1519 4516 in
1540 4454 1624 4522 radio
1641 4451 1672 4530 3,

316 4543 467 4624 quaeritur
481 4542 552 4624 quid
567 4538 781 4601 transversalis
797 4557 935 4603 resecare
960 4535 1106 4611 debuerit,
1131 4541 1209 4619 quod
1228 4559 1284 4602 nos
1308 4541 1544 4608 aestimabamus
1560 4543 1674 4624 digitus

318 4625 390 4717 19,.
429 4630 464 4694 Si
488 4649 559 4712 ergo
578 4624 620 4692 29
629 4621 660 4712 9,
689 4626 830 4708 scrupula
853 4627 928 4690 dant
946 4620 989 4688 89
1012 4625 1188 4705 particulae,
1214 4625 1256 4692 32
1270 4629 1413 4717 scrupula
1436 4631 1552 4697 dabunt
1567 4633 1673 4696 Lunae

314 4721 479 4800 particulas
501 4713 585 4802 969,
623 4716 713 4797 paulo
745 4717 833 4797 plus;
864 4723 895 4778 et
948 4712 998 4779 nia
1021 4710 1041 4776 3
1066 4714 1151 4796 digiti
1185 4717 1215 4780 in
1247 4717 1332 4782 radio
1366 4727 1437 4782 sunt
1460 4717 1502 4784 26
1512 4714 1559 4806 9,,
1584 4729 1674 4784 tanta

314 4807 407 4890 igitur
429 4807 579 4888 particula
601 4805 639 4868 de
668 4804 752 4868 radio
785 4805 878 4868 etiem
901 4733 946 4868 89
977 4799 1098 4868 defecit.
1146 4802 1227 4878 Quia
1256 4824 1328 4886 ergo
1352 4815 1387 4874 nt
1408 4807 1463 4872 PL
1485 4809 1526 4873 ad
1548 4809 1604 4876 ΡΝ
1628 4808 1673 4874 sio
