3694 5528
724 293 980 356 cxxvi-mxx(
1145 303 1151 316 ·
1451 301 1515 374 5245

161 479 253 542 etiam
277 473 454 542 transmisso
488 497 602 540 rursum
635 480 796 560 divergunt
827 501 933 544 verens
963 481 1017 544 ΟΡ
1041 481 1167 544 oculum.
1213 480 1289 561 Apti
1318 481 1410 561 igitur
1442 484 1517 548 finnt

162 570 229 630 huic
253 569 339 630 ocnlo
363 569 402 629 ad
426 567 599 628 distinctam
624 569 768 632 visionem
799 570 877 630 illius
902 571 1005 648 puncti
1031 569 1067 633 Ο.
1433 649 1436 655 ¹
1547 627 1551 634 .

250 657 327 718 Dico
351 665 452 717 autem
476 656 505 716 in
529 675 587 717 uno
612 667 694 720 certo
719 659 785 719 loco
809 659 921 732 aD,F
944 659 1138 727 concursibus
1161 656 1363 719 radiationum
1386 653 1515 724 visibilis

161 744 215 808 GE
240 745 405 823 spectandi.
450 745 530 805 Nam
555 746 716 807 facultates
741 747 891 808 oculorum
915 736 1100 809 diversorum
1117 745 1340 825 distinguuntur
1352 748 1515 812 secundnm

160 834 364 912 divergentias
388 833 518 912 majores
551 845 583 894 et
612 835 745 918 minores
775 838 843 914 (per
865 835 996 910 LXIV.)
1043 836 1077 897 In
1108 835 1213 914 majori
1245 852 1316 896 vero
1349 837 1514 900 remotione

159 923 290 1005 pupillae
310 920 365 984 ΟΡ
388 943 407 982 o
421 921 614 984 concursibus
629 923 708 994 D,F
731 930 777 984 est
801 923 896 984 minor
920 925 1117 1003 divergentia‚
1144 923 1214 1000 quia
1237 923 1333 984 minor
1356 923 1415 990 erit
1430 923 1515 988 ODP

159 1012 207 1072 vel
232 1009 313 1071 OFP
337 1010 474 1089 angulus,
499 1009 525 1070 si
549 1010 631 1072 basis
656 1010 710 1072 ΟΡ
733 1012 850 1080 eadem,
875 1031 961 1073 crura
984 1031 1055 1071 vero
1076 1012 1143 1085 OD,
1168 1012 1221 1072 ΡΙ)
1245 1011 1390 1090 longiora.
1437 1012 1512 1076 Cui-

161 1101 235 1162 libet
259 1099 348 1177 igitur
372 1098 455 1160 oculo
479 1117 535 1158 sua
559 1099 653 1160 servit
675 1109 759 1161 certa
782 1101 907 1162 remotio
932 1121 951 1161 a
973 1101 1011 1172 D,
1035 1101 1061 1161 F
1084 1099 1285 1162 concursibus.
1319 1164 1321 1174 ,

252 1187 395 1249 LXXIX.
443 1187 666 1267 Propositio.
722 1189 820 1250 Unica
849 1188 1022 1268 superficies
1055 1207 1190 1250 convexa
1220 1205 1315 1268 parvo
1342 1186 1453 1250 circulo
1484 1189 1513 1250 in

160 1275 304 1355 cogendis
327 1276 420 1338 radiis
444 1276 483 1335 ed
506 1285 647 1355 punctum
670 1276 854 1355 aequipollet
883 1276 999 1339 duabus
1022 1276 1112 1339 lentis
1135 1275 1346 1356 superficiebus
1370 1279 1512 1339 convexis

159 1385 197 1427 ex
219 1384 277 1425 uno
302 1364 410 1426 circulo
434 1364 524 1442 duplo
548 1365 659 1443 majore
684 1365 838 1428 desumtis.
1561 1369 1563 1374 ’

249 1453 297 1514 Sit
327 1469 490 1514 convexum
523 1453 670 1532 utrimque
704 1453 869 1532 aequaliter
897 1453 953 1512 AB
1175 1451 1229 1516 ΗΒ·
1250 1447 1292 1498 ¹3·

159 1541 279 1604 circulis
308 1541 412 1615 ADB‚
436 1539 540 1613 ACB,
575 1559 697 1620 quorum
720 1549 825 1602 centra
851 1543 890 1614 F,
914 1539 951 1600 E.

157 1631 241 1708 Ergo
263 1649 318 1708 per
330 1629 481 1691 XXXIX.
505 1638 646 1708 puuctum
670 1647 832 1692 concursus
856 1637 903 1692 est
917 1629 952 1688 F.

158 1718 293 1780 Dimidia
322 1718 415 1796 ipsius
442 1717 502 1786 DF
531 1718 579 1779 vel
611 1715 664 1778 GE
694 1725 843 1792 sumatur,
878 1736 953 1797 quae

158 1809 200 1868 sit
224 1805 289 1868 GL.
336 1805 379 1866 Et
410 1813 513 1866 centro
544 1803 573 1866 G
604 1805 703 1884 spatio
736 1804 794 1866 GL
826 1806 953 1867 circulus

159 1896 308 1958 scribatur
322 1895 404 1966 HLI,
421 1894 470 1972 qui
485 1894 567 1955 solus
586 1894 797 1955 refractionem
813 1901 954 1955 censetur

157 1984 368 2063 parallelorum
393 2001 430 2042 ex
461 1981 553 2061 plaga
578 1980 607 2042 G
631 1982 726 2044 centri
759 1983 951 2044 venientium.

158 2072 209 2134 Sit
227 2071 285 2132 GL
308 2071 337 2130 in
358 2071 386 2131 K
410 2069 594 2144 continuata,
620 2078 652 2130 et
665 2070 722 2131 LK
746 2070 837 2148 dupla
860 2071 953 2148 ipsius
984 2087 1004 2132 e

159 2159 217 2221 GL
248 2159 374 2240 ideoque
404 2159 540 2237 aequalis
574 2159 631 2239 ipsi
663 2158 728 2220 DF.
782 2159 864 2238 Ergo
901 2177 954 2238 per

158 2247 295 2309 XXXV.
324 2247 464 2328 paralleli
492 2246 521 2308 in
546 2249 588 2319 ll,
613 2248 653 2321 L,
682 2247 696 2307 l
726 2247 848 2308 refracti
879 2265 952 2306 oon-

157 2345 278 2398 current
296 2337 325 2398 in
340 2337 380 2397 K.
408 2337 492 2397 Idem
512 2335 602 2414 igitur
619 2343 759 2414 praestat
777 2335 952 2396 convexitas

156 2426 228 2486 HLl
258 2425 346 2486 unica
371 2425 457 2502 parvi
486 2424 601 2497 circuli,
628 2424 706 2503 quod
730 2423 759 2484 in
783 2423 838 2484 AB
863 2424 950 2498 duee,

157 2514 260 2575 circuli
276 2515 365 2592 duplo
384 2512 525 2591 majoris;
550 2512 620 2592 quia
633 2521 774 2591 punctum
789 2530 951 2573 concursus

156 2604 303 2680 utrimque
337 2601 502 2680 aequaliter
532 2609 678 2662 remotum
711 2608 758 2660 est
786 2621 805 2660 a
828 2618 951 2679 corpore

157 2691 259 2763 denso,
285 2691 393 2770 quippe
417 2689 471 2750 DF
494 2697 526 2750 et
548 2689 606 2750 LK
629 2689 779 2768 aequales.

245 2779 377 2840 LXXX.
400 2777 622 2856 Propositio.
671 2775 778 2837 Omnis
800 2794 854 2855 per
877 2795 951 2837 con-

157 2885 274 2927 vexam.
291 2868 400 2927 lentem
425 2875 527 2928 erecta
551 2867 649 2944 imago
674 2864 800 2926 visibilis
824 2865 867 2927 rei
891 2873 939 2928 est
962 2881 1132 2944 necessario
1156 2884 1253 2962 major
1272 2883 1367 2963 justo,

244 2955 324 3015 Nam
346 2973 399 3033 Ρθῐ
422 2954 520 3016 LXX·
545 2972 721 3017 mules-‘³³¹1’
745 2953 772 3054 ⁸}
795 2953 893 3033 iffl³8⁰
916 2974 966 3030 est
994 2978 1110 3044 erecta,
1134 2971 1238 3032 oculus
1263 2978 1311 3034 est
1333 2971 1416 3037 intra
1437 2993 1510 3055 pro-

154 3043 354 3124 pinquitatem
381 3044 483 3122 puncti
515 3063 675 3104 concursus
703 3041 852 3103 radromm
876 3044 914 3104 ab
946 3077 1003 3119 uno

154 3131 283 3193 visibilis
306 3141 416 3211 puncto
440 3132 606 3206 fluentium,
636 3140 668 3192 et
691 3149 830 3191 concrum
854 3151 873 3192 a
895 3144 1002 3206 vigihi.
1122 3135 1124 3138 ’
1194 3127 1250 3194 mg.
1272 3125 1313 3180 ¹4·

154 3220 231 3282 libus
250 3220 370 3298 punctis
389 3221 417 3280 in
437 3220 582 3300 pupillam
602 3239 656 3280 sen
675 3219 821 3280 linearum
836 3221 873 3280 ab
894 3222 1000 3296 iisdem
1036 3224 1139 3298 ›gs--.¹-
1151 3228 1191 3276 11.-
1214 3271 1327 3280 ψ...
1349 3229 1368 3268 1
1405 3227 1422 3268 v
1455 3229 1487 3282 1.

152 3310 182 3369 in
206 3315 340 3370 centmm
364 3309 441 3369 oculi
465 3308 693 3387 ingredientium
722 3307 895 3372 intersectio
918 3322 1002 3383 nulla
1060 3267 1131 3430 qi
1159 3271 1184 3525 gg
1426 3275 1478 3446 s

152 3398 187 3458 lit
213 3398 292 3457 inter
314 3396 434 3458 visibile
459 3405 490 3458 et
512 3398 645 3472 oculum,
676 3415 729 3476 per
755 3395 902 3469 LXXVI,
951 3409 1001 3471 Sir

153 3504 225 3565 ergo
255 3485 319 3546 lene
349 3485 419 3559 AB,
454 3483 630 3574 oculust,
664 3485 783 3546 visibile
811 3485 876 3550 DE.
923 3496 1001 3559 cum

154 3593 225 3654 ergo
261 3573 348 3652 plura
382 3582 586 3652 proponantur
625 3581 738 3654 puncta
777 3575 820 3636 rei
862 3583 998 3659 visibilis,
1028 3635 1032 3644 .
1127 3582 1136 3614 ⁸*

154 3665 300 3725 linearum
328 3661 511 3740 singularum
534 3662 572 3724 ab
595 3662 633 3726 iis
657 3663 784 3742 singulis
812 3665 999 3734 descenden.

154 3754 229 3814 tium
257 3750 286 3810 in
314 3757 448 3812 centrum
480 3751 557 3812 oculi
588 3752 636 3812 vel
670 3752 822 3829 vicissim,
857 3767 909 3821 aut
940 3781 1001 3822 una

152 3842 220 3903 sola
252 3838 310 3901 erit
338 3837 593 3916 perpendicularis
624 3841 654 3902 in
685 3841 796 3902 lentem
827 3855 880 3908 aut
907 3849 997 3912 nulla.

152 3929 255 4000 Quare
270 3935 323 3988 aut
339 3945 441 3988 omnes
454 3926 655 4006 refringentur
670 3931 699 3990 in
716 3930 795 3990 lente
811 3943 864 3996 aut
877 3945 1000 4014 praeter

150 4037 240 4080 unam
265 4034 368 4076 omnes
393 4017 460 4095 (per
482 4015 536 4090 X).

237 4107 307 4166 Jam
331 4121 386 4182 per
405 4103 551 4165 LXXIX.
576 4105 652 4166 duae
675 4104 765 4168 lentis
790 4109 998 4171 convexitates

116 4215 120 4222 ·
150 4196 228 4256 idem
253 4199 412 4274 praestant
434 4193 465 4252 in
489 4194 687 4266 refractione,
718 4181 795 4274 qriod
819 4217 897 4270 una,
915 4209 998 4278 'quae

150 4283 287 4344 continet
319 4281 347 4341 in
377 4301 409 4342 se
443 4287 608 4360 utramque.
660 4282 706 4343 Ne
739 4285 831 4362 igitur
862 4305 917 4346 nos
950 4286 999 4346 hic

148 4372 252 4434 turbet
268 4369 430 4449 duplicitas
445 4369 656 4445 convexitatis,
677 4371 718 4432 sit
733 4393 821 4434 unum
836 4392 1000 4434 convexum

150 4458 356 4540 aequipollens
388 4458 507 4537 utrique
536 4457 632 4519 ΑΗΒ.
679 4459 721 4520 Et
743 4461 884 4522 connexis
914 4469 1034 4542 punctis
1057 4469 1103 4542 D,
1127 4467 1153 4529 E
1177 4486 1243 4529 cnm
1267 4464 1292 4530 C
1315 4487 1370 4550 per
1393 4474 1503 4544 rectas,
1622 4454 1649 4472 '¹
1700 4471 1707 4480 '

150 4555 289 4610 secantes
322 4565 489 4608 convexum
522 4545 647 4606 densum
671 4547 700 4608 in
724 4549 748 4620 Ι,
772 4549 816 4616 Κ,
840 4551 998 4629 perdicto
1022 4564 1123 4636 patet,
1158 4557 1235 4637 quod
1263 4557 1321 4618 hae
1352 4576 1410 4624 non
1443 4559 1505 4620 sint

150 4637 267 4696 futurae
291 4635 407 4718 visivae
429 4641 607 4713 punctorum
630 4635 672 4708 D,
696 4635 732 4708 Ε,
758 4637 866 4718 quippe
888 4649 989 4704 rectae
1018 4652 1156 4706 manent:
1188 4663 1253 4706 cum
1277 4646 1360 4725 leges
1383 4646 1503 4726 opticae

152 4722 256 4796 velint,
281 4732 315 4784 ut
338 4721 381 4783 CI
404 4723 432 4782 in
464 4721 621 4800 superficie
644 4723 659 4783 I
682 4724 826 4788 deflectat
848 4728 886 4787 ab
909 4727 953 4788 ID
977 4740 1010 4793 et
1032 4734 1159 4795 accedat
1182 4733 1221 4794 ad
1244 4751 1324 4809 earn,
1354 4753 1430 4816 quae
1454 4742 1505 4797 est

151 4809 317 4890 superficiei
345 4808 603 4888 perpendicularis
626 4810 656 4871 in
681 4811 695 4872 1
717 4823 841 4890 puncto,
871 4833 928 4894 quo
951 4829 1041 4899 pacto
1070 4822 1153 4884 cadit
1179 4822 1341 4885 introrsum
1371 4822 1452 4886 intra
1474 4823 1504 4885 D

228 4911 316 4960 Keplerl
329 4914 405 4964 opera
420 4914 446 4953 11.
1256 4922 1289 4975 ³5
