3648 5530
331 297 398 370 484
571 299 672 352 Literna
688 296 791 364 Kepleri
809 296 959 364 altorumque
976 297 1078 348 mutuae
1096 292 1129 346 de
1145 292 1214 346 loris
1232 287 1385 346 Satellitihm
1403 291 1448 346 do.

332 491 381 546 tur
403 481 484 543 inter
518 498 564 553 se,
598 483 630 540 et
659 477 704 539 sic
727 475 852 538 confusa
875 479 908 534 et
930 471 1085 538 uniformis
1117 473 1171 536 liat
1195 471 1270 535 visio
1300 473 1394 536 totius
1423 468 1555 536 visibilis
1590 465 1690 548 perti·

334 573 429 645 culae,
453 589 511 630 non
535 587 622 630 secus
645 585 681 628 ao
704 564 811 627 sinon
835 562 983 642 particula
1007 563 1061 624 sed
1084 562 1201 624 unicum
1224 561 1352 624 visibilis
1376 562 1419 624 rei
1434 566 1578 642 puuctum
1594 565 1689 618 esset.

335 659 398 722 Sed
422 665 453 720 et
475 659 532 719 hoe
557 657 676 726 addam,
700 654 778 734 quod
802 653 890 732 plane
913 668 967 730 pro
991 669 1069 712 nova
1093 649 1268 730 quaestione
1291 659 1395 730 potest
1412 648 1535 712 haberi:
1563 653 1692 727 quaerat
1802 655 1803 692 Ξ

334 748 411 808 enirn
434 745 552 826 aliquis,
576 744 646 824 guid
670 743 718 804 hic
734 741 828 804 faciat
851 738 1014 801 diversitas
1037 757 1244 816 sodomorum,
1269 740 1294 800 si
1317 747 1507 820 comparetur
1521 734 1690 798 distantia?

334 835 513 914 Respondeo
546 833 698 895 distincte.
754 831 834 894 Nam
867 829 893 890 ei
925 835 1046 890 maneat
1079 829 1181 890 oculus
1210 827 1239 889 in
1263 829 1367 890 eadem
1392 825 1540 890 distantia
1563 845 1584 886 a
1607 825 1689 885 lente

335 943 469 986 convexa
492 929 523 984 et
546 921 695 1000 interponi
717 919 836 999 possint
859 917 981 980 diversa
1003 935 1151 979 concava:
1176 924 1246 980 luno
1266 917 1307 990 id,
1332 917 1418 999 cujus
1435 924 1484 977 est
1505 913 1605 978 minor
1627 913 1689 975 cir-

335 1013 419 1074 cnlns
442 1009 651 1084 concavitatis,
676 1009 768 1071 debet
790 1006 945 1068 admoveri
964 1006 1049 1067 oculo
1072 1005 1205 1086 propius,
1230 1006 1313 1088 cujus
1336 1025 1408 1070 vero
1431 1005 1527 1084 major
1550 1001 1688 1074 circulus,

335 1103 452 1179 longius
475 1100 567 1160 dehet
590 1099 628 1161 ab
652 1099 736 1160 oculo
761 1096 933 1169 discedere,
959 1094 1076 1158 scilicet
1104 1094 1222 1158 adhoc
1247 1094 1453 1169 alliciendum,
1484 1100 1519 1155 nt
1542 1097 1688 1171 sequatur

333 1209 388 1271 per
420 1196 575 1268 utrumque
608 1187 687 1248 idem
720 1184 844 1248 visionis
877 1184 1001 1246 effectus
1038 1183 1068 1244 in
1102 1182 1248 1263 qualitate
1286 1191 1319 1245 et
1356 1183 1444 1264 copia
1480 1181 1685 1243 videndorum.

333 1276 525 1341 Contrarium
548 1295 619 1338 vero
643 1275 763 1344 accidit,
789 1273 814 1336 si
838 1271 979 1334 concavis
1000 1271 1182 1352 perspicillis
1201 1280 1320 1335 utamur
1338 1273 1493 1344 solitariis,
1518 1270 1568 1349 qui
1583 1286 1685 1330 snmus

333 1385 466 1446 myopes.
504 1367 583 1427 Nam
607 1363 632 1426 si
658 1364 735 1444 qnod
757 1361 963 1443 perspioillum
987 1369 1035 1423 est
1058 1379 1111 1439 pro
1134 1359 1282 1424 menimis
1298 1379 1470 1430 concavum,
1495 1358 1532 1432 si,
1554 1359 1684 1437 inquam,

334 1455 535 1517 concavitatis
559 1453 686 1516 circulus
710 1461 758 1514 eet
780 1449 867 1514 nimis
898 1467 1028 1528 parvus,
1061 1456 1133 1511 tunc
1165 1467 1303 1512 removeo
1331 1449 1536 1530 perspicillum
1569 1445 1685 1523 longius

335 1544 373 1605 ab
399 1542 484 1606 oculo
508 1549 540 1602 et
563 1541 696 1621 sequitur
712 1541 857 1602 distincta
879 1538 965 1600 visio.
1013 1536 1095 1608 Quis
1117 1537 1195 1600 enim
1218 1557 1352 1601 concava
1376 1540 1554 1619 disgregant
1576 1533 1685 1604 radios,

334 1655 354 1694 a
377 1632 472 1692 latere
496 1631 673 1709 disgregant
696 1627 865 1691 evidentius
889 1646 976 1707 quam
1001 1626 1082 1689 eirca
1104 1634 1239 1690 centrum
1264 1628 1365 1702 fundi,
1397 1627 1447 1689 ubi
1478 1625 1589 1688 rectior
1612 1621 1686 1683 inci-

334 1720 456 1795 dentia,
491 1709 586 1781 mino'r
619 1717 770 1780 retractio.
818 1715 851 1778 Si
885 1733 956 1795 ergo
981 1715 1220 1795 disgregatorum
1245 1715 1337 1778 nimie
1364 1725 1411 1778 est
1435 1715 1586 1786 diversio,
1618 1719 1687 1772 tunc

336 1808 527 1888 elongatione
552 1806 676 1868 concavi
699 1806 737 1868 ab
761 1806 846 1868 oculo
869 1811 1044 1884 praestatur
1067 1803 1107 1881 id,
1132 1813 1164 1867 nt
1189 1803 1232 1866 illi
1255 1805 1378 1868 nimium
1397 1804 1588 1882 divergentes
1611 1800 1685 1860 inci-

336 1899 411 1958 dant
433 1896 462 1955 in
486 1895 640 1975 pupillam.
1644 1887 1646 1892 ’

426 1981 580 2054 Quantum
617 1983 646 2044 in
682 1983 741 2044 hoc
777 1999 886 2062 genere
922 1979 1077 2056 intellexi,
1115 1979 1182 2043 Tibi
1211 1980 1408 2044 Nobilissime
1432 1978 1543 2044 Octavi
1577 1973 1685 2038 detexi.

337 2071 426 2144 Quod
450 2081 590 2152 superest
606 2081 642 2134 te
671 2070 763 2131 etiarn
791 2078 882 2150 atque
910 2069 1003 2130 etiam
1036 2087 1125 2149 rogo,
1164 2069 1225 2132 ista
1254 2069 1324 2132 boni
1357 2070 1498 2132 consulas
1532 2075 1565 2128 et
1596 2063 1686 2127 sicubi

337 2159 547 2238 rescripseris,
587 2159 688 2220 missis
725 2158 785 2220 illis
822 2157 882 2220 tuis
919 2157 1200 2230 observationibus,
1239 2159 1310 2221 mihi
1344 2158 1492 2220 mehercle
1525 2153 1686 2236 probrosis,

339 2248 507 2309 orationem
530 2247 671 2326 dignitati
695 2253 765 2309 tuae
789 2265 937 2326 personae
961 2253 1162 2325 attemperes,
1200 2255 1297 2310 utet
1329 2255 1363 2310 tu
1390 2245 1541 2309 laudando
1575 2250 1607 2305 et
1634 2260 1686 2322 ego

339 2336 498 2417 gaudendo
527 2347 651 2415 uterque
680 2335 761 2398 intra
785 2335 978 2398 Christianae
1002 2335 1168 2398 modestiae
1192 2338 1266 2400 lines
1290 2355 1345 2400 nos
1369 2337 1586 2400 contineamus.

428 2423 508 2485 Vale
531 2442 635 2505 meque
660 2443 739 2486 arna.
785 2425 863 2488 Nob.
888 2425 946 2486 Ex.
971 2423 1053 2486 Tuae

437 2514 443 2526 '
1260 2514 1270 2529 ‘
1340 2510 1627 2575 observantissimus

1366 2601 1400 2666 J.
1424 2599 1594 2684 Kepleeate.

429 2741 484 2793 Has
502 2742 587 2792 literas
604 2739 710 2791 Pisanus
729 2757 779 2792 non
798 2742 924 2806 accepisse
942 2741 1049 2800 videtur,
1074 2755 1130 2792 cnm
1147 2741 1173 2790 in
1191 2739 1283 2790 ultimis
1304 2739 1369 2790 illius
1386 2741 1478 2800 literis,
1498 2756 1560 2807 quas
1579 2741 1692 2792 exhibent

340 2814 447 2871 codices,
467 2813 532 2863 datis
551 2815 575 2864 d.
598 2812 620 2862 1.
640 2811 701 2875 Maj.
722 2811 800 2862 1618.
820 2813 925 2863 eandem
943 2820 1043 2863 moreat
1060 2813 1231 2877 quaestionem
1249 2817 1276 2861 et
1292 2811 1350 2862 hino
1368 2813 1426 2863 inde
1443 2813 1519 2877 plane
1537 2812 1690 2863 obmutuerit

429 2883 636 2948 ,Ephemerides“
658 2898 720 2950 qnae
738 2897 813 2948 snpra
830 2891 915 2934 monet
926 2883 1049 2948 Keplems
1060 2884 1180 2934 Pisanum
1198 2883 1345 2949 relegendas
1357 2897 1425 2942 aare,
1444 2884 1461 2933 l.
1476 2899 1499 2936 c.
1512 2885 1577 2936 haec
1588 2883 1692 2934 habant:

342 2955 429 3026 Quod
454 2957 567 3018 Metius
590 2957 730 3017 inventor
763 2955 918 3034 telescopii
950 2956 1111 3036 pollicetur
1135 2954 1402 3030 „instrumentum
1438 2975 1495 3036 qno
1527 2957 1633 3018 literae
1657 2971 1692 3014 er

340 3045 499 3121 intervallo
531 3043 622 3104 trium
645 3043 816 3106 milliarium
840 3043 938 3122 legere
970 3043 1108 3123 possis;“
1142 3043 1173 3105 id
1204 3043 1360 3123 pulchrum
1393 3063 1476 3118 ausu,
1511 3042 1694 3124 impossibile

341 3133 423 3192 factu
446 3139 530 3211 puto.
576 3130 645 3193 Non
669 3132 745 3192 vidit
768 3133 857 3193 horno
881 3139 933 3194 aut
956 3151 1014 3194 non
1036 3131 1172 3213 percepit
1195 3133 1469 3194 demonstrationes
1503 3153 1522 3194 a
1551 3150 1599 3194 me
1621 3150 1693 3212 pro·

341 3220 431 3279 dites.
456 3218 598 3282 Unoiales
613 3219 719 3281 literae
734 3227 930 3300 repraesento
955 3220 1051 3297 facile,
1078 3237 1153 3301 quae
1177 3229 1248 3282 sunt
1266 3219 1397 3300 scriptae
1412 3222 1561 3283 communi
1576 3219 1694 3300 magni-

342 3306 454 3379 tudine,
478 3306 532 3368 sed
550 3307 627 3382 illas,
645 3327 720 3388 quae
736 3327 792 3370 non
813 3308 929 3370 distant
951 3310 1045 3372 multo
1064 3310 1132 3389 plus
1155 3329 1175 3369 a
1197 3310 1275 3371 vitro
1299 3327 1390 3388 qnam
1407 3308 1519 3372 vitrum
1540 3312 1579 3372 ab
1599 3309 1694 3372 oculo.

346 3396 444 3457 Datur
469 3394 617 3474 appositio
642 3396 681 3456 ad
709 3397 839 3476 speciem
870 3397 900 3459 in
931 3397 1095 3472 infinitum,
1130 3405 1163 3460 at
1195 3397 1340 3458 divisione
1373 3398 1490 3460 inlinita
1518 3396 1696 3461 incrementi

340 3484 448 3563 primi,
482 3501 541 3544 non
565 3483 742 3561 repetitione
768 3485 942 3547 incrementi
966 3487 1108 3567 ejusdem.
1157 3483 1279 3556 Quanto
1294 3487 1415 3566 ,majus
1451 3495 1581 3567 apparet
1618 3486 1696 3567 qnod

340 3571 445 3647 vides,
470 3579 556 3633 tanto
581 3571 677 3632 minor
701 3579 749 3633 est
771 3573 949 3635 incrementi
972 3574 1082 3638 auctio.
1130 3573 1211 3644 Quid
1243 3574 1321 3652 qnod
1352 3585 1384 3636 et
1416 3585 1529 3655 quanto
1563 3595 1597 3636 ee
1630 3575 1695 3654 ipso

341 3662 439 3741 majus
464 3655 591 3740 apparet
614 3661 693 3739 quod
716 3660 820 3736 vides,
844 3669 929 3725 tanto
953 3683 1024 3744 pars
1047 3663 1085 3723 de
1108 3669 1184 3735 toto,
1210 3679 1285 3740 quae
1310 3662 1338 3722 in
1363 3681 1421 3724 nno
1445 3663 1613 3746 perspioilli
1637 3663 1697 3724 situ

341 3751 467 3825 videtur,
493 3749 588 3812 minor
610 3749 683 3810 est?
719 3749 803 3829 Lego
828 3759 927 3812 tamen
953 3761 985 3814 et
1007 3751 1071 3830 ipse
1095 3751 1200 3812 literas
1224 3769 1261 3810 ex
1284 3749 1443 3812 intervallo
1467 3753 1559 3813 trium
1582 3753 1696 3813 millia-

341 3839 427 3913 rium,
452 3837 507 3900 sed
531 3838 693 3917 inscriptas
716 3839 861 3918 horologii
885 3841 1015 3914 circulo,
1039 3839 1163 3919 pedales
1189 3845 1220 3899 et
1243 3837 1390 3899 cubitales
1424 3839 1613 3916 existentes,
1643 3859 1697 3901 neo

342 3927 400 3989 nisi
424 3927 480 3989 diis
505 3926 678 3988 laventibus
700 3926 818 3990 Junone
843 3936 875 3989 et
896 3928 1030 3991 Phoebo.
1056 3959 1098 3971 -

304 4088 308 4093 ,
429 4031 593 4085 Concinnavit
608 4033 733 4096 Keplerus
761 4047 816 4083 eam
842 4031 1003 4097 praelationis
1032 4033 1065 4082 ad
1087 4030 1261 4096 Ephsmerldes
1289 4031 1349 4079 anni
1369 4027 1445 4080 1617.
1474 4039 1588 4097 partem,
1615 4049 1698 4100 aqna

339 4103 476 4170 praemissa
494 4103 663 4161 desnmnimns,
690 4105 769 4154 torma
795 4103 916 4168 epistolae
934 4103 966 4152 ad
983 4102 1140 4153 Davidem
1163 4101 1347 4153 Fabricium
1372 4102 1462 4161 datae,
1491 4105 1645 4169 respondens
1664 4105 1697 4154 ad

340 4173 582 4238 ,interpellationes“
608 4173 686 4232 illins,
709 4176 815 4224 insertas
832 4174 999 4238 Prognostioie
1022 4187 1141 4224 annorum
1169 4168 1315 4220 turs-tr.
1348 4169 1446 4236 (comp.
1472 4173 1531 4238 opt.
1555 4191 1579 4240 p.
1602 4173 1652 4226 roo
1671 4181 1698 4225 et

339 4245 476 4294 comment.
496 4241 605 4304 Martis.)
641 4243 745 4294 Praeter
762 4259 807 4302 ea,
835 4257 899 4308 quae
918 4243 1041 4306 Keplerne
1059 4243 1100 4293 hic
1118 4243 1150 4293 de
1168 4243 1226 4292 tubo
1250 4243 1330 4305 optioo
1358 4243 1465 4306 profert,
1495 4247 1546 4295 alla
1572 4249 1696 4311 quaedum

338 4315 542 4378 deprehendimus
560 4321 648 4363 notatu
664 4316 748 4380 digna,
767 4329 832 4378 quae
844 4329 918 4378 quum
930 4315 1028 4377 propius
1047 4315 1172 4364 attineant
1189 4312 1304 4370 libellum,
1323 4327 1395 4376 quem
1413 4315 1538 4380 inscripsit
1554 4317 1695 4381 Kepleme:

338 4385 590 4434 Phaenomenon
617 4383 794 4449 singulare
822 4399 877 4434 sen
904 4381 1089 4433 Mercurius
1116 4383 1148 4432 ln
1175 4382 1247 4434 Sole
1273 4383 1374 4440 visne,
1403 4385 1522 4438 adhunc
1545 4389 1696 4444 rosemunda

283 4455 287 4462 '
341 4455 490 4512 censuimus,
508 4469 556 4518 quo
574 4454 630 4503 Vol.
649 4455 684 4504 Π.
704 4455 863 4510 concluditur.
882 4477 917 4488 -

431 4523 490 4574 Jam
508 4525 609 4574 tandem
626 4525 700 4575 libros
712 4525 823 4590 Kspleri,
836 4525 867 4574 de
885 4523 971 4588 quibus
988 4522 1038 4572 hnc
1054 4537 1131 4588 usque
1150 4523 1252 4588 emmas,
1270 4525 1426 4587 proponimus
1444 4527 1492 4579 hoc
1511 4530 1614 4598 ardinag

427 4613 454 4672 I.
478 4611 724 4674 Dissertatio.
770 4612 811 4674 ΙΙ.
836 4609 1025 4674 Narratio.
1071 4610 1127 4672 111.
1151 4609 1359 4688 Dioptrioe.

896 4797 1134 4812 m
