3566 5536
1486 331 1560 404 m

193 505 347 569 munta
369 499 510 576 auten
531 501 794 581 quemadmodum,
816 501 871 577 ait,
894 501 926 564 in
948 521 1075 583 corpore
1096 504 1227 571 homno
1249 505 1357 586 ingens
1378 508 1495 586 uitium,
1521 513 1550 576 si

192 590 317 671 ebgitus,
341 591 485 656 4144444
507 590 612 654 multis
633 590 772 671 partibus
795 599 921 672 superet
939 592 1048 656 molem
1071 592 1166 656 totius
1189 593 1296 674 reliqui
1319 598 1464 676 corporis.
1507 601 1554 664 Ut

192 680 285 760 igitur
307 681 385 742 hanc
409 679 609 758 objectionem
637 699 692 760 par
720 680 911 744 occasionem
938 681 1067 756 diluam,
1097 680 1159 744 tria
1188 681 1302 746 dicam:
1333 687 1431 763 primo
1452 689 1552 752 multo

193 767 417 835 incredibiliora
445 766 605 848 provenire
628 786 667 830 ex
689 768 841 833 sententia
869 770 1059 851 antiquorum
1087 778 1120 834 et
1140 772 1309 834 Ptolemaei
1333 774 1414 836 ciica
1436 784 1550 842 motum

193 860 334 922 lixarum:
359 857 469 920 deinde
490 857 693 937 proportionis
717 856 970 920 inaestimabilem
985 860 1224 939 magnitudinem
1247 862 1395 943 exemplis
1418 865 1488 928 aliis
1512 885 1552 930 ox

193 946 304 1013 mundo
328 946 475 1010 desumtis
499 945 667 1022 stabiliam:
694 945 820 1028 denique
844 947 1120 1027 compensationem
1142 957 1276 1012 mutuam
1299 951 1467 1028 ostendam,
1492 973 1551 1035 qua

193 1036 336 1098 nonnulle
359 1033 498 1114 exsurgit
519 1033 833 1116 inaequalissimorum
856 1037 1035 1117 aequalitas.
1083 1038 1180 1118 Igitur
1202 1039 1282 1120 quod
1303 1047 1418 1102 motum
1440 1061 1549 1124 corpo-

193 1143 259 1189 rum
281 1125 500 1188 mundanorum
524 1123 643 1198 attinet,
667 1124 697 1186 in
722 1123 882 1203 Oopernioi
909 1125 1127 1206 hypothesibus
1156 1127 1264 1206 globus
1288 1128 1415 1192 Saturni
1438 1129 1469 1192 in
1491 1151 1552 1193 uua

192 1214 266 1276 bora
284 1220 388 1274 tranat
401 1209 466 1274 300
481 1210 623 1275 milliaria
635 1213 807 1290 germanica
822 1215 894 1286 lere,
908 1209 1075 1288 Jovrstuo,
1092 1211 1286 1284 04014600,
1302 1217 1431 1280 Telluris
1454 1219 1551 1282 centri

193 1297 267 1377 740,
283 1301 413 1364 Veneris
425 1297 502 1374 800,
517 1300 661 1364 Mercurii
679 1299 771 1364 1000.
809 1303 942 1366 Pulobra
956 1304 1119 1382 proportio,
1134 1302 1183 1366 ubi
1201 1323 1320 1384 semper
1339 1307 1480 1378 volocior,
1500 1309 1550 1388 qni

193 1400 242 1454 est
263 1389 328 1454 Soli
352 1389 516 1470 quiescenti
541 1397 698 1470 motusque
722 1391 818 1454 omnis
842 1390 1042 1471 dispensatori
1066 1391 1267 1472 propinquior.
1300 1393 1342 1456 Et
1358 1393 1428 1476 quia
1447 1395 1550 1458 Tellus

192 1499 250 1542 nen
273 1486 392 1542 tautum
414 1478 597 1540 transfertur
620 1479 789 1546 annuatim,
812 1481 865 1541 sed
881 1481 971 1542 etiam
987 1481 1116 1542 volvitur
1135 1480 1255 1557 dietim,
1279 1501 1339 1544 uua
1362 1484 1453 1563 igitur
1476 1485 1551 1546 bora

192 1575 296 1649 partes
310 1566 449 1640 Telluris,
474 1585 550 1646 quaa
572 1568 700 1630 subsunt
723 1569 894 1647 aequaturi,
917 1567 982 1632 240
1005 1569 1146 1632 milliaria
1170 1568 1353 1634 Germanica
1376 1573 1454 1634 citra
1476 1591 1551 1636 con-

176 1667 270 1730 tram
293 1656 462 1732 conficiunt,
485 1657 618 1736 reliquae
641 1657 748 1730 minus,
773 1667 808 1718 ut
826 1675 960 1737 quaeque
980 1659 1057 1737 polis
1073 1659 1197 1720 vicinior
1215 1667 1273 1722 est.
1320 1661 1444 1722 Additis
1459 1661 1551 1739 igitur

193 1743 258 1810 240
281 1743 459 1808 milliaribus
482 1744 647 1824 superficiei
676 1746 713 1808 ad
746 1741 810 1808 740
834 1747 945 1819 centri,
978 1756 1162 1824 consurgunt
1192 1747 1271 1810 mille
1305 1749 1367 1810 iere
1400 1751 1550 1824 milliaria,

194 1843 335 1915 quantum
358 1832 491 1894 aetheris
514 1833 647 1912 spatium
669 1833 740 1896 urbs
764 1835 865 1914 aliqua
888 1835 944 1896 sub
974 1842 1137 1914 aequatoro
1167 1835 1228 1898 404
1261 1837 1402 1900 emetitur
1434 1839 1463 1900 in
1491 1857 1552 1900 una

193 1923 269 1987 hora
290 1922 407 1986 mediae
430 1922 544 1984 noctis:
578 1921 623 1984 04
646 1923 811 1986 subtractis
835 1919 901 1988 240
923 1918 944 1986 ri
967 1921 1048 1999 740,
1078 1932 1197 1986 restant
1220 1923 1285 1990 500
1308 1925 1463 1999 milliaria,
1493 1927 1552 1992 iter

193 2011 280 2074 unius
311 2011 401 2074 horae
434 2011 618 2074 meridianae
651 2011 708 2074 sub
739 2021 903 2092 aequatura
925 2032 980 2092 per
1003 2031 1107 2074 auram
1131 2014 1314 2080 aetheream.
1362 2015 1448 2077 Unde
1472 2016 1554 2080 subit

193 2100 393 2174 considerare,
417 2099 487 2178 quia
510 2100 600 2180 duplo
624 2100 750 2164 celerior
772 2110 821 2164 est
840 2101 985 2180 trajectus
1000 2102 1158 2164 Terrarum
1183 2111 1343 2166 nocturnus
1369 2104 1473 2169 diurno
1497 2105 1553 2166 sub

193 2199 366 2270 aequetore,
391 2208 428 2250 an
451 2189 508 2252 hoc
531 2189 644 2269 aliquid
667 2190 767 2268 possit
789 2191 827 2254 ad
844 2189 1041 2268 frigiditatem
1060 2191 1201 2266 noctium,
1226 2209 1264 2252 ex
1282 2192 1340 2254 hnc
1354 2211 1409 2254 ceu
1423 2194 1553 2273 quadam

193 2277 407 2351 ventilatione3
440 2285 471 2340 et
500 2297 539 2338 an
563 2278 656 2340 etiam
679 2278 716 2340 oh
741 2279 818 2342 hanc
846 2298 970 2342 causam
994 2279 1120 2359 tempori
1144 2279 1292 2342 matutino
1316 2281 1412 2360 major
1441 2281 1552 2361 gratia,

193 2367 264 2448 quis
285 2375 389 2446 partes
413 2366 555 2442 Telluris,
587 2367 617 2428 iu
641 2369 747 2447 quibus
771 2366 825 2430 Sol
844 2368 909 2448 jam
931 2367 1041 2443 oritur,
1071 2387 1107 2430 eo
1137 2377 1286 2432 momento
1310 2379 1394 2432 recta
1418 2369 1554 2437 feruutur

193 2457 313 2520 obviam
337 2473 428 2518 auras
452 2455 623 2526 aethereas,
647 2474 713 2518 cum
732 2465 845 2534 partes,
869 2456 918 2518 ubi
938 2455 993 2520 Sol
1016 2457 1135 2531 occidit,
1161 2476 1196 2518 eo
1220 2466 1355 2536 tempore
1380 2459 1465 2538 quasi
1490 2459 1551 2522 eri-

193 2547 314 2626 piantur
337 2564 374 2606 ex
398 2563 472 2608 aura
495 2543 647 2606 aetherea.
694 2543 842 2624 Superest
860 2544 946 2606 nobis
963 2545 1059 2619 Luna,
1085 2564 1161 2623 quae
1184 2564 1274 2623 snper
1296 2555 1400 2608 centro
1420 2547 1549 2610 Telluris

193 2635 223 2696 iu
246 2653 306 2696 uua
330 2627 491 2694 11444476
514 2632 654 2694 milliaria
677 2633 810 2703 conficit,
844 2633 914 2712 quia
944 2630 985 2694 60
1009 2633 1242 2696 semidiametris
1266 2653 1285 2694 a
1308 2634 1428 2696 Tellure
1452 2635 1552 2696 abest.

193 2723 282 2786 Adde
305 2716 371 2784 476
394 2721 434 2780 44
457 2721 515 2780 iter
538 2721 633 2782 centri
657 2719 787 2784 Telluris
810 2717 891 2794 740,
926 2719 1080 2800 consurgit
1110 2722 1170 2784 iter
1193 2721 1296 2784 Lnuae
1326 2723 1434 2802 plenas
1469 2719 1553 2786 1216

160 2870 164 2878 ,
194 2810 334 2874 milliaria
357 2827 410 2888 per
433 2827 536 2870 auram
571 2809 755 2872 aetheream.
802 2807 953 2872 Subtrahe
985 2809 1117 2872 vicissim
1150 2805 1215 2872 476
1248 2809 1287 2872 41)
1318 2810 1427 2872 itinere
1459 2810 1557 2880 centri
1637 2823 1641 2834 '

194 2896 270 2974 740,
294 2896 471 2977 relinquitur
494 2895 552 2960 iter
574 2897 679 2960 Lunae
703 2915 800 2960 norae
824 2897 852 2960 in
877 2917 937 2960 uua
959 2897 1034 2962 hora
1054 2894 1120 2961 264
1143 2897 1292 2960 milliaria.
1339 2899 1444 2962 Habes
1468 2919 1554 2964 4444..

193 2994 397 3050 mensuratam
430 2985 560 3047 omnium
593 2986 723 3050 siderum
755 2987 942 3050 celeritatem
977 3006 1014 3048 ex
1048 2985 1223 3066 Cuperuieo.
1271 2986 1366 3050 Fixae
1396 2989 1476 3052 euim
1498 3007 1552 3068 pro
1630 3057 1634 3064 ,

193 3078 258 3140 1444
282 3081 353 3138 suut
377 3082 409 3137 et
432 3074 605 3155 quiescunt:
630 3073 685 3137 Sol
708 3095 762 3156 pro
786 3083 901 3138 motore
925 3080 974 3136 est
996 3082 1029 3137 et
1051 3084 1153 3138 tuetur
1173 3074 1302 3138 mediam
1318 3077 1420 3140 muudi
1438 3078 1552 3140 statio·

193 3185 260 3228 nem
284 3163 463 3238 immobilis;
492 3163 550 3225 uisi
578 3165 656 3244 quod
686 3165 820 3246 physicis
848 3163 1014 3227 rationibus
1037 3172 1271 3228 cousentaneum
1296 3165 1552 3230 4444100444-

194 3254 350 3318 meutariis
374 3253 411 3314 de
435 3251 565 3314 motibus
588 3254 696 3314 stellae
720 3254 843 3330 Martis,
876 3272 985 3332 corpus
1016 3253 1110 3335 ipsius
1141 3255 1274 3317 converti
1303 3255 1333 3316 in
1357 3274 1411 3318 suo
1434 3255 1552 3336 spati03
1583 3330 1585 3337 Ι

192 3352 226 3406 44
244 3345 299 3406 hac
321 3341 516 3404 conversione
531 3341 661 3422 speciem
683 3342 929 3416 immateriatam,
953 3344 1117 3417 mutrioern,
1142 3362 1196 3422 per
1210 3343 1437 3422 amplitudinem
1450 3343 1552 3406 mundi

192 3431 416 3550 circumagitet³
447 3449 536 3511 quarn
568 3430 669 3494 sidera
692 3433 825 3494 errantia
857 3431 958 3494 omnia
985 3439 1167 3512 sequantur,
1199 3440 1233 3494 ut
1266 3433 1403 3514 quodque
1427 3433 1550 3514 propius

193 3520 238 3582 ita
260 3520 396 3584 celerius.
421 3517 447 3594 ⁰)

281 3609 328 3672 Ne
352 3627 422 3670 vero
444 3607 493 3670 hic
517 3607 663 3689 trajectus
696 3607 725 3672 iu
757 3626 817 3670 una
849 3607 925 3670 hora
952 3625 1004 3688 per
1036 3607 1116 3670 mille
1147 3607 1289 3670 milliaria
1310 3608 1474 3670 etiamnum
1496 3608 1553 3670 tibi

193 3697 331 3760 rideatur
353 3697 553 3772 incredibilis,
580 3697 671 3776 jubeo
701 3703 732 3758 44
756 3697 947 3760 considerare
971 3695 1195 3778 proportionem
1217 3695 1380 3758 densitatis
1405 3696 1485 3758 atris
1509 3697 1550 3758 ad

193 3786 374 3849 densitatem
398 3784 539 3860 aetheris,
564 3803 652 3865 quam
675 3787 705 3848 in
720 3784 838 3866 Optiois
857 3787 1078 3859 demonstravi;
1103 3805 1141 3848 ex
1155 3804 1214 3864 qua
1228 3785 1365 3854 efficitur.
1389 3792 1422 3846 ut
1444 3784 1549 3860 multis

191 3874 328 3956 partibus
352 3873 518 3936 incredibili
540 3893 663 3936 numero
687 3874 876 3956 tranquillior
898 3875 939 3936 40
969 3875 1116 3954 trajectus
1140 3873 1222 3936 mille
1245 3871 1415 3935 milliarium
1439 3871 1469 3934 iu
1492 3891 1552 3937 una

191 3964 267 4027 hora
296 3982 350 4043 per
382 3961 551 4035 aetherem,
584 3981 671 4042 quam
704 3970 754 4024 est
784 3963 931 4044 trajectus
963 3963 1051 4026 unius
1082 3959 1222 4024 milliaris
1249 3959 1280 4022 iu
1311 3980 1370 4022 una
1399 3960 1475 4022 hora
1496 3979 1551 4040 per

192 4061 329 4116 nostrum
352 4057 463 4114 obrem.

280 4141 327 4204 04
343 4159 421 4204 4444
435 4139 475 4200 44
487 4137 696 4202 Ptolemaeum
711 4145 743 4200 et
761 4139 915 4218 antiquam
932 4135 1132 4210 sententiam
1156 4133 1255 4198 omnia
1269 4133 1403 4200 invenies
1418 4135 1550 4201 incredi-

190 4230 307 4294 biliora.
353 4229 390 4292 In
414 4227 467 4290 illa
489 4227 712 4290 semidiametar
730 4227 878 4307 sphaerae
896 4228 1023 4290 lixarum
1038 4221 1148 4290 20000
1163 4224 1291 4288 Telluris
1309 4224 1551 4288 semidiametros

189 4319 343 4400 possidet:
359 4315 493 4380 ambitus
509 4315 600 4402 igitur
610 4317 819 4398 eritsexagies
834 4323 882 4378 ter
890 4315 1026 4379 millium.
1051 4314 1194 4378 Modesta
1202 4333 1276 4376 4444
1290 4314 1449 4376 multitudo
1464 4333 1550 4376 com-

190 4417 300 4489 parata
313 4407 353 4470 ad
365 4403 621 4486 Coperuicanam;
635 4405 690 4468 sed
705 4425 781 4486 quae
796 4403 891 4468 omnis
906 4405 936 4468 iu
951 4423 1008 4466 uno
1020 4404 1067 4466 die
1082 4401 1236 4466 circumire
1252 4402 1369 4466 dicitur.
1391 4401 1551 4467 Debentur

192 4496 282 4578 igitur
291 4496 341 4560 uni
351 4496 443 4558 horae
458 4493 676 4557 semidiametri
687 4491 782 4570 2625,
799 4513 923 4575 quarum
938 4493 1089 4576 quaelibet
1099 4485 1165 4557 860
1173 4490 1315 4554 milliaria
1325 4491 1467 4557 continet
1492 4491 1550 4556 Hie

190 4587 258 4650 vido
281 4585 355 4648 mibi
377 4583 554 4648 immensum
577 4583 754 4660 discrimem
788 4581 955 4658 Saturnus,
988 4583 1037 4663 qui
1066 4587 1114 4644 est
1143 4581 1220 4662 apud
1243 4581 1451 4645 Ptolemaeum
1481 4581 1549 4646 tris

190 4675 357 4755 proximus,
390 4681 424 4736 ut
446 4691 499 4736 eas
529 4679 648 4736 tantum
677 4693 734 4736 uon
767 4680 893 4752 tangat,
927 4669 1094 4752 Coperuico
1123 4669 1153 4734 in
1180 4689 1240 4734 una
1261 4669 1337 4735 hora
1360 4669 1474 4750 trajicit
1494 4688 1549 4750 per

192 4759 256 4830 300
278 4762 431 4838 milliaria,
459 4761 635 4826 Ptolemaeo
659 4759 812 4828 2257500
837 4761 984 4824 milliaria.
1032 4757 1208 4826 Credendus
1231 4765 1280 4820 est
1302 4757 1395 4837 igitur
1418 4758 1549 4822 velocior

190 4852 272 4934 apud
292 4851 499 4917 Ptolemaeum
522 4871 611 4932 quam
634 4863 684 4918 est
705 4853 785 4936 apud
801 4849 1001 4932 Cepernicum
1016 4845 1148 4914 7525ies.
1195 4845 1369 4927 Quicunque
1384 4846 1549 4911 tentaverit

269 4956 357 5004 Koplarl
370 4958 445 5007 opera.
460 4958 487 4996 u.
1301 4948 1334 5002 43
