3694 5528
328 279 393 350 5ll
787 281 905 333 uanam
924 281 955 333 ss
972 281 1041 334 tons
1059 279 1220 334 samonum.

456 463 497 523 V.
544 460 724 538 Terrigenas
747 475 841 536 genos
864 457 1003 526 invisum,
1027 457 1177 520 molimine
1203 467 1290 522 vasto

595 546 729 610 Conatos
753 545 863 608 Terras
883 547 1009 625 jungere
1034 547 1191 621 sideribus,

542 637 662 697 Vindex
685 636 791 696 dextra
812 633 900 695 Jovis
924 653 1027 696 moues
1052 635 1181 697 detrusit
1204 635 1244 696 ad
1267 635 1362 710 irnos3

595 721 712 786 Atnhiti
737 741 852 784 merces
877 723 950 783 haec
975 723 1032 784 luit
1056 723 1184 803 imperii.

541 812 591 875 Nil
617 813 678 873 tale
702 812 848 872 affectans
874 809 1032 872 Galilaens
1057 812 1159 873 sidera
1183 810 1284 873 Terris

592 901 709 974 lunxit,
735 907 767 961 et
789 900 911 979 ignotas
935 899 1055 961 edocuit
1078 900 1225 973 chorees3

540 989 582 1050 Et
606 991 697 1049 decus
721 988 851 1049 astruxit
875 989 959 1049 coelo
983 986 1118 1068 divisque
1142 988 1269 1069 sibique,

594 1077 696 1138 Ausus
719 1076 892 1137 inaccessas
915 1077 1029 1155 primus
1053 1075 1129 1139 inire
1152 1075 1229 1138 rias.

543 1166 601 1226 Pro
626 1165 741 1226 meritis
767 1163 905 1226 Galilaea
930 1173 984 1225 tua
1006 1163 1085 1226 iuter
1109 1165 1210 1226 sidera
1233 1161 1384 1244 quondam

594 1255 664 1333 Ipse
689 1271 796 1314 novum
820 1252 949 1314 ambibis
974 1251 1067 1329 sidus,
1092 1261 1126 1314 ut
1149 1253 1203 1317 illa
1225 1252 1345 1314 Jovem.

545 1341 661 1412 Quodsi
685 1342 768 1403 nulla
791 1340 856 1401 dies
880 1340 1030 1402 Mediceis
1054 1341 1156 1403 sidera
1178 1341 1295 1421 perdet,

595 1431 687 1524 Nulla
711 1429 775 1493 dies
800 1447 906 1490 nomeu
930 1429 1037 1508 perdet
1059 1430 1088 1491 in
1113 1431 1184 1492 orbe
1208 1437 1301 1491 tuum.

447 1569 500 1632 VI.
547 1568 696 1648 Keplerus
720 1569 859 1640 Galilaea
883 1576 952 1630 tuus
975 1577 1029 1631 tua
1052 1569 1154 1631 sidera
1178 1568 1265 1630 vidit.

598 1659 695 1719 'lanto
720 1658 787 1737 quis
811 1656 929 1719 dubitet
952 1657 1073 1719 eredere
1100 1665 1180 1720 teste
1204 1656 1284 1718 tibi?

545 1745 579 1808 Si
604 1745 674 1826 quid
697 1746 727 1807 in
751 1746 819 1819 hoc,
843 1753 874 1807 et
898 1763 953 1808 nos
977 1745 1128 1808 Mediceis
1151 1746 1279 1808 vidimus
1303 1751 1398 1818 astra,

599 1833 719 1912 Pragae
744 1852 942 1914 marmoreum
966 1834 1026 1896 fert
1049 1833 1099 1896 ubi
1122 1834 1227 1896 Molda
1245 1834 1358 1914 jugum.

546 1921 657 1986 Vicisti
681 1919 830 1997 Galilaea,
855 1930 988 1984 tremant
1012 1922 1084 1984 licet
1108 1941 1195 1984 orons
1219 1931 1251 1982 et
1273 1921 1406 1992 umbrae,

599 2009 740 2090 Juppiter
761 2010 854 2084 illum,
879 2009 958 2071 istas
982 2009 1130 2090 opprimet
1153 2017 1221 2071 orta
1244 2007 1320 2071 dies.

333 2150 405 2212 Vll.
452 2150 509 2213 Ad
537 2148 824 2212 Serenissimum
854 2149 1022 2228 Magnum
1046 2149 1248 2211 Hetrnriae
1280 2148 1415 2210 Ducem
1449 2142 1616 2208 Cosmum
1648 2142 1693 2202 ll.

262 2289 266 2298 ,
333 2242 370 2302 de
394 2241 506 2302 collato
534 2239 563 2301 iu
589 2238 761 2300 Galilaeum
786 2238 957 2300 Galilaeu'm
989 2239 1026 2298 oh
1057 2239 1188 2300 siderum
1211 2237 1416 2298 Medioeorom
1443 2231 1694 2294 observationem

376 2329 556 2410 plusquam
582 2327 661 2387 mille
686 2345 841 2388 aureorum
866 2345 986 2388 nnnnere
1011 2327 1157 2407 tituloque
1181 2326 1356 2405 Philosophi
1380 2331 1411 2385 et
1434 2319 1646 2383 Mathematici

621 2415 667 2476 sui
691 2401 757 2476 cino
781 2415 939 2478 honorario
964 2414 1045 2476 mille
1070 2433 1225 2478 aureorum
1249 2422 1398 2477 ornatum.

547 2522 712 2584 Tuscorum
735 2520 806 2581 Dux
829 2521 951 2599 Magne,
977 2520 1076 2583 auimo
1100 2540 1188 2601 quam
1213 2517 1460 2598 domusmajor,
1542 2565 1557 2602 ⁶

600 2608 733 2689 Auspice
757 2627 814 2689 quo
838 2609 938 2688 patuit
961 2610 1058 2690 gloria
1081 2629 1191 2691 magna
1212 2608 1313 2672 Jovisl

547 2699 633 2760 Mens
658 2699 742 2760 eaelo
767 2707 898 2776 cognata
921 2707 976 2760 tua
999 2707 1047 2760 est
1070 2699 1227 2779 praeclara
1250 2696 1381 2760 foventis

601 2787 735 2865 Ingenia,
759 2789 894 2866 exemplo
919 2795 953 2850 ut
976 2787 1097 2866 regibus
1120 2805 1189 2849 esse
1214 2805 1317 2866 queas.

547 2873 660 2953 Regius
683 2875 735 2937 isti
759 2875 856 2936 animo
880 2875 985 2937 titulus
1010 2875 1135 2938 debetur
1159 2882 1190 2935 et
1214 2875 1284 2935 olim

600 2965 747 3025 Hetrusca
772 2981 858 3042 reges
878 2964 949 3042 jura
972 2963 1082 3025 dedere
1106 2965 1181 3025 solo.

547 3051 633 3112 Felix
656 3059 783 3130 patrono
808 3052 985 3114 Galilaeus!
1009 3052 1150 3133 luppiter
1172 3052 1226 3124 illi,

602 3137 687 3208 Quae
711 3147 744 3200 tu
768 3139 898 3213 donasti,
923 3140 1057 3219 praemia
1081 3141 1233 3203 debuerat

550 3225 608 3289 Pro
632 3228 757 3302 meritis,
783 3227 853 3289 Dux
875 3228 997 3307 Magne,
1024 3228 1079 3292 soli
1104 3247 1262 3292 sumsero
1287 3227 1436 3305 relinques

603 3313 741 3395 Sceptra,
767 3316 863 3376 locum
887 3318 975 3378 cedet
997 3317 1138 3397 Juppiter
1161 3319 1225 3398 ipse
1249 3317 1315 3379 tihi.

581 3455 669 3518 VlIl.
714 3455 889 3535 Ejusdem
917 3451 1128 3537 argumenti
1152 3457 1195 3518 ad
1220 3453 1444 3518 Galilaeum.

550 3561 617 3624 Non
642 3561 755 3622 frustra
775 3562 876 3642 medio
898 3582 931 3624 es
954 3573 1081 3626 venatus
1104 3563 1134 3625 io
1158 3563 1280 3625 aethere
1305 3561 1413 3624 stellas

605 3647 686 3712 Olim
711 3651 852 3726 latentes,
878 3661 910 3714 et
932 3653 1083 3731 stupenda
1103 3650 1264 3733 Cynthiae.

550 3739 727 3801 Foecundus
751 3739 836 3802 labor
859 3741 908 3802 hic
932 3741 1006 3802 tibi:
1032 3741 1077 3802 Tu
1101 3739 1241 3803 Galilaea
1264 3739 1421 3802 cohortem

603 3828 674 3890 Jovi
697 3827 816 3898 dedisti,
841 3828 982 3910 Juppiter
1002 3829 1111 3892 Jovem
1134 3829 1199 3892 tibi.

337 3963 395 4032 tx.
442 3965 492 4030 De
523 3968 688 4049 Dioptro
721 3987 783 4032 seu
819 3969 1057 4050 perspicillo,
1086 3972 1177 4053 quod
1211 3967 1428 4033 serenissimus
1466 3961 1618 4025 Cosmus
1651 3957 1696 4020 11.

340 4059 444 4136 Magn.
468 4059 554 4121 Hetr.
578 4059 649 4122 Dux
672 4058 889 4121 technothecae
912 4077 986 4121 suae
1008 4057 1197 4122 inferendum
1219 4059 1387 4137 ibidemque
1414 4050 1576 4116 memoriae
1599 4065 1698 4108 cauea

653 4147 869 4211 asservandum
892 4148 1018 4224 curavit,
1043 4166 1098 4228 par
1119 4147 1377 4229 prosopopoeiam.
1652 4151 1659 4168 ⁸

551 4250 619 4324 Quo
641 4253 769 4334 primum
791 4263 915 4334 patuere
940 4253 1001 4333 poli
1026 4262 1154 4326 secreta,
1180 4254 1319 4334 dioptrcn

604 4341 661 4404 Hic
684 4341 798 4417 habito,
823 4343 917 4417 dices,
941 4341 1063 4422 dignum
1086 4343 1225 4405 habitare
1247 4341 1328 4422 polo.

530 4429 619 4493 'Non
642 4430 726 4505 libet,
752 4431 875 4493 obvenit
897 4430 997 4511 potior
1020 4429 1091 4492 milri
1116 4429 1319 4494 sedibus-illis

597 4516 712 4582 Gloria
735 4526 819 4582 tecta
841 4519 913 4581 mihi
936 4527 1008 4581 sunt
1029 4519 1169 4582 Medicea
1192 4521 1288 4599 polus.
1307 4510 1349 4587 ¹⁶)
