3672 5528
314 285 376 352 176
484 312 491 322 ·
783 273 973 345 Paralipomena
990 277 1016 330 in
1037 273 1201 331 ihtellionem.

314 464 418 536 lector,
443 461 469 522 si
494 457 602 522 alicubi
624 456 693 537 plue
716 457 753 518 de
775 457 1011 537 paralipomenis
1035 457 1072 518 ad
1090 457 1285 519 Vitellionem
1310 475 1398 538 quarn
1418 455 1454 521 de
1479 452 1666 520 astronomia

314 550 422 612 fuimus
446 548 577 611 solliciti.
625 545 696 610 Scio
720 545 888 608 naturalem
920 547 1094 610 methodum
1126 546 1296 626 postulare,
1330 553 1364 608 nt
1386 555 1495 626 agatur
1518 547 1602 608 initio
1627 547 1665 608 de

314 647 422 700 natura
452 636 527 698 lucis
561 636 683 715 ejusque
716 634 944 706 affectionibus,
978 651 1154 713 repercussu
1177 642 1209 695 et
1240 633 1438 710 refractione,
1473 635 1602 698 secundo
1626 635 1665 696 de

314 728 418 801 oculo,
443 726 502 806 'qui
524 723 705 786 refractione
738 729 878 796 constat,
912 724 1039 804 denique
1063 723 1100 784 de
1133 723 1302 801 catoptrica
1325 742 1378 786 sen
1410 721 1557 805 imagine,
1587 741 1666 804 quae

314 815 491 878 vicariorum
516 812 694 876 facultatum
718 811 838 873 soboles
852 820 910 874 est.
948 813 1014 874 Hoc
1029 811 1056 872 si
1079 811 1201 873 inissem
1224 818 1355 884 secutus,
1380 813 1474 874 multa
1489 814 1545 874 hoc
1563 811 1665 890 capita

313 904 400 966 rudia
423 911 455 963 et
477 902 661 980 anticipatae
691 901 816 962 notitiae
843 900 1008 980 praeterire
1038 901 1218 980 potuissem,
1248 899 1370 984 ipseque
1400 902 1475 963 adeo
1502 907 1664 964 contextus

314 991 549 1072 propositionum
583 988 760 1051 arctioribus
792 987 919 1051 vinculis
942 997 974 1050 et
997 988 1093 1050 forma
1121 987 1217 1066 magis
1249 989 1433 1068 geometrica
1463 987 1663 1052 constitisset.

314 1083 360 1142 At
382 1079 453 1141 mihi
477 1078 516 1140 ad
538 1078 626 1139 fidem
650 1069 756 1140 lectori
779 1077 948 1139 taciendam
973 1077 1070 1140 satius
1087 1084 1136 1138 est
1158 1075 1264 1152 visum,
1290 1078 1396 1140 seriem
1411 1079 1510 1156 ipsam
1532 1095 1666 1139 mearum

315 1168 518 1232 inventionum
541 1166 645 1246 sequi;
674 1167 762 1227 simul
791 1167 960 1246 catoptrica
982 1167 1056 1226 haec
1085 1165 1313 1245 paralipomena
1337 1165 1391 1228 snb
1418 1167 1524 1247 jugum
1547 1165 1664 1228 refrac-

316 1260 429 1318 tiouum
452 1255 695 1334 explicandarum
718 1255 837 1317 mittere
862 1261 893 1315 et
916 1255 958 1316 sic
982 1255 1058 1315 haec
1081 1271 1197 1334 quoqne
1225 1254 1443 1334 quadamtenus
1467 1256 1497 1316 in
1521 1263 1665 1315 astrono-

315 1347 421 1408 micum
446 1344 599 1406 servitium
622 1344 762 1418 trahere3
785 1362 821 1404 ne
836 1351 957 1423 praeter
978 1342 1148 1404 institutum
1167 1341 1278 1404 libriin
1299 1343 1405 1404 solium
1427 1344 1542 1423 regium
1566 1342 1666 1404 collo-

316 1444 421 1496 centur
449 1432 603 1512 ipsumque
636 1451 759 1512 scopum
789 1434 882 1494 totius
906 1432 1005 1510 operis
1038 1430 1197 1512 complecti
1228 1430 1406 1495 videantur:
1440 1431 1517 1512 quod
1552 1433 1665 1492 facturn

317 1523 434 1597 luisset,
460 1521 485 1582 si
509 1521 676 1583 naturalem
699 1520 872 1582 methodum
897 1539 995 1582 essem
1019 1527 1149 1586 secutus.

873 1747 1109 1758 ψ,-

884 1879 1003 1980 Caput
1034 1879 1097 1954 IV.

750 2058 807 2121 De
828 2061 1059 2142 apamenum
1079 2077 1235 2122 mennon.

359 2293 361 2302 Ι
406 2216 548 2282 Interfuit
572 2215 773 2280 astronomiae
798 2216 836 2277 ad
860 2216 1078 2292 certitudinem,
1104 2224 1136 2278 ut
1151 2214 1403 2278 constituerentur
1425 2213 1535 2294 anguli,
1561 2212 1669 2293 quibus

317 2309 393 2372 radii
416 2307 571 2370 stellarum
595 2326 614 2366 a
636 2305 687 2366 via
709 2312 794 2367 recta
816 2305 1029 2384 refringantur.
1067 2306 1203 2382 Interest¹
1222 2322 1298 2365 nunc
1322 2303 1415 2366 etiarn
1438 2303 1476 2364 ad
1499 2300 1668 2382 pulchritu-

318 2399 426 2470 dinem,
452 2395 529 2458 scire
552 2413 661 2456 causas
676 2393 765 2473 hujus
788 2394 964 2456 incrementi
989 2395 1172 2473 angulorum.
1210 2393 1314 2472 Neque
1331 2411 1404 2456 sane
1426 2391 1541 2459 inutile,
1565 2389 1669 2450 vidme

319 2506 357 2548 an
381 2484 451 2566 quid
475 2481 550 2546 certi
574 2482 641 2544 huic
664 2483 707 2545 rei
730 2481 842 2556 subsit,
873 2491 908 2544 ut
930 2491 1016 2544 tanto
1040 2481 1237 2544 confidentius
1266 2482 1462 2558 pronunciare
1493 2479 1668 2552 audeamus,

319 2595 357 2636 an
384 2571 498 2640 sintin
530 2570 604 2632 locis
637 2570 772 2632 omuibus
804 2569 1002 2632 retractiones
1034 2569 1167 2632 eaedem.
1224 2565 1291 2637 Quo
1328 2571 1452 2632 obtento
1484 2568 1551 2648 jam
1580 2567 1669 2644 longe

318 2663 407 2724 aliter
430 2659 656 2722 observationes
671 2667 806 2720 ueterum
821 2659 921 2738 magni
940 2659 1083 2721 momenti
1101 2657 1279 2721 tractandae
1298 2667 1376 2733 sunt,
1402 2657 1531 2738 quamsi
1551 2655 1669 2717 retrac-

319 2751 432 2814 tionum
455 2746 553 2810 nullus
577 2757 732 2830 respectus
756 2747 912 2810 habeatur.

293 2969 298 2978 ,
367 2911 394 2972 l.
432 2909 484 2971 De
514 2905 738 2969 velitatione
768 2905 972 2988 Tychonem
1004 2905 1101 2969 inter
1138 2913 1174 2968 et
1211 2905 1478 2970 Rothmannunr
1513 2919 1625 2983 super

761 2993 1026 3058 refractiouum
1057 2995 1222 3074 negotio.

408 3117 478 3180 Jarn
501 3118 615 3180 dudum
638 3117 774 3180 Alhazen
798 3116 900 3181 Arabs
924 3125 955 3180 et
986 3135 1025 3178 ex
1048 3135 1083 3179 eo
1105 3117 1233 3181 Vitellio
1266 3117 1478 3180 refractionum
1510 3115 1669 3178 materiam

237 3227 246 3244 ⁶
321 3206 495 3285 diligentius
519 3223 607 3284 quam
630 3224 812 3268 consuevere
835 3213 955 3268 veteres
980 3205 1132 3286 explicare
1155 3215 1225 3270 sunt
1245 3205 1392 3287 aggressi.
1429 3208 1476 3268 Ac
1491 3223 1557 3266 cum
1572 3205 1671 3267 ornnis

321 3303 426 3359 nostm
448 3293 578 3372 cognitio
593 3293 719 3372 primurn
734 3293 772 3356 ab
788 3295 973 3374 experientia
986 3293 1201 3373 proficiscatur,
1226 3297 1355 3376 primum
1369 3311 1471 3357 eorum
1494 3294 1671 3372 angulorum

322 3383 509 3465 quantitates
531 3380 739 3444 instrumentis
762 3383 964 3462 explorarunt,
990 3381 1096 3461 quibus
1118 3383 1195 3445 radii
1215 3403 1252 3445 ex
1266 3391 1336 3447 aere
1356 3383 1384 3444 in
1409 3401 1517 3465 aquam
1540 3381 1669 3460 ingressi

321 3471 533 3549 refringantur,
557 3477 622 3531 tum
646 3478 810 3545 eteorum,
836 3471 938 3552 quiex
962 3477 1030 3532 aere
1045 3471 1074 3532 in
1099 3473 1209 3534 vitrum
1223 3482 1254 3535 et
1278 3473 1378 3553 quiex
1403 3472 1523 3554 aquaiu
1548 3472 1668 3534 vitrum.

286 3629 290 3637 ι
323 3560 457 3639 Cumque
481 3557 629 3620 coelomm
653 3559 780 3620 materia
805 3559 841 3620 de
865 3568 998 3623 veterum
1031 3562 1182 3622 sententia
1204 3580 1279 3641 peue
1303 3561 1418 3637 vitrea,
1449 3563 1505 3624 hoc
1528 3569 1577 3622 est
1599 3577 1669 3640 cry-

322 3647 444 3711 stallina
468 3646 649 3718 crederetur,
673 3653 725 3707 abr
748 3653 818 3708 vero
842 3667 938 3728 aquae
962 3657 1046 3710 esset
1068 3649 1184 3724 affinia,
1218 3651 1345 3712 audacia
1367 3649 1502 3712 subvecti
1531 3657 1670 3712 auctores

323 3736 503 3800 adminiculo
535 3735 747 3797 refractionem
779 3735 809 3796 in
843 3737 992 3799 coelorum
1028 3755 1138 3799 arcana
1168 3739 1317 3818 inquirere
1350 3745 1522 3819 coeperunt.
1582 3739 1672 3801 Favit

322 3829 456 3907 ipsorum
479 3823 635 3886 conatibus
659 3823 863 3903 experientia;
888 3826 1077 3904 deprehensa
1091 3835 1139 3888 est
1162 3826 1263 3907 aliqua
1282 3826 1418 3890 etiamin
1442 3826 1671 3890 stellisrefrac-

324 3914 414 3978 tionis
437 3913 516 3976 ratio
540 3932 633 3993 eaque
658 3913 740 3990 talis,
765 3933 802 3975 ex
826 3933 884 3994 qua
908 3932 962 3993 per
984 3934 1021 3976 ea
1044 3914 1259 3994 experimenta,
1284 3935 1360 3996 quae
1384 3917 1412 3978 in
1438 3923 1516 3998 aqua
1539 3923 1571 3977 et
1594 3917 1672 3978 vitro

319 4005 382 4084 jam
406 4001 602 4082 comprobata
630 4003 764 4075 luerent,
796 4003 902 4064 aether
925 4021 982 4064 non
1006 4004 1126 4066 densior
1149 4011 1233 4080 atre,
1267 4005 1322 4066 sed
1346 4003 1402 4066 hoc
1429 4005 1523 4068 multo
1556 4007 1673 4067 tenuior

322 4092 510 4172 pronuntiari
541 4109 632 4170 posse
664 4091 823 4152 rideretur.
868 4093 928 4152 Diu
961 4092 1102 4170 neglecta
1129 4093 1203 4155 haec
1232 4112 1303 4154 cura
1330 4102 1401 4173 post
1432 4094 1547 4176 aliquot
1569 4093 1673 4157 secula

324 4181 532 4263 'l'ychonem
555 4179 676 4241 Brahe
699 4179 838 4247 incessit,
863 4180 911 4258 qui
935 4179 1142 4243 subtilissimis
1170 4180 1378 4244 instrumentis
1406 4184 1532 4262 angulos
1555 4182 1672 4246 relrac-

324 4270 438 4331 tionum
460 4268 491 4329 in
515 4273 598 4341 abre,
624 4267 702 4347 quod
726 4267 852 4329 Vitellio
875 4268 1066 4346 neglexerat,
1091 4270 1188 4334 metiri
1213 4279 1260 4332 est
1288 4289 1461 4350 aggressus.
1509 4269 1674 4335 certarunt

325 4377 392 4420 cum
415 4358 471 4419 hoc
495 4365 557 4418 tum
581 4355 715 4435 plurimis
740 4355 807 4418 aliis
830 4355 961 4418 inventis
985 4357 1027 4432 is,
1053 4377 1139 4438 quem
1163 4358 1240 4433 dixi,
1266 4359 1393 4441 Tycho
1417 4368 1448 4421 et
1471 4359 1673 4424 Rothman-

325 4465 390 4508 nus
426 4445 556 4506 Hasaiae
591 4444 776 4524 Landgravii
813 4443 1058 4508 Mathematicus.
1120 4445 1335 4510 Controversia
1372 4447 1408 4509 de
1445 4449 1674 4513 retractionibus

327 4534 421 4594 multa
444 4542 492 4595 est
514 4533 544 4594 in
568 4541 650 4594 tomo
677 4534 705 4594 l.
751 4531 957 4612 Epistularum
979 4534 1266 4612 Astronomicarnm‚
1293 4555 1367 4616 quas
1391 4555 1469 4598 anno
1493 4535 1547 4602 97.
1573 4539 1674 4622 Tycho

325 4620 438 4695 edidit,
471 4622 548 4682 hanc
572 4621 622 4701 qui
645 4620 728 4681 volet
758 4621 827 4681 inde
857 4631 952 4700 petat.
970 4616 1012 4697 ²⁰)
1057 4625 1091 4685 In
1121 4625 1296 4706 praesentia
1327 4643 1472 4687 summam
1505 4629 1674 4690 ascribam:

325 4707 429 4787 'lycho
444 4711 525 4787 prior
544 4707 804 4771 areiractionibus
828 4711 992 4772 cavendum
1008 4713 1121 4774 monuit
1135 4715 1165 4775 in
1187 4707 1341 4793 capiendis
1357 4712 1438 4776 Solis
1454 4715 1674 4779 altitudinibus.

326 4791 459 4856 Causam
492 4795 603 4872 obiter,
636 4807 670 4858 ut
698 4799 725 4858 in
750 4796 915 4859 Vitellioue
949 4799 1077 4878 legerat,
1111 4803 1140 4864 in
1174 4803 1346 4866 discrimina
1378 4804 1457 4866 aeris
1481 4812 1513 4868 st
1543 4805 1676 4868 aetheris
