3566 5536
718 315 843 382 spurga.
1382 302 1446 373 rso

76 521 81 533 ·
108 499 220 576 studet,
244 517 337 582 neque
361 498 391 562 in
405 497 589 580 privatorum
611 495 741 576 gratiam
763 494 838 558 talia
860 491 1020 556 scriberem
1037 509 1174 574 parerga,
1197 489 1304 573 quibus
1326 487 1446 551 abster-

106 591 160 653 riti
182 597 214 652 et
235 588 403 651 abalienati·
421 589 514 651 ceteri
536 587 635 668 ipsum
657 585 784 648 forsitan
806 607 840 646 ro
863 583 945 663 cippos
966 582 1045 664 quod
1067 588 1165 644 tracto
1192 579 1323 642 universi
1348 576 1448 658 negli-

107 687 191 760 gant.
230 677 329 750 Quam
345 696 400 758 ego
423 676 728 755 circumscriptionem
740 672 862 738 maximi
884 670 1018 734 beneficii
1037 671 1104 733 loco
1122 670 1238 732 habeo:
1263 687 1329 731 cum
1348 674 1448 730 certus

108 769 176 842 sim,
201 767 227 829 si
249 766 323 830 mihi
345 766 436 829 animi
460 787 549 829 sensa
580 765 718 828 licuisset
744 764 824 846 typis
854 779 1028 842 expromere
1058 759 1152 822 libere
1175 765 1207 822 et
1229 765 1314 820 extra
1336 757 1448 820 limites

106 855 306 939 professionis
322 873 417 931 meae,
439 864 561 937 propter
583 854 794 935 cognationem
816 870 915 915 rerum
928 850 959 912 in
971 848 1109 932 politiam
1124 855 1155 911 et
1168 846 1314 912 ecclesiae
1337 853 1450 908 statum

108 963 282 1020 excurrere,
315 945 414 1007 nullas
442 945 531 1008 hodie
563 952 667 1026 partes
697 963 765 1006 esse
796 948 979 1023 pugnantes,
1010 959 1085 1020 quas
1097 983 1102 1000 „
1117 937 1279 1019 scriptione
1301 953 1368 998 mea
1390 953 1449 996 non

107 1035 215 1097 fuerim
239 1035 415 1108 offensurus,
439 1034 557 1098 scilicet
580 1035 696 1109 ,Iliacos
716 1043 791 1098 intra
812 1059 903 1097 muros
928 1045 1059 1112 peccatur
1079 1045 1108 1094 et
1128 1035 1234 1094 extra‘*
1268 1026 1332 1089 Net
1350 1023 1452 1087 nullut

107 1131 176 1186 erat
189 1130 297 1198 metus,
311 1123 392 1185 idem
406 1123 479 1186 mibi
493 1131 676 1198 eventurum,
695 1123 775 1205 quod
790 1121 878 1196 aliis;
903 1120 981 1203 quod
997 1126 1028 1181 et
1042 1117 1188 1192 Fabricio,
1204 1114 1289 1195 cujus
1308 1113 1451 1218 scriptum

108 1215 147 1276 de
172 1212 438 1292 significationibus
460 1213 549 1294 hujus
573 1212 681 1275 stellae
705 1211 779 1274 nihil
795 1211 877 1274 alind
899 1209 1042 1284 continet,
1066 1209 1155 1291 quam
1173 1204 1311 1288 querelas
1333 1203 1370 1265 de
1386 1222 1450 1264 suis

107 1301 233 1376 vicinis,
264 1301 434 1382 opinionem
456 1303 493 1364 de
521 1309 603 1365 statu
631 1301 752 1384 Imperii
774 1307 806 1362 et
837 1298 1017 1362 desiderium
1046 1297 1197 1360 vindictae
1229 1301 1318 1376 atque
1348 1309 1451 1354 emen-

109 1390 255 1454 dationis.
301 1391 406 1472 Itaque
429 1391 473 1454 sic
499 1391 611 1456 format
641 1413 696 1454 sua
724 1390 854 1464 oracula,
879 1407 915 1450 ac
938 1387 1025 1450 siah
1049 1405 1083 1450 eo
1112 1385 1291 1466 magistratu
1315 1382 1369 1445 sub
1392 1399 1450 1463 quo

109 1480 190 1542 vivit
211 1480 374 1542 conductus
398 1487 481 1542 esset
503 1489 614 1556 orator,
636 1481 748 1562 partim
771 1481 810 1542 ad
828 1478 985 1540 terrendos
1007 1475 1137 1540 rebelles
1160 1483 1192 1537 et
1208 1472 1304 1536 malos
1327 1470 1452 1544 vicinos,

109 1568 223 1649 partim
244 1568 284 1630 ad
306 1568 524 1632 conciliandum
547 1579 578 1633 et
600 1570 789 1633 excitandum
813 1568 985 1634 Caesarem.
1031 1566 1084 1630 Sic
1108 1563 1244 1630 Orabbns
1266 1560 1355 1643 plane
1378 1577 1452 1622 oon·
1526 1575 1528 1578 ·

110 1657 257 1720 siliarium
280 1656 353 1737 agit,
377 1660 539 1722 ostendens
561 1679 611 1723 res
635 1659 817 1724 Christianis
839 1656 936 1738 perire
958 1675 1012 1737 per
1035 1655 1202 1718 socordiam
1226 1659 1257 1714 et
1279 1649 1452 1714 somnolen-

108 1748 200 1820 tiam,
225 1745 410 1828 Turcamque
439 1748 559 1812 hostem
590 1750 647 1812 hoo
675 1755 764 1830 pacto
795 1746 1014 1810 convalescere.
1060 1746 1124 1809 Neo
1150 1739 1326 1824 perpendit,
1359 1756 1453 1821 quae-

112 1853 228 1918 cunque
250 1844 354 1898 narrat
377 1855 429 1899 seu
451 1857 523 1899 vera
547 1857 599 1901 seu
621 1839 715 1914 salsa,
739 1838 853 1900 trustra
875 1855 907 1898 se
930 1853 1072 1909 narrare;
1100 1852 1159 1895 non
1182 1831 1261 1894 enim
1284 1836 1369 1891 erant
1392 1827 1452 1889 ists

113 1924 309 2005 proponenda
330 1924 361 1986 in
383 1928 585 2007 prognostico,
610 1929 664 1990 sed
681 1927 712 1989 in
728 1945 838 1989 arcano
859 1924 995 1996 consilio,
1019 1930 1072 1986 aut
1088 1921 1264 1995 tacendum
1287 1938 1355 1980 cum
1377 1913 1452 1979 nihil

112 2013 175 2075 tale
199 2013 313 2075 coelum
336 2013 422 2077 nobis
446 2016 543 2092 dicat,
574 2017 743 2080 morborum
764 2034 836 2078 vero
859 2014 974 2077 indices
1005 2031 1121 2095 semper
1151 2011 1253 2091 plures
1281 2008 1343 2071 sint
1364 2023 1452 2088 qnam

111 2101 231 2164 medici.
276 2103 377 2184 Atque
399 2104 447 2166 his
469 2106 559 2168 rebus
581 2106 613 2168 hi
636 2125 703 2168 sese
727 2104 891 2169 deridiculo
913 2110 1064 2185 exponunt
1089 2101 1259 2164 multorum.
1305 2096 1452 2160 Salaber-

112 2191 219 2252 rimum
240 2191 341 2274 itaque
368 2193 525 2258 consilium
554 2195 626 2257 mihi
649 2215 715 2258 cum
736 2194 813 2257 haec
835 2211 903 2257 mea
925 2192 1070 2266 conditio,
1099 2199 1163 2252 tum
1184 2191 1267 2252 Deus
1290 2186 1355 2269 ipse
1379 2201 1452 2265 sup·
1482 2227 1494 2250 r

111 2279 259 2361 peditavit
281 2282 417 2363 exemplo
441 2285 503 2347 sui:
527 2284 577 2366 qui
599 2285 739 2366 generale
763 2285 879 2364 signum
902 2281 1030 2344 omnium
1051 2281 1182 2362 partium
1202 2277 1296 2340 oculis
1320 2273 1454 2337 exhibuit

114 2370 324 2450 spectandum:
349 2379 383 2433 ut
405 2372 581 2436 admoneret
603 2374 748 2454 singulos,
771 2374 801 2436 in
816 2393 849 2436 se
868 2373 1083 2434 descenderent
1107 2387 1217 2450 suaque
1239 2365 1315 2428 vitia
1337 2361 1453 2426 exami-

113 2467 222 2520 narent
244 2467 275 2520 et
298 2461 427 2541 cognitis
451 2463 513 2524 suis
541 2462 691 2525 erroribus
720 2463 840 2543 suisque
868 2460 1030 2523 sceleribus
1053 2459 1216 2520 adversm
1238 2452 1454 2536 poenitentiam

113 2553 365 2610 converterentur.
412 2550 552 2613 Imitatus
583 2558 633 2612 est
661 2552 718 2613 hoc
749 2551 829 2613 idem
859 2555 894 2611 ut
923 2548 1083 2629 plurimum
1114 2555 1146 2608 et
1173 2545 1274 2628 Tycho
1304 2543 1451 2615 Braheus,

115 2635 200 2714 cujus
222 2636 353 2716 vestigia
375 2631 445 2718 quid
469 2658 577 2702 causae
602 2639 643 2701 sit
665 2639 735 2721 quin
756 2659 860 2720 presse
884 2657 1001 2720 sequar.

200 2724 349 2786 Nimirum
377 2745 486 2806 magna
517 2734 566 2789 est
596 2727 678 2809 vulgi
707 2729 827 2791 vanitas
854 2735 886 2790 et
913 2722 1143 2808 perversissima
1171 2720 1371 2785 consuetudo:
1404 2717 1454 2800 qui

114 2819 253 2893 portento
277 2813 377 2894 aliquo
401 2815 544 2878 divinitus
572 2812 704 2879 exhibito
733 2818 837 2880 statim
869 2816 971 2878 oculos
994 2822 1024 2877 et
1047 2832 1135 2876 aures
1158 2813 1196 2874 ab
1219 2810 1272 2872 illo
1295 2809 1335 2870 ad
1357 2808 1452 2870 inter-

113 2907 231 2982 pretcm
262 2909 457 2979 convertunt,
485 2906 564 2968 huno
590 2907 762 2989 ipsumpro
785 2926 862 2970 novo
885 2905 1031 2968 habentes
1061 2908 1218 2984 portent03
1250 2897 1373 2962 solliciti
1395 2915 1454 2959 non

114 2990 221 3072 quibus
243 2990 410 3055 rationibus
429 2991 456 3055 is
473 3002 585 3069 utatur,
609 2996 664 3058 sed
682 2995 801 3059 omuino
823 2995 964 3077 quidnam
979 2994 1061 3056 dicat
1079 2999 1251 3054 eventumm
1267 2987 1454 3050 verissimum

114 3079 173 3160 ipsi
194 3087 365 3160 portentum
372 3102 381 3157 ;
412 3082 462 3164 qui
485 3083 675 3159 existimant,
706 3085 793 3148 unius
825 3082 1037 3164 astrologastri
1065 3081 1165 3163 gratia
1188 3078 1281 3142 etad
1304 3094 1454 3139 commen-

115 3168 231 3230 dandas
262 3169 326 3249 ejus
357 3170 530 3235 subitaneus
563 3173 716 3252 opiniones
746 3174 898 3237 incensum
927 3191 994 3235 esse
1018 3191 1037 3232 a
1058 3173 1124 3235 Deo
1158 3169 1240 3231 sidus
1263 3167 1294 3228 in
1323 3165 1453 3227 aethere.

113 3259 217 3339 Neque
239 3259 315 3320 haec
338 3278 394 3340 ego
417 3262 507 3342 vulgo
530 3281 583 3344 per
611 3261 789 3326 calumniam
811 3265 859 3326 vel
882 3261 1145 3342 exaggerationem
1171 3258 1296 3320 tribuos
1316 3273 1366 3317 res
1388 3254 1456 3334 ipsa

115 3354 172 3421 est,
195 3365 284 3428 quam
306 3349 381 3411 dico.
427 3351 583 3432 Perpende
605 3371 717 3433 quaeso
740 3351 807 3433 quis
828 3351 919 3433 paulo
941 3350 1120 3431 religiosior,
1143 3346 1242 3429 panlo'
1255 3345 1294 3406 ad
1315 3341 1455 3406 humani-

116 3442 209 3496 tatem
223 3437 417 3518 propensior,
440 3459 500 3502 non
515 3441 554 3502 ad
571 3460 672 3504 omnes
695 3441 841 3522 astrologi
864 3459 955 3503 voces
969 3447 1112 3520 tanquam
1134 3437 1259 3499 totidem
1278 3435 1317 3496 ad
1335 3432 1456 3494 oracula

117 3530 251 3586 attentos
268 3533 333 3589 est:
359 3529 476 3592 omnino
500 3529 678 3592 existimans
701 3529 819 3594 occulta
833 3529 891 3593 Dei
915 3528 1111 3610 dispositione
1128 3525 1188 3588 dici
1202 3523 1322 3606 geriqne
1339 3521 1454 3596 omnia3

118 3615 308 3694 quantumvis
331 3616 481 3698 intelligat
503 3619 700 3682 vitiositatem
716 3619 1016 3700 argumentationum,
1040 3616 1145 3698 quibus
1161 3614 1333 3693 astrologus
1351 3609 1455 3672 utitur.

115 3700 294 3802 Huiusmodi
316 3702 482 3770 homiuibus
498 3709 580 3771 nulla
597 3728 726 3790 unquam
741 3708 906 3770 declaratio
921 3707 965 3770 rei
982 3706 1097 3783 sufficit,
1121 3721 1196 3787 quae
1212 3703 1292 3765 intra
1313 3699 1456 3762 terminos

117 3797 193 3852 artis
215 3792 379 3869 consistat3
404 3796 458 3857 sed
478 3797 634 3877 postulant
656 3799 694 3861 sb
717 3799 886 3879 astrologo,
910 3805 943 3860 ut
964 3797 1070 3859 intima
1092 3792 1183 3856 animi
1207 3809 1297 3854 sensa
1319 3808 1372 3870 per
1395 3786 1456 3852 cir-

117 3881 315 3944 cumstantias
331 3881 470 3956 locorum,
493 3895 669 3968 temporum,
689 3905 894 3968 personarum,
913 3885 1091 3965 religionum
1103 3899 1259 3963 rerumque
1273 3878 1457 3961 publicarum

116 3968 281 4032 nudissime
305 3971 342 4033 ob
365 3971 516 4036 hominum
539 3976 642 4038 oculos
664 3984 775 4057 ponat;
800 3977 906 4058 quibus
928 3975 979 4037 ille
1002 3973 1060 4036 nisi
1082 3969 1225 4052 paruerit,
1248 3969 1305 4031 hoc
1328 3975 1377 4030 est
1398 3966 1458 4029 nisi

35 4127 41 4144 ⁹
116 4057 323 4159 ineptissimus
345 4061 515 4126 mortalium
537 4065 664 4140 evadat,
691 4065 756 4144 jam
778 4064 880 4128 varias
902 4063 1027 4126 incurrit
1048 4059 1313 4141 reprehensiones:
1344 4063 1458 4136 negant

117 4165 216 4228 rpsum
238 4167 328 4230 agere
352 4151 487 4228 candide,
510 4153 684 4216 insimulant
705 4152 886 4229 timiditatis,
911 4150 1102 4226 adulationis,
1126 4147 1303 4211 desectionis
1326 4152 1357 4208 et
1374 4144 1456 4209 mille

116 4235 288 4314 criminum;
312 4258 406 4322 neque
430 4241 617 4323 distinguunt
638 4241 717 4305 inter
739 4241 953 4304 astronomiam
977 4247 1008 4302 et
1027 4239 1238 4319 astrologiam,
1262 4236 1321 4298 rati
1343 4234 1456 4298 nullam

118 4325 181 4388 fore
212 4329 413 4392 astronomiae
443 4331 621 4406 utilitatem,
651 4331 709 4394 nisi
733 4351 770 4393 ea
796 4349 850 4412 per
879 4330 1086 4393 divinatricem
1115 4347 1181 4390 oum
1210 4325 1342 4388 externis
1373 4323 1456 4385 hisce

118 4414 350 4480 circumstantiis
372 4419 403 4480 in
425 4419 545 4500 publica
566 4421 647 4483 vitae
674 4421 887 4484 consuetudine
915 4417 1104 4506 versantibus
1127 4417 1170 4480 ita
1193 4415 1399 4488 confundatur,
1423 4418 1457 4473 ut

119 4504 212 4568 omnis
235 4505 315 4582 vita,
346 4527 448 4572 omnes
471 4510 564 4571 etiam
586 4508 757 4573 levissimae
787 4509 937 4572 hominum
966 4508 1100 4571 actiones
1124 4527 1162 4569 ex
1184 4504 1269 4568 coelo
1298 4508 1456 4565 nectantur

120 4602 151 4656 et
171 4595 424 4675 praedefiniantur
453 4605 622 4662 eventurae.
668 4599 710 4662 Iis
733 4599 824 4680 igitur
845 4599 903 4661 hoc
934 4616 989 4678 ego
1019 4594 1218 4659 conclusionis
1247 4593 1313 4656 loco
1344 4591 1455 4654 dictum

119 4682 202 4760 volo,
230 4693 265 4748 nt
286 4704 353 4749 oum
381 4688 556 4751 curiositate
584 4708 640 4751 sua
665 4689 704 4750 ad
731 4689 906 4770 prophetias
927 4685 1077 4752 Joschimi
1099 4684 1230 4750 Abbatis
1253 4683 1285 4746 S.
1308 4681 1455 4762 Brigitae,

120 4773 240 4837 Merlini
263 4783 294 4837 et
314 4777 456 4860 reliquas,
480 4779 576 4860 adque
599 4775 741 4840 vaticinia
757 4778 884 4840 Antonii
899 4775 1053 4860 Torquati,
1077 4773 1227 4848 (larionis,
1243 4769 1455 4851 Theophrasti,

120 4863 229 4926 Jacobi
258 4865 454 4944 Hartmanni,
478 4866 641 4942 Misocaci,
674 4866 791 4931 Sibaldi
818 4866 979 4944 Braudini‚
1001 4864 1145 4941 Herlioii,
1175 4862 1225 4945 qui
1253 4881 1288 4925 os
1318 4859 1457 4924 suumin
