3652 5532
335 251 400 320 tut
591 267 600 282 ’
817 255 857 306 ιιι
875 253 1043 310 emaum
1060 255 1210 322 sessuras

336 435 474 508 solvens,
507 431 761 512 circumnavigata
782 433 921 513 Europa,
953 433 985 496 in
1007 433 1127 496 Italiam
1158 436 1242 498 venit
1291 435 1429 498 claritate
1460 454 1602 498 curamus
1634 454 1690 517 per
1779 475 1780 478 =

334 523 554 586 mediterranea
576 520 626 582 via
647 520 829 584 brevissima
850 530 956 586 euntes
978 530 1182 601 antevertens,
1205 484 1401 588 ctirumento
1423 523 1510 588 illato
1527 525 1690 587 caritatem

335 629 471 674 annonae
486 610 677 674 sublevavit?
714 610 796 683 Quid
811 611 905 673 habet
923 613 1019 678 simile
1034 613 1156 694 propior
1177 615 1343 695 antiquitas
1358 613 1522 676 hodiernae
1541 613 1689 676 scientiae

335 702 379 764 rei
401 700 563 763 militaris?
601 698 682 771 Quid
705 699 804 762 dicam
828 700 865 762 de
887 700 1042 764 hodiernis
1057 703 1173 765 artibus
1188 703 1371 766 mechanicia
1386 703 1579 766 multitudine
1596 703 1689 766 innu-

334 789 539 865 merabilibus,
555 789 723 852 subtilitate
738 789 1109 871 incomprehensibilibus?
1130 794 1182 855 An
1198 813 1257 855 non
1273 811 1377 856 omnes
1392 792 1555 873 scriptores
1565 799 1689 854 vetares

334 886 522 962 quotcunque
546 885 668 940 exstant
689 886 754 941 arte
777 879 996 961 typographica
1018 881 1049 941 in
1077 880 1174 942 lucem
1196 881 1286 944 hodie
1308 882 1515 944 vindicamus?
1550 882 1604 944 An
1628 901 1689 944 non

333 969 423 1032 hodie
445 968 510 1049 ipse
535 967 641 1032 Cicero
664 989 684 1030 a
707 969 820 1032 nostris
842 973 891 1031 tot
920 969 1033 1032 criticis
1055 988 1173 1035 rursum
1201 971 1292 1034 discit
1313 971 1423 1034 Latine
1445 969 1549 1052 loqui?
1577 969 1688 1050 Scrip-

332 1066 432 1128 torum
453 1075 525 1134 vero
547 1056 579 1120 in
602 1057 738 1120 omnibus
761 1057 957 1126 facultatibus
979 1058 1108 1121 maxime
1130 1067 1202 1140 post
1223 1079 1334 1124 annum
1356 1056 1449 1124 1563.
1473 1059 1571 1140 major
1593 1067 1688 1140 qnot-

334 1147 421 1210 annis
444 1146 600 1214 excuditur
622 1165 772 1222 numerus,
796 1165 885 1229 quarn
907 1147 989 1210 mille
1009 1148 1158 1210 anteactis
1176 1149 1279 1211 luerat
1294 1148 1509 1212 universorum.
1548 1149 1609 1211 Per
1629 1149 1687 1210 hos

333 1256 412 1300 nova
433 1235 524 1300 hodie
548 1236 631 1297 facta
655 1243 703 1298 est
725 1236 895 1316 theologia,
927 1257 1006 1299 nova
1032 1236 1287 1318 jurisprudentia,
1310 1245 1460 1300 novarnnt
1482 1245 1514 1300 et
1536 1237 1686 1300 Paracel-

335 1326 430 1400 sistae
448 1325 635 1400 medicinam,
660 1334 692 1387 ct
708 1323 907 1406 Copemiconi
923 1326 1147 1388 astronomiam.
1187 1327 1303 1408 Opinor
1321 1327 1458 1410 equidem
1472 1345 1550 1390 nnnc
1566 1327 1686 1388 demum

333 1416 445 1490 vivere,
468 1415 529 1477 imo
553 1422 585 1476 et
607 1413 704 1477 furere
719 1415 878 1477 mundum:
903 1433 997 1497 neque
1008 1417 1203 1478 ¹frustraneos
1220 1417 1315 1479 faisse
1329 1416 1401 1480 illos
1416 1416 1686 1480 selectissimarnm

333 1503 574 1586 conjunctionum
597 1503 744 1568 stimulos.

420 1593 478 1656 His
507 1593 608 1674 itaque
635 1594 792 1674 perpensis
823 1593 933 1656 stultos
961 1592 1156 1674 pronunciavi
1184 1594 1370 1675 astrologos,
1403 1593 1430 1656 si
1451 1600 1568 1674 putent,
1592 1593 1681 1656 nobis

333 1701 388 1764 per
411 1683 467 1745 hos
490 1683 606 1745 futuros
626 1679 691 1746 200
713 1703 808 1746 annos
830 1682 917 1764 plura
940 1682 1143 1762 exspectanda
1165 1690 1196 1744 et
1217 1684 1343 1764 majora,
1366 1701 1455 1766 quam
1477 1683 1596 1746 exactis
1619 1679 1684 1746 150

334 1772 538 1852 contigerunt,
562 1771 592 1832 vi
614 1772 733 1854 quidem
755 1772 886 1834 naturali
908 1771 1020 1850 trigoni
1042 1771 1122 1852 ignei
1145 1771 1183 1834 ab
1206 1793 1284 1836 anno
1311 1769 1403 1836 1603.
1429 1791 1539 1835 novum
1561 1771 1680 1834 initium

334 1859 480 1926 sumentis
513 1867 544 1922 et
576 1861 710 1923 solitarie
742 1861 935 1924 considerati.
980 1861 1049 1923 Nisi
1080 1862 1157 1923 sorta
1190 1862 1378 1937 existimant,
1410 1880 1520 1924 novum
1550 1861 1682 1942 aliquem

333 1951 435 2014 orbem
457 1950 608 2012 detectum
630 1958 683 2012 ant
705 1957 800 2012 artem
823 1950 943 2013 volandi
966 1959 1116 2032 repertum
1139 1950 1193 2026 iri,
1223 1971 1282 2032 qua
1308 1950 1340 2012 in
1362 1951 1481 2013 Lunam
1504 1969 1608 2012 eamus
1631 1958 1684 2012 aut

334 2041 365 2102 in
389 2039 480 2102 alium
502 2038 604 2101 mnndi
626 2039 748 2119 globum
755 2060 764 2115 ;
797 2040 903 2120 quibus
934 2039 1044 2102 hercle
1061 2040 1124 2120 jam
1154 2039 1212 2102 iste
1235 2039 1366 2105 Telluris
1395 2038 1503 2119 globus
1535 2047 1684 2118 augustus

335 2137 391 2192 cst.
440 2128 674 2210 comparatione
699 2137 865 2209 temporum
896 2127 1011 2191 Christi
1043 2137 1076 2190 et
1104 2128 1207 2192 Caroli
1230 2129 1352 2209 Magni,
1385 2128 1492 2210 quibua
1523 2127 1684 2192 Fabricius

333 2219 444 2293 utitur,
468 2235 517 2280 res
539 2223 686 2298 patescet.
731 2219 822 2279 Anno
846 2213 898 2281 40.
922 2216 1044 2282 Juliano
1068 2217 1088 2282 5
1111 2219 1199 2280 annis
1221 2225 1292 2280 ante
1315 2237 1417 2280 aeram
1440 2217 1685 2281 Christianorum

250 2323 253 2332 ’
335 2307 393 2377 luit
415 2305 584 2387 conjunctio
607 2324 717 2386 magua
739 2306 769 2368 iu
791 2290 946 2383 Piscibus3
970 2326 1046 2388 quae
1071 2307 1115 2370 sio
1137 2308 1236 2389 potuit
1256 2326 1311 2389 pro
1336 2306 1422 2370 initio
1444 2306 1549 2369 baberi
1571 2306 1685 2386 trigoni

333 2397 428 2477 ignei,
459 2403 493 2458 ut
524 2395 578 2458 illa
609 2415 686 2457 anno
720 2393 814 2459 1583.
846 2396 954 2476 potuit.
1007 2395 1167 2478 Imperium
1197 2397 1287 2476 igitur
1315 2397 1520 2461 Romanorum
1551 2396 1684 2478 amplius

334 2482 377 2550 40
400 2484 487 2548 annis
510 2492 600 2546 antea
622 2485 794 2547 devolutum
807 2493 885 2547 ‹erat
906 2505 925 2545 a
946 2486 1057 2566 populo
1080 2487 1119 2550 ad
1142 2486 1287 2548 familiam
1311 2485 1486 2550 Caesarum.
1531 2485 1598 2547 Nec
1616 2484 1684 2564 jam

333 2576 404 2638 novi
426 2573 496 2655 quid
519 2573 645 2650 accidit;
675 2593 744 2635 nam
774 2575 885 2636 mansit
914 2567 1070 2656 imperium
1097 2575 1127 2637 in
1156 2575 1214 2636 hac
1242 2574 1358 2636 familia
1381 2574 1478 2637 adhuc
1509 2570 1552 2637 70
1583 2573 1683 2647 annis,

334 2664 445 2728 mansit
467 2663 545 2744 apud
561 2665 731 2743 Augustum
755 2663 851 2725 adhuc
876 2661 914 2728 19
941 2664 1044 2740 annis;
1069 2665 1148 2746 apud
1171 2664 1247 2726 alias
1261 2665 1417 2728 Romanas
1439 2662 1571 2726 familias
1594 2663 1684 2743 prin·

334 2755 432 2836 cipum
454 2753 631 2816 diutissime.
680 2752 731 2815 Sic
761 2771 826 2815 cum
854 2752 984 2815 redisset
1013 2753 1101 2834 ignee
1130 2753 1291 2836 triplicitas
1321 2754 1401 2814 circa
1432 2770 1543 2815 annum
1566 2750 1685 2816 Christi

334 2839 413 2919 809,
436 2841 512 2904 nihil
533 2841 614 2916 novi,
637 2841 695 2903 nisi
718 2843 797 2923 quod
822 2841 950 2905 Carolus
971 2842 1103 2922 Magnus
1125 2843 1280 2925 imperium
1303 2841 1477 2916 occidentis,
1502 2860 1581 2902 anno
1606 2839 1683 2904 751.

334 2933 365 2994 in
387 2940 504 3013 patrem
517 2929 655 3012 Pipinum
678 2938 709 2991 et
723 2931 892 2994 Romanum
915 2951 992 2993 anno
1014 2929 1087 2995 801.
1102 2931 1133 2994 in
1153 2951 1186 2995 se
1206 2932 1396 3006 translatum,
1418 2931 1585 3011 praeclaris
1608 2949 1684 2992 snc-

335 3019 470 3084 cessibue
494 3019 650 3082 stabilivit
697 3019 777 3092 Quin
799 3019 915 3101 potius,
938 3019 1041 3082 missis
1063 3021 1232 3084 nominibus
1256 3019 1521 3084 constellationum
1542 3018 1685 3104 trigono·

334 3129 457 3192 rumque
487 3109 526 3171 ab
556 3109 626 3190 igne
648 3129 764 3191 aquave
793 3110 961 3184 ductorum,
990 3129 1041 3172 res
1072 3109 1156 3190 ipsas
1184 3110 1264 3189 jussi
1290 3110 1400 3172 intueri
1429 3116 1463 3172 ut
1490 3109 1581 3172 hodie
1613 3115 1685 3170 sunt

335 3205 536 3280 comparatae.
574 3199 732 3270 Quaedam
754 3198 834 3261 enim
856 3199 894 3260 ad
915 3197 1067 3279 fastigium
1090 3200 1281 3273 contendunt,
1306 3199 1452 3281 quaedam
1472 3199 1513 3260 ad
1527 3197 1683 3260 interitum

334 3295 473 3368 vergunt,
495 3287 680 3368 quarundam
701 3288 820 3350 duratio
843 3288 983 3350 diuturna
1005 3288 1122 3369 sperari
1143 3295 1254 3370 potest
1294 3290 1398 3370 ltaque
1419 3287 1571 3352 stimulm
1589 3287 1683 3350 istum

337 3375 556 3458 conjunctionis
579 3377 610 3438 in
633 3375 799 3456 Sagittario
828 3378 858 3440 in
886 3377 924 3438 iis
951 3377 1141 3457 potissimam
1166 3377 1354 3440 turbaturum
1383 3386 1416 3439 et
1445 3376 1684 3458 inquietaturum

334 3466 482 3539 hominos,
504 3483 580 3548 quae
603 3465 716 3528 habent
738 3465 793 3528 snb
815 3467 961 3528 manibus.
1008 3467 1094 3538 Quae
1117 3485 1188 3528 vero
1211 3467 1249 3528 de
1272 3485 1350 3528 noro
1372 3467 1462 3547 plane
1485 3465 1546 3528 sint
1567 3464 1684 3528 oritura

335 3555 494 3618 occasione
517 3554 660 3617 coelestis
682 3555 772 3634 hujus
795 3555 1061 3632 exstimulationis,
1085 3575 1121 3618 ea
1142 3556 1258 3636 majora
1280 3575 1348 3618 esse
1371 3575 1431 3618 non
1452 3573 1559 3636 posse,
1583 3573 1683 3635 qnan7

194 3657 198 3669 ·
334 3646 431 3727 tisper
452 3644 520 3706 sola
542 3643 651 3724 trigoni
675 3643 754 3724 ignei
777 3644 944 3707 dominetur
967 3646 1107 3720 efficacia,
1131 3664 1277 3728 quamque
1298 3645 1390 3725 paulo
1409 3652 1479 3707 ante
1501 3643 1678 3708 acciderint.

424 3735 472 3798 Ac
494 3733 551 3796 etsi
574 3741 732 3814 postquam
750 3753 829 3796 nova
851 3734 942 3797 stella
967 3735 1096 3797 accessit
1113 3734 1178 3814 jam
1200 3753 1290 3816 porro
1313 3735 1429 3814 majora
1449 3734 1551 3816 aliqua
1567 3731 1684 3813 sperari

333 3831 474 3908 possunt,
498 3830 600 3886 umen
622 3822 692 3905 quia
715 3821 806 3886 stella
828 3823 881 3885 illa
905 3823 1046 3888 fortassis
1069 3823 1218 3904 aliquibus
1232 3831 1359 3887 naturae
1374 3823 1404 3885 vi
1419 3823 1576 3886 exstitisse
1591 3821 1681 3884 vide·

335 3914 429 3991 bitur,
460 3920 495 3976 ut
524 3931 615 3994 supra
636 3913 667 3974 in
691 3930 837 3993 suspenso
860 3912 1051 3995 reliquimus,
1081 3913 1188 3994 quibus
1210 3912 1279 3976 ideo
1301 3912 1376 3976 nihil
1399 3921 1520 3994 practer
1543 3929 1681 3992 eaquae

336 4021 401 4085 cap.
419 4003 539 4068 XXVI.
560 4003 641 4065 dicta
662 4002 841 4083 portendere
864 4004 1022 4066 statuitur:
1047 4003 1130 4066 lubet
1151 4004 1181 4064 in
1196 4021 1298 4065 eornm
1320 4001 1450 4082 gratiam
1472 4001 1521 4065 hic
1539 3999 1681 4082 generale

335 4093 393 4156 hoc
414 4092 640 4175 pronunciatum
663 4092 700 4155 de
724 4093 831 4155 ellectu
853 4092 984 4156 naturali
1006 4093 1118 4173 trigoni
1140 4092 1220 4173 ignei
1251 4092 1400 4173 (adeoque
1422 4097 1455 4153 et
1477 4090 1600 4163 atellae)
1623 4107 1681 4150 ax-

335 4182 449 4264 plicare
471 4181 572 4244 latins.
618 4181 799 4262 Pugnabunt
820 4182 957 4245 nimirum
979 4183 1082 4262 Reges
1103 4182 1244 4263 Europae
1268 4182 1305 4243 de
1327 4180 1476 4261 imperiis,
1505 4180 1556 4243 hic
1577 4179 1608 4242 vi
1630 4196 1681 4240 raa

336 4279 442 4352 agetur
463 4271 527 4334 illic
548 4269 667 4333 insidiis
688 4289 743 4362 pro
761 4272 889 4334 diversis
910 4270 1062 4334 nationum
1081 4271 1227 4346 motibus3
1252 4270 1282 4332 in
1301 4269 1464 4333 Germania
1482 4277 1573 4351 atque
1588 4267 1682 4330 etiam

336 4360 410 4424 alibi
431 4359 529 4439 magis
550 4360 706 4441 magisque
735 4361 991 4424 exacerbabuntur
1018 4359 1124 4421 animi:
1157 4379 1215 4442 quo
1243 4358 1341 4438 magis
1370 4359 1596 4434 convalescent,
1628 4355 1681 4438 qui

337 4449 546 4531 antiquitatem
559 4448 731 4524 defendunt,
750 4448 808 4512 hoc
821 4450 943 4530 propius
957 4448 1087 4524 coibunt,
1104 4449 1155 4532 qui
1169 4449 1350 4522 libertatem,
1367 4453 1398 4510 et
1412 4467 1469 4530 qno
1488 4445 1681 4530 prosperiore

336 4538 368 4601 hi
389 4546 510 4601 utentur
532 4538 661 4614 fortuna,
682 4537 738 4601 hoc
760 4539 895 4601 acerbius
909 4537 1036 4600 invicem
1050 4537 1227 4602 mordebunt
1247 4544 1515 4619 consumenturque
1534 4536 1678 4599 invicem:

337 4629 458 4710 fierique
479 4635 551 4690 tuuc
564 4635 677 4709 potest,
697 4635 731 4689 ut
743 4647 838 4689 novae
855 4627 1012 4702 factiones,
1034 4646 1128 4690 novae
1151 4626 1307 4708 opiniones
1322 4621 1538 4706 emergant‘b
1570 4624 1680 4697 Quan-
1722 4663 1729 4678 ·

338 4735 427 4798 quam
449 4717 671 4780 contentionum
694 4717 823 4780 studium
847 4716 925 4797 apud
946 4714 1098 4796 politicos,
1122 4724 1156 4780 ut
1178 4715 1390 4797 supradictum,
1418 4717 1450 4778 in
1477 4713 1679 4778 declinatione

338 4811 401 4870 est:
424 4805 556 4870 existam
576 4805 668 4888 igitur
690 4806 919 4887 compositores,
942 4803 992 4887 qni
1015 4805 1074 4888 ipsi
1095 4825 1156 4870 non
1177 4804 1277 4872 minus
1298 4803 1452 4868 turbarem
1474 4803 1679 4878 concitabunt,
