3718 5528
738 246 741 250 ’
793 283 875 350 cau
892 284 935 336 nr
957 285 981 336 1·
1499 289 1564 358 aas

208 463 342 528 umbrae.
376 461 516 526 Getarum
539 465 618 542 quod
640 463 833 546 praecipuum
856 464 886 526 iu
909 463 956 528 bis
980 465 1155 546 corporibus
1173 467 1354 548 quaerimus,
1377 476 1449 532 suut
1463 489 1565 534 eorum

210 560 396 616 mutuatam
420 551 623 614 admirabiles.
669 554 714 616 Ut
734 573 806 615 vero
829 555 885 616 hos
913 555 1104 634 geometricis
1129 555 1434 622 demonstrationibus
1459 560 1564 640 expis-

210 641 272 704 cari
299 641 398 720 possit
427 649 631 717 astronomus,
662 641 752 704 situm
776 663 876 705 eornm
899 645 982 723 prins
1005 645 1212 708 instrumentis
1241 645 1415 709 dimetiatur
1437 667 1562 712 necessa

210 739 267 793 est.
307 729 389 792 Nam
411 737 444 793 ut
466 729 496 791 in
520 731 707 808 geometria,¹
731 749 795 794 euru
819 733 961 812 spiralem
985 741 1038 796 aut
1060 735 1194 796 corticem
1218 735 1383 798 sectionem
1408 756 1466 800 uno
1490 746 1562 801 actu

209 819 376 882 describere
408 819 579 901 nequimus,
611 829 724 900 puncta
758 822 859 902 aliqua
899 841 953 903 per
992 841 1068 904 quae
1107 823 1187 886 linea
1220 824 1333 886 transit
1360 825 1493 905 figimus,
1525 845 1563 890 cx

207 907 314 989 quibus
337 909 453 988 integer
475 908 572 970 lineae
596 917 713 972 tractus
737 911 944 986 dignoscatur,
973 912 1019 974 ita
1041 913 1071 973 iu
1096 914 1296 990 astronomia,
1328 915 1413 994 quod·
1429 915 1560 981 rudiori-

207 997 263 1060 bus
278 996 355 1068 dico,
374 1005 473 1059 motus
486 996 569 1076 ipsos
588 999 718 1062 siderum
733 999 854 1061 minime
873 999 1021 1063 cernimus
1040 1001 1150 1064 oculis:
1175 1003 1275 1064 varios
1296 1021 1366 1064 vero
1387 1003 1464 1065 situs
1478 1005 1560 1066 invi-

205 1103 272 1148 cem
294 1103 503 1166 comparamus
524 1086 652 1168 indeque
679 1089 806 1150 formam
836 1096 935 1151 motus
968 1090 1152 1170 quaerimus,
1185 1107 1244 1170 qua
1272 1108 1374 1153 omnes
1402 1091 1455 1154 isti
1482 1093 1561 1156 situs

206 1181 278 1236 aute
302 1175 400 1237 notati
424 1174 654 1257 consimilesque
686 1178 779 1240 futuri
806 1178 909 1240 ordine
939 1178 1123 1242 efficiantur·
1154 1197 1211 1259 quo
1241 1180 1366 1242 obtento
1394 1181 1561 1244 astronomi

205 1283 328 1326 munere
350 1265 437 1344 plene
462 1264 595 1327 defuncti
618 1285 730 1329 sumus.
776 1265 860 1328 Situs
883 1267 986 1348 itaque
1010 1269 1166 1332 stellarum
1189 1268 1266 1330 varii
1294 1269 1386 1332 certis
1414 1269 1561 1354 tempori-

205 1352 263 1415 bus
286 1360 358 1416 sunt
380 1353 528 1456 quaedam
551 1355 637 1434 quasi
660 1355 810 1418 elementa
831 1375 884 1418 seu
906 1358 1008 1437 potius
1032 1357 1255 1438 apotelesmata
1277 1365 1419 1420 motuum.

294 1441 337 1504 Et
364 1441 442 1505 situs
470 1443 589 1524 quidem
616 1463 655 1506 ex
690 1445 854 1508 relatomm
890 1465 999 1526 genere
1032 1453 1098 1522 est,
1141 1447 1337 1528 remisitque,
1374 1445 1465 1526 prout
1492 1465 1560 1509 eum

207 1549 285 1594 nunc
308 1531 543 1608 consideramus,
568 1533 722 1596 stellarum
742 1534 818 1595 loca.
847 1533 963 1598 Eodem
988 1536 1067 1598 enim
1090 1553 1156 1598 cnm
1175 1535 1273 1599 stellis
1292 1535 1429 1598 omnibus
1448 1536 1560 1598 extimo

206 1619 308 1683 mundi
323 1619 395 1683 orbe
409 1619 594 1682 includimur.
619 1621 723 1704 Atque
746 1641 813 1684 cum
836 1624 923 1704 hujus
946 1624 1074 1688 aedificii
1089 1624 1230 1688 mundani
1250 1623 1317 1688 'tres
1340 1625 1402 1687 sint
1420 1623 1560 1705 region'es

206 1727 244 1770 ex
272 1715 382 1771 natura
408 1710 520 1789 figurae
554 1711 744 1790 sphaericae,
775 1730 862 1792 quarn
891 1715 1034 1794 adeptum
1058 1721 1120 1790 est,
1150 1711 1300 1788 centrum,
1330 1713 1504 1796 superficies
1528 1721 1560 1776 ct

205 1797 432 1873 intermedium
462 1807 597 1862 centrum
618 1819 690 1862 vero
713 1819 767 1862 seu
789 1818 859 1863 vere
883 1821 937 1864 seu
960 1804 999 1865 ad
1021 1821 1143 1865 sensum
1165 1821 1220 1865 nos
1239 1821 1433 1883 occupemus:
1463 1801 1557 1865 relin-

205 1895 336 1967 quuntur
358 1905 430 1968 ergo
454 1887 552 1950 stellis
577 1889 653 1951 duae
677 1889 815 1970 regiones
839 1891 981 1972 reliquae,
1006 1892 1169 1954 secundum
1193 1912 1267 1972 quas
1286 1892 1405 1972 gemino
1419 1899 1559 1974 respectu

203 1976 281 2040 situs
305 1995 406 2039 earum
428 1978 646 2052 consideratur,
670 1997 775 2060 nempe
799 1987 851 2042 aut
873 1989 1011 2062 respectu
1025 1981 1193 2044 intermedii
1217 2001 1271 2044 seu
1285 1980 1425 2044 diametri
1447 1979 1557 2056 muudi,

204 2074 259 2128 aut
282 2074 422 2146 respectu
445 2067 613 2147 superficiei
638 2076 800 2130 extremae.

300 2203 329 2271 l.
366 2207 417 2270 De
441 2209 518 2272 situ
541 2227 606 2272 seu
628 2209 712 2274 loco
736 2209 939 2361 sidepppr
921 2207 1151 2290 aspectabili
1175 2229 1239 2274 seu
1261 2209 1458 2277 aestimato

780 2318 820 2360 su
891 2298 971 2362 rxis.

292 2420 340 2484 Ac
363 2421 441 2483 situs
464 2419 583 2502 quidem
606 2421 714 2484 sideris
744 2429 884 2502 respectu
914 2423 1054 2485 diametri
1082 2423 1183 2486 mundi
1215 2440 1279 2484 rem
1308 2423 1407 2504 ipsam
1433 2425 1559 2536 propius

203 2510 326 2587 attinet,
349 2511 425 2573 situs
448 2528 519 2572 vero
543 2519 683 2589 respectu
706 2512 872 2591 superficiei
895 2513 991 2575 solam
1016 2513 1078 2575 fers
1100 2511 1256 2573 visionem.

294 2597 369 2663 Oum
393 2599 471 2661 enirn
495 2617 582 2662 omne
606 2600 684 2682 quod
706 2601 826 2663 ridetur
859 2608 941 2664 certo
970 2602 1079 2681 angulo
1108 2600 1261 2663 radiorum
1283 2599 1449 2662 lucidorum
1472 2621 1556 2665 mar-

203 2688 323 2770 ginibus
346 2689 390 2750 rei
412 2688 497 2750 visae
521 2689 560 2750 ad
583 2697 717 2752 centrum
735 2691 812 2752 oculi
832 2692 1044 2754 confluentium
1062 2689 1335 2770 comprehendatur
1358 2697 1390 2752 et
1407 2691 1556 2766 videatur,

202 2787 267 2841 tum
290 2779 408 2841 demum
431 2778 515 2840 sidus
537 2785 620 2840 reete
644 2796 699 2839 nos
723 2778 845 2852 vidisse,
868 2780 925 2842 hoc
948 2788 998 2841 est
1020 2780 1211 2853 observasse,
1234 2787 1385 2858 putamus,
1410 2799 1476 2842 cum
1500 2799 1557 2843 an-

202 2868 304 2950 gulum
327 2867 453 2930 visionis
484 2869 623 2929 accurate
651 2867 793 2930 fuerimus
824 2869 960 2930 dimensi.
1008 2868 1145 2948 Angulos
1172 2887 1244 2930 vero
1276 2867 1400 2930 metitur
1428 2870 1557 2932 circulus

203 2977 241 3020 ex
270 2957 372 3036 anguli
404 2963 514 3036 puncto
543 2957 722 3038 descriptus.
768 2957 811 3019 Et
840 2965 888 3020 est
919 2955 969 3020 ille
1004 2957 1112 3037 rbgens
1147 2956 1275 3020 circulus
1308 2975 1362 3020 seu
1396 2957 1557 3038 sphaerica

202 3047 376 3127 superficies
399 3045 505 3108 extimi
527 3046 629 3107 mundi
648 3047 801 3127 descripta
823 3065 861 3109 ex
879 3045 936 3110 hoc
954 3056 1066 3128 puncto
1084 3055 1254 3110 nostrornm
1273 3046 1448 3126 angulorum
1470 3047 1556 3110 riso-

201 3137 328 3211 riorum,
361 3137 418 3198 hoc
451 3142 500 3197 est
523 3153 561 3196 ex
583 3136 693 3211 Terra3
722 3137 792 3217 quia
824 3136 999 3217 spatiolum,
1029 3154 1086 3216 quo
1113 3136 1203 3198 abest
1233 3135 1423 3216 superficies,
1452 3144 1558 3200 nostra

202 3225 340 3297 alumna,
370 3225 409 3288 ab
436 3223 587 3304 ipsissimo
624 3226 726 3287 muudi
760 3233 863 3288 centro
897 3226 928 3288 in
960 3233 1050 3286 tauta
1080 3225 1229 3289 vastitate
1263 3225 1353 3306 plane
1390 3227 1555 3290 evanescit.

204 3313 369 3378 Conficitur
392 3331 479 3393 ergo,
501 3320 535 3375 ut
557 3314 716 3394 sphaerica
739 3314 909 3396 superficies
934 3313 1039 3377 extimi
1062 3313 1139 3376 coeli
1162 3311 1342 3376 adhibeatur
1364 3335 1384 3376 a
1406 3314 1493 3377 nobis
1516 3316 1556 3380 ad

204 3403 404 3468 dimetiendos
428 3403 554 3483 angulos
582 3403 728 3480 visorios,
763 3403 793 3466 in
817 3412 919 3466 nostro
944 3404 1030 3466 oculo
1053 3403 1275 3466 conformatos:
1310 3410 1342 3465 et
1369 3412 1490 3481 contra,
1521 3413 1556 3466 nt

203 3493 307 3576 anguli
336 3491 431 3554 nostri
459 3491 562 3554 visorii
590 3492 683 3556 situm
706 3493 863 3556 stellarum
895 3499 1036 3573 respectu
1058 3492 1225 3573 superficiei
1249 3493 1350 3555 mundi
1374 3492 1557 3556 sufficienter

201 3590 341 3663 arguant.
365 3579 425 3644 Est
448 3581 581 3644 enimet
602 3580 678 3644 haec
701 3583 902 3646 consideratio
925 3582 1053 3662 gemina.
1077 3581 1208 3658 Primum
1231 3582 1347 3644 dicetur
1370 3582 1400 3645 in
1424 3593 1555 3662 sequen-

201 3672 291 3748 tibus,
317 3669 425 3733 stellas
449 3689 515 3732 curn
538 3677 624 3733 certa
646 3691 701 3734 sna
724 3692 744 3733 a
766 3671 853 3734 nobis
877 3670 1024 3734 distantia
1047 3690 1105 3734 non
1128 3689 1218 3752 posse
1243 3671 1324 3733 cerni
1348 3670 1454 3733 oculis.
1489 3671 1555 3732 lta-

202 3779 259 3842 que
292 3758 372 3823 inter
405 3759 506 3822 sidera
537 3760 624 3822 nobis
651 3761 741 3824 valde
768 3761 937 3841 propinqua
963 3769 996 3822 et
1021 3760 1076 3822 illa
1104 3759 1134 3822 in
1166 3759 1364 3822 remotissimo
1395 3759 1466 3821 orbe
1494 3760 1555 3821 lixa

202 3869 297 3914 causa
328 3848 387 3911 loci
415 3867 472 3910 nou
501 3848 727 3930 distinguimus,
756 3850 815 3913 nisi
843 3849 970 3912 alterum
1001 3850 1039 3911 ab
1063 3849 1161 3912 altero
1191 3855 1321 3928 tegatur.
1368 3847 1475 3929 Itaque
1498 3848 1556 3910 boc

201 3946 292 4021 paeto
316 3937 540 4019 conjunctiones
564 3939 727 4002 errantium
750 3958 817 4002 cum
839 3939 907 4001 lixis
930 3946 1071 4001 notamus
1094 3936 1198 4000 oculis.
1237 3935 1305 4008 Quo
1328 3935 1420 4016 igitur
1444 3937 1554 4015 angulo

201 4035 362 4091 cemnntur
384 4027 461 4089 duas
490 4027 567 4113 lixae
600 4028 755 4091 erronibus
787 4028 866 4091 binis
894 4029 1085 4109 conjunctae,
1120 4027 1225 4089 eodem
1252 4025 1362 4106 angulo
1391 4025 1555 4108 eodemque

201 4135 271 4180 arcu
295 4115 399 4178 circuli
428 4117 566 4191 maximi,
597 4118 700 4200 auguli
732 4117 836 4180 visorii
865 4134 1020 4192 mensore,
1049 4116 1175 4179 dicimus
1199 4123 1229 4177 et
1252 4114 1335 4196 ipsos
1359 4133 1480 4178 amores
1503 4133 1555 4178 re-

201 4215 306 4286 spectu
330 4205 497 4284 superficiei
520 4205 642 4269 distare.
676 4207 725 4269 Ita
747 4226 806 4287 quo
829 4206 939 4286 angulo
963 4211 1123 4269 cernuntur
1146 4205 1274 4269 extremi
1296 4205 1449 4284 margines
1472 4202 1554 4267 Solis

201 4296 250 4358 vel
273 4294 378 4357 Lunae
402 4294 533 4371 distare,
562 4295 637 4358 baec
661 4315 729 4359 esse
760 4295 869 4360 dicitur
898 4295 1074 4377 magnitudo
1097 4293 1179 4358 Solis
1204 4294 1251 4356 vel
1280 4293 1394 4356 Lunae.
1446 4291 1555 4355 Adeo-

202 4403 258 4466 que
290 4383 361 4446 hinc
389 4379 444 4446 Sol
481 4390 512 4445 et
538 4384 626 4447 Luna
656 4386 798 4468 aequales
826 4392 985 4466 putantur,
1026 4383 1162 4466 quamvis
1198 4381 1253 4447 Sol
1282 4381 1383 4444 multis
1422 4379 1554 4444 millibus

201 4472 311 4535 vicium
332 4471 450 4535 Lunam
473 4481 610 4554 superet,
634 4481 752 4538 tantum
775 4474 845 4556 quia
868 4474 1080 4554 propemodum
1105 4473 1224 4555 aequali
1248 4472 1357 4552 angulo
1380 4477 1550 4535 cernuntur.

201 4559 282 4624 Vide
308 4557 359 4625 19.
384 4561 483 4641 quarti
504 4561 692 4628 Vitelliouis.
736 4563 802 4625 Has
829 4571 892 4626 tarn
921 4564 1047 4627 lixarum
1074 4581 1163 4645 quarn
1194 4580 1331 4624 erronum
1358 4559 1493 4642 adeoque
1522 4568 1554 4622 et

201 4650 368 4732 marginum
392 4647 473 4712 Solis
495 4651 545 4714 vel
567 4651 673 4714 Lunae
696 4651 859 4716 distantias
886 4651 974 4716 nnius
1002 4653 1041 4715 ab
1070 4653 1166 4714 altero
1194 4648 1361 4713 astronomi
1390 4649 1554 4712 metiuntur

201 4737 420 4814 instrumentis,
442 4747 516 4821 puta
536 4740 632 4804 radiis
656 4758 709 4802 seu
732 4739 846 4805 baculis
865 4741 1085 4816 astronomicis,
1110 4740 1301 4802 sextantibus
1324 4747 1357 4801 et
1378 4737 1446 4802 aliis
1466 4757 1551 4802 com·

201 4829 391 4908 parationem
412 4827 606 4892 instituentes
630 4847 717 4892 arcus
740 4830 818 4894 inter
838 4831 927 4895 binas
949 4831 1058 4894 stellas
1080 4829 1231 4910 inteszcti
1256 4829 1294 4891 ad
1316 4828 1467 4910 integrum
1489 4829 1549 4920 cir-

1280 4931 1341 4988 21*
