3674 5538
295 253 357 324 tlt
711 255 813 308 Literne
830 256 934 322 Kepleri
951 257 1102 324 dierumque
1119 263 1221 310 mutuae
1302 218 1307 241 ι

288 433 451 516 quantibus
478 433 570 516 eripit
600 433 792 516 potissimam
823 442 942 516 partem
973 433 1125 498 radiorum
1156 433 1320 510 Solarium,
1352 433 1495 516 relinquit
1526 433 1646 496 nonnisi

288 543 394 606 parum
417 523 540 604 aliquid.
587 523 670 586 ‘lunc
694 525 786 604 igitur
818 543 894 606 qnae
923 524 1020 588 minus
1052 524 1243 588 illustrantur
1273 524 1371 587 minus
1403 525 1496 586 etiam
1525 531 1648 586 movent

289 613 407 678 oculum
438 613 594 692 minusque
629 612 659 674 io
692 612 744 675 illo
777 633 845 676 sese
883 613 1061 676 diffundunt.
1116 613 1227 676 Deficit
1264 614 1357 693 igitur
1388 631 1447 675 uon
1480 619 1534 675 atr
1566 613 1648 674 cirea

288 703 417 776 Lunam,
441 702 494 766 sed
517 701 645 764 vitiosus
665 701 716 765 ille
738 702 846 766 limbus
870 703 1007 784 picturae
1031 702 1238 766 retilormisin
1262 702 1347 765 oculo
1362 721 1415 765 seu
1438 702 1539 782 potius
1561 701 1648 782 vigor

263 793 354 874 'ejus
377 791 407 854 in
431 789 578 854 movendo
601 789 678 854 visu.

379 879 440 943 Sed
463 878 565 942 missis
589 879 637 942 his
660 887 780 942 utamur
802 877 863 942 tuis
886 880 982 961 ipsius
1006 873 1116 956 uerbis,
1141 897 1217 960 qnae
1240 879 1375 960 proxime
1398 880 1577 960 praemittis,
1603 879 1647 944 sic

289 970 445 1034 scribens:
470 997 552 1054 „pars
584 983 735 1038 obscurata
753 983 851 1037 Lunae
879 981 956 1035 coelo
985 997 1082 1034 sereno
1109 995 1161 1050 per
1184 979 1237 1033 hoc
1266 981 1445 1051 telescopiurn
1469 979 1551 1034 facile
1573 981 1648 1036 cerui

288 1067 398 1133 potest,
429 1062 531 1132 quippe
557 1079 629 1132 qnae
659 1062 763 1135 aliquid
793 1069 886 1117 tamen
912 1059 1020 1114 luminis
1050 1061 1149 1124 habet,
1180 1077 1235 1114 nou
1260 1059 1371 1129 penitus
1401 1061 1550 1114 tenebrosa
1574 1060 1645 1116 est“

289 1139 376 1204 Haeo
400 1140 494 1201 tude
518 1139 556 1202 iis
580 1141 686 1204 Lunae
710 1141 842 1204 falcatae
866 1139 1013 1220 partibus,
1038 1157 1115 1218 quae
1138 1146 1209 1200 suut
1230 1139 1351 1219 penitus
1378 1140 1531 1202 involutae
1555 1140 1647 1215 nocti,

290 1248 350 1312 qna
372 1228 441 1290 illas
464 1228 592 1291 involvit
621 1230 763 1310 opacitas
787 1229 870 1310 globi
893 1229 952 1291 sui·
970 1227 1097 1308 proprii,
1131 1227 1216 1307 cujus
1245 1245 1317 1308 pars
1346 1235 1433 1292 sunt:
1467 1247 1525 1308 quo
1554 1230 1648 1292 multo

291 1317 388 1398 magis
413 1336 470 1397 ego
492 1335 616 1397 possum
648 1338 793 1399 usurpare
825 1319 861 1380 de
894 1317 1030 1399 partibus
1055 1315 1092 1378 iis
1116 1317 1220 1378 Lunae
1253 1317 1434 1394 deficientis,
1467 1335 1544 1398 qnae
1576 1317 1649 1380 lieet

292 1405 355 1470 slot
376 1406 407 1469 in
426 1415 524 1482 nocte,
549 1427 638 1488 quarn
655 1408 761 1488 globos
783 1405 894 1470 Terrae
914 1427 934 1468 a
956 1405 1130 1486 longissimo
1153 1405 1314 1469 intervallo
1333 1407 1432 1488 erigit,
1457 1413 1528 1469 suut
1546 1415 1648 1468 tamen

293 1497 323 1558 in
338 1495 433 1558 radiis
448 1493 530 1560 Solis
545 1496 702 1558 refractis:
723 1505 776 1559 aut
790 1497 828 1558 de
842 1497 879 1559 iis
894 1495 1045 1578 quaejam
1060 1493 1153 1557 veluti
1169 1495 1317 1574 quoddam
1331 1496 1492 1558 diluculum
1506 1496 1648 1558 sentiunt.

380 1584 460 1648 Nam
484 1604 536 1647 our
560 1605 617 1648 noo
651 1587 790 1648 videatur
820 1585 994 1666 perspieillo
1017 1602 1089 1664 pars
1113 1583 1216 1646 Lunae
1249 1584 1404 1658 deficiens,
1437 1603 1513 1666 qnae
1545 1585 1650 1664 nequit

292 1672 388 1738 videri
412 1674 506 1738 oculis
530 1674 641 1736 nudis?
674 1695 741 1737 cum
764 1693 836 1754 pare
860 1675 933 1738 lieet
956 1674 1096 1735 deficiens
1118 1673 1160 1734 sit
1182 1681 1284 1736 tamen
1305 1693 1343 1736 ex
1366 1673 1538 1752 visibilibus¹
1554 1684 1585 1736 et
1607 1675 1650 1734 sit

292 1761 404 1843 insigni
427 1763 534 1825 rubore
557 1763 664 1843 pieta?
694 1783 760 1826 cunr
784 1783 822 1824 ea
845 1773 955 1826 natura
977 1762 1141 1842 perspicilli
1165 1762 1220 1837 sit,
1244 1769 1277 1824 ut
1292 1759 1376 1842 ¹quae
1400 1762 1540 1825 debiliter
1562 1763 1651 1824 vide-
1748 1801 1752 1810 -

292 1861 398 1914 rentur
421 1851 582 1916 videantur
606 1852 748 1915 fortiter?
771 1853 879 1916 Nonne
903 1861 984 1914 recte
1007 1852 1116 1926 fecero,
1141 1850 1167 1912 si
1188 1851 1273 1912 Tibi
1293 1849 1489 1926 Germano,
1513 1851 1651 1931 diligenti

294 1940 414 2022 quidem
448 1940 637 2004 observaturi
670 1943 723 2004 sed
756 1941 924 2021 indulgenti
953 1940 1013 2002 tuis
1038 1938 1240 2020 opinionibus,
1268 1937 1479 2004 Galilaenm
1511 1941 1651 2002 Italum

293 2047 473 2110 opposuero,
497 2031 546 2110 qui
570 2030 599 2091 in
623 2049 689 2105 usu,
715 2031 752 2092 de
772 2049 830 2110 qno
854 2031 982 2110 agimus,
1006 2027 1162 2107 telescopii
1186 2029 1294 2091 ceteris
1317 2030 1466 2110 plerisque
1490 2030 1595 2091 ducem
1618 2049 1652 2089 se

290 2118 457 2199 praebuit?
482 2118 586 2181 Verba
609 2121 673 2200 ejus
697 2121 734 2181 de
758 2119 863 2199 eclipsi
886 2120 992 2181 Lunae
1017 2119 1087 2180 anui
1113 2113 1207 2181 1610.
1233 2115 1286 2182 30.
1307 2119 1380 2180 Dee.
1404 2126 1510 2180 extant
1533 2116 1563 2180 in
1587 2117 1651 2196 ejus

291 2206 431 2286 epistola,
456 2209 591 2287 praefixa
614 2227 699 2270 meae
723 2208 920 2288 Dioptricae:
946 2218 1041 2282 „Meta
1055 2217 1169 2271 umbrae
1193 2217 1359 2283 indistincta,
1382 2220 1498 2274 confusa
1511 2223 1541 2271 et
1563 2216 1651 2272 relntu'

293 2297 462 2352 obnubilata
486 2299 632 2370 apparuit,
665 2315 759 2364 cansa.
786 2299 851 2370 quia
876 2299 1020 2370 consurgit
1046 2299 1144 2352 umbra
1165 2315 1183 2352 a
1207 2300 1295 2354 Terra
1325 2299 1485 2370 longissime
1513 2313 1531 2352 a
1554 2298 1651 2352 Lunae

293 2377 436 2448 corpore.“
489 2375 574 2438 liaeo
604 2377 677 2442 ille:
711 2397 787 2458 quae
819 2377 947 2458 potuisti
971 2379 1072 2457 legere
1104 2377 1231 2458 indeque
1261 2378 1390 2448 discere,
1423 2378 1544 2440 limbum
1567 2377 1651 2438 illum

292 2466 398 2528 Lunae
422 2486 442 2526 a
464 2465 507 2526 Te
535 2465 633 2528 visum
666 2465 760 2528 fuisse
796 2467 916 2548 quidem
939 2467 969 2528 io
1002 2467 1125 2542 umbra,
1164 2467 1218 2528 sed
1250 2485 1326 2547 quae
1359 2474 1426 2531 erat
1457 2465 1553 2528 diluta
1586 2465 1651 2526 luce

291 2553 435 2702 ξεοῦηξα.
453 2554 538 2668 uNon
563 2555 699 2635 sequitur
718 2555 823 2636 igitur:
851 2567 978 2631 „ridetur
1005 2566 1104 2620 limbus
1130 2583 1181 2636 per
1207 2565 1402 2636 telescopium,
1433 2582 1501 2638 ergo
1527 2581 1582 2618 non
1608 2565 1652 2616 est

291 2663 319 2702 ru
340 2660 386 2700 um
405 2660 447 2699 ra.

380 2722 475 2786 Aliud
499 2721 716 2792 firmamentum
740 2724 830 2786 affers
855 2745 893 2786 ex
916 2723 977 2786 alia
1000 2724 1227 2786 observatione:
1254 2735 1369 2799 „limbus
1381 2734 1469 2814 partis
1485 2734 1651 2789 obscuratae

291 2813 319 2870 iu
340 2813 436 2884 eclipsi
458 2813 569 2868 minima
588 2832 643 2868 non
662 2822 759 2886 potest
778 2815 857 2870 nudis
886 2815 972 2870 oculis
994 2815 1083 2877 cerni,
1111 2831 1170 2870 cum
1197 2821 1290 2870 tamen
1310 2816 1389 2870 nudis
1416 2814 1502 2868 oculis
1523 2822 1653 2870 cernatur

291 2899 321 2949 et
342 2894 506 2950 aestimetur
525 2895 623 2949 Lunae
645 2895 778 2950 delectus.
819 2897 897 2968 Ergo
918 2896 945 2950 id
972 2897 1043 2966 qnod
1071 2896 1163 2948 delicit
1182 2901 1227 2949 est
1251 2896 1346 2951 tunica
1372 2896 1424 2950 illa
1448 2894 1526 2950 ebria
1544 2895 1651 2958 Lunae.

290 2973 353 3028 lnce
380 2991 434 3029 sna
459 2981 561 3046 tegens
580 2975 688 3031 Lunam
716 2983 805 3032 totam
835 2983 918 3032 extra
946 2977 1072 3030 umbram
1101 2975 1268 3030 existentem
1289 2983 1319 3030 et
1348 2977 1505 3046 dependens
1534 2973 1653 3030 ulterius

290 3053 379 3108 veluti
407 3053 481 3108 infra
509 3055 595 3124 pedes
615 3056 727 3121 Lunae,
759 3055 799 3110 sic
819 3063 852 3112 ut
881 3056 999 3112 delibari
1024 3055 1060 3111 ab
1091 3057 1189 3112 umbra
1209 3063 1238 3112 et
1263 3055 1342 3128 qnasi
1371 3055 1526 3127 praescindi
1553 3055 1652 3126 possit,

292 3132 399 3187 illaesis
419 3133 495 3188 illius
516 3134 604 3188 veluti
625 3136 752 3206 pedibus.

381 3213 453 3267 Nam
473 3213 498 3267 si
518 3213 619 3269 limbus
645 3217 704 3270 reri
730 3215 851 3286 corporis
871 3215 969 3269 Lunae
990 3231 1103 3269 manens
1129 3221 1213 3270 extra
1237 3217 1360 3270 umbram
1386 3232 1440 3269 non
1468 3219 1615 3286 tegeretur
1635 3229 1654 3268 a

290 3292 389 3347 tunica
408 3293 510 3358 lucida,
533 3299 563 3348 et
576 3295 600 3348 si
614 3313 651 3349 ex
665 3297 717 3350 illa
733 3295 828 3351 tunica
848 3313 909 3349 rese
931 3303 1061 3349 exereret
1080 3295 1199 3349 ulterius
1216 3297 1245 3350 in
1264 3297 1397 3360 umbram,
1418 3300 1515 3366 posset
1534 3309 1552 3348 a
1572 3294 1652 3348 nobis

290 3371 378 3428 videri
400 3372 486 3428 etiam
506 3373 535 3428 iu
561 3377 661 3430 umbra
681 3377 759 3431 nudis
792 3375 897 3429 oculis:
927 3393 982 3429 nou
1003 3383 1081 3429 caret
1101 3374 1172 3429 enim
1204 3375 1325 3446 corporis
1354 3377 1454 3431 limbus
1476 3390 1525 3427 suo
1550 3375 1652 3428 rubore

289 3453 374 3508 ualde
394 3454 554 3524 conspicuo,
577 3456 664 3511 etiam
684 3473 745 3511 oum
765 3456 793 3511 io
814 3457 913 3510 umbra
933 3461 992 3509 est:
1019 3461 1049 3508 et
1068 3455 1155 3509 videri
1180 3463 1276 3525 potest
1295 3457 1324 3510 in
1343 3457 1508 3528 profundam
1527 3455 1653 3508 umbram

290 3532 443 3606 ingressus,
465 3549 514 3587 cnr
533 3552 590 3590 non
610 3537 750 3592 rideretur
770 3537 799 3591 in
818 3537 933 3590 umbrae
954 3535 1120 3590 extremol“

381 3627 583 3710 Respondent
608 3651 660 3695 cur
684 3639 717 3694 et
736 3651 794 3694 uon
818 3632 958 3694 videatur
978 3633 1064 3693 nudis
1089 3631 1183 3694 oculis
1199 3631 1306 3694 limbus
1325 3633 1391 3714 jam
1408 3651 1478 3695 vere
1500 3633 1651 3706 deficiens,

291 3725 324 3780 et
347 3737 399 3780 cur
421 3737 494 3799 pars
518 3719 641 3782 residua
663 3722 769 3783 Lunae
794 3721 891 3803 adbuc
913 3720 1020 3783 'lucida
1048 3721 1187 3784 videatur
1215 3721 1305 3784 latior
1335 3740 1424 3802 quam
1455 3729 1503 3784 est
1534 3741 1652 3796 revera,

182 3861 187 3872 .
294 3813 459 3871 causaest
490 3808 613 3883 eadem,
647 3829 690 3874 sc.
719 3809 928 3896 propinquitas
961 3809 1126 3872 lucidorum
1150 3817 1181 3872 et
1209 3809 1420 3874 obscurorum:
1455 3818 1486 3872 et
1517 3810 1653 3873 confusio

293 3897 480 3976 picturarum
502 3897 532 3960 in
556 3918 647 3962 unum
670 3899 767 3962 locunt
791 3899 878 3975 oculi,
904 3907 1065 3978 superante
1089 3899 1198 3962 lucido.

382 3984 463 4048 Nam
495 4004 561 4048 cum
592 3985 701 4050 limbus
733 3987 867 4068 corporis
905 3988 1045 4050 deficiens
1083 3988 1227 4068 pingatur
1259 4005 1312 4050 suo
1346 3987 1412 4050 loco
1445 3987 1476 4050 in
1507 3987 1655 4050 retilormi

297 4072 401 4136 tunica
423 4092 478 4154 per
501 4075 638 4140 ruborem
662 4095 748 4138 sunm
772 4076 940 4152 residuum,
966 4076 1100 4156 corporis
1129 4075 1229 4138 vicina
1250 4095 1322 4156 pars
1347 4075 1494 4139 luminosa
1521 4076 1654 4140 debebat

293 4161 385 4225 etiam
409 4162 439 4224 iu
463 4163 611 4227 retiformi
636 4165 743 4228 tunica>
761 4164 845 4246 pingi
868 4165 1003 4246 proxime
1029 4165 1121 4239 illam,
1145 4163 1199 4228 sed
1222 4184 1277 4227 suo
1301 4166 1367 4227 loeo
1391 4173 1518 4230 tantum.

382 4249 521 4331 Pingitur
540 4261 641 4315 autern
661 4255 787 4317 ulterius
808 4264 839 4316 et
862 4254 1087 4336 superpingitur
1109 4255 1246 4334 picturae
1266 4255 1349 4316 limbi
1373 4255 1540 4316 deliciantis
1559 4254 1653 4316 radiis

294 4337 423 4400 vitiosis.
470 4339 536 4403 Aut
559 4341 632 4404 licet
654 4362 713 4405 non
737 4343 883 4406 dilatetur
910 4344 1029 4423 pictura
1050 4362 1105 4424 per
1129 4345 1248 4419 vitium,
1281 4353 1382 4406 tamen
1413 4343 1537 4423 spiritus
1562 4343 1654 4404 etiam

293 4426 331 4501 is,
357 4427 408 4508 qui
431 4435 480 4490 est
502 4429 532 4492 iu
556 4438 645 4512 parte
669 4432 806 4512 picturae
831 4431 958 4507 obscuri,
984 4433 1078 4493 sentit
1096 4452 1150 4512 per
1172 4433 1383 4512 contagionem
1406 4432 1501 4494 lucem
1524 4431 1654 4494 vicinam

294 4533 390 4595 eoque
414 4535 472 4578 nnn
496 4519 591 4582 sentit
612 4519 762 4604 picturam
786 4520 905 4583 obscuri
929 4529 963 4581 ut
986 4521 1171 4583 debiliorem.
1215 4522 1265 4583 Ita
1288 4522 1317 4582 in
1341 4523 1427 4583 oculo
1451 4522 1553 4584 sensio
1575 4521 1656 4601 tegit

295 4603 482 4680 sensionem,
515 4627 703 4688 nequaquam
736 4609 765 4671 in
800 4609 884 4671 coelo
917 4609 1044 4671 camisia
1074 4610 1158 4672 atria
1181 4611 1308 4672 Lunam.
1355 4611 1396 4672 Et
1423 4611 1655 4673 instrumentum

296 4690 437 4752 visorium
461 4701 564 4772 potest
587 4697 688 4761 delere
712 4699 883 4760 sensionem
906 4698 1056 4766 vitiosam.
1082 4699 1239 4778 detergere
1263 4699 1349 4780 quasi
1370 4699 1459 4762 villos
1483 4699 1552 4762 illos
1575 4697 1654 4762 luci-

296 4777 409 4860 torum,
435 4789 468 4842 ut
491 4783 532 4845 sit
555 4785 657 4847 sensio
681 4787 860 4861 emendata;
885 4787 914 4847 in
937 4771 1054 4848 'coelum
1080 4787 1176 4868 ipsum
1201 4787 1273 4850 nihil
1297 4795 1410 4870 potest.
