3476 5532
635 273 667 330 de
684 271 764 326 Ειιιιιι
780 275 806 326 ln
825 274 919 342 cygno.
1388 279 1452 348 m
1557 301 1560 308 ·

110 449 240 509 Gallinae
260 457 291 506 et
309 467 329 507 a
347 451 445 509 nubila
463 449 640 515 involutione,
663 466 735 523 quae
753 458 800 508 est
812 453 841 508 io
859 453 967 510 boreali
986 471 1077 527 genn:
1099 461 1200 526 pestes
1218 459 1365 514 reddentes
1385 477 1453 518 non·

109 531 178 588 nibil
199 549 285 603 usque
306 533 340 586 ad
360 531 447 598 illam,
469 547 539 603 quae
560 530 589 586 in
608 531 727 586 australi
746 550 821 604 ςιιι
841 541 899 598 ιιι,
920 533 1066 606 porrigunt
1087 536 1159 598 bano
1178 537 1343 594 densitatem
1363 539 1463 614 magia·
1549 541 1552 550 ⁴

108 627 194 692 atque
214 620 305 693 magis
325 627 520 676 vanescentem
541 636 627 692 usqne
640 622 677 676 ad
691 621 804 694 cephea
817 621 864 681 tro.
897 613 940 676 Et
955 614 982 674 in
1003 614 1202 694 explicatione
1221 617 1345 680 ulterius
1360 637 1453 680 zonae

108 700 225 780 partis,
259 718 334 781 quae
368 699 514 781 duplicem
544 699 619 760 iecit
651 699 799 764 lacteam:
832 713 912 779 lodo,
948 701 1061 780 inquit,
1094 702 1230 766 nimirum
1261 705 1299 766 ab
1331 709 1452 770 humero

108 786 266 870 Ophiuchi,
291 816 363 856 sona
381 799 460 866 baec,
481 803 767 872 praeterquamquod
788 802 878 857 ιιιιιι
899 817 948 856 ιιι
968 817 1035 856 rara
1055 808 1107 868 est,
1129 801 1301 860 contrabitur
1320 807 1405 864 etiarn
1424 808 1452 864 in
1520 863 1523 878 ,

108 886 258 952 auguratum
279 880 391 936 limitem
414 877 502 950 Juxta
520 886 617 950 partes
646 883 842 936 antecedentes
871 882 982 936 stellam
1002 881 1030 938 io
1051 890 1141 937 ιοιιιο
1163 883 1304 953 οιιιίιιι,
1333 889 1402 942 adeo
1423 894 1456 943 ut

108 960 228 1030 speeiem
248 960 456 1031 interruptionis
477 959 619 1016 exhibeat.
649 961 769 1034 Reliqua
788 960 849 1032 ejus
869 978 936 1033 pars
958 979 976 1018 a
995 969 1085 1018 rostro
1105 965 1141 1018 ad
1161 963 1273 1020 atellam
1293 965 1321 1020 in
1344 974 1454 1037 pectore

109 1039 237 1096 Gallinae
259 1046 289 1095 et
308 1041 393 1095 latins
415 1039 559 1111 explicata
588 1047 619 1094 et
638 1041 709 1096 bene
739 1044 825 1096 densa
854 1047 906 1096 est.
942 1045 984 1097 Ao
1004 1059 1074 1114 quae
1105 1043 1197 1098 estin
1226 1045 1298 1100 collo
1316 1046 1453 1113 Gallinae,

107 1121 137 1176 in
155 1121 243 1176 medio
264 1129 309 1176 est
328 1120 418 1192 partis
439 1124 589 1176 densatae:
618 1121 710 1193 tergm
731 1121 837 1194 quidem
861 1122 1000 1194 particula
1020 1123 1128 1194 aliqua,
1150 1125 1198 1178 sed
1218 1141 1300 1191 rara,
1322 1129 1358 1180 ad
1378 1127 1454 1199 eqni·

111 1201 201 1256 lenem
223 1208 252 1256 et
273 1202 384 1256 stellam
403 1194 561 1274 pectoris*)
582 1218 668 1272 nsque
689 1203 723 1256 ad
745 1203 854 1258 stellam
876 1219 946 1273 quae
968 1204 995 1258 in
1015 1204 1127 1258 humero
1149 1204 1213 1258 alae
1234 1207 1349 1260 dextrae
1370 1215 1400 1262 et
1420 1209 1454 1262 ad

109 1283 177 1338 duae
199 1281 373 1355 contiguas'
366 1300 394 1336 m
415 1280 592 1338 extremitate
617 1281 695 1353 pedis
716 1283 816 1338 dextri.
857 1287 882 1336 Δ
904 1299 957 1354 quo
977 1284 1051 1349 loco,
1075 1289 1107 1338 ut
1126 1283 1203 1354 prins
1224 1285 1339 1350 dictum,
1361 1287 1454 1344 bintus

108 1369 153 1416 eat
165 1362 237 1418 bano
252 1361 325 1416 inter
339 1367 369 1417 et
387 1363 505 1418 alteram
525 1377 630 1428 tunam,
651 1369 794 1433 porrectus
809 1378 828 1417 a
841 1363 919 1418 dictis
934 1363 1064 1419 Gallinae
1085 1364 1174 1418 stellis
1188 1380 1274 1438 ιιιιιι
1288 1369 1323 1422 ed
1338 1367 1455 1472 lnoidanr

106 1442 136 1497 in
155 1443 252 1498 canda

194 1522 242 1584 En
275 1519 479 1584 incredibilem
507 1518 674 1584 Ptolemaei
707 1521 911 1602 diligentiam,
950 1522 1045 1606 qnasi
1062 1522 1125 1603 jem
1157 1529 1220 1586 tum
1252 1524 1454 1605 praevidisset

110 1629 194 1673 nsum
213 1610 300 1692 bujns
315 1610 383 1672 loci.
398 1593 490 1674 Non
504 1611 639 1672 sufficere
658 1630 784 1704 nemque
798 1611 990 1674 Ptolemaeus
1008 1619 1057 1673 est
1075 1612 1249 1688 arbitratus,
1272 1612 1328 1676 nt’
1319 1614 1453 1694 moignes

109 1699 215 1762 stellas
238 1718 357 1774 omnes,
381 1718 456 1781 qnae
480 1699 509 1761 in
532 1699 613 1766 viam
635 1694 766 1763 lacteam
789 1699 934 1776 incidunt,
965 1710 1144 1764 annotaret:
1177 1701 1246 1782 quin
1269 1710 1301 1765 et
1324 1721 1359 1766 en
1383 1704 1454 1767 dili·

111 1788 234 1868 geutiae
257 1789 420 1870 processit,
443 1811 656 1870 ιιιριιργωιαιῃ
678 1809 891 1871 παραιηρησιι,
913 1789 979 1852 nt
971 1807 1036 1870 rpse
1060 1791 1118 1866 ait,
1141 1796 1176 1852 ut
1197 1791 1347 1870 margines
1373 1792 1453 1855 illius

110 1877 202 1941 lactei
232 1877 339 1941 circuli
368 1876 466 1940 stellis
496 1897 550 1940 sen
581 1879 783 1942 incidentibus
803 1879 832 1940 in
856 1879 1020 1960 marginem
1050 1899 1103 1941 sen
1134 1897 1238 1959 parum
1271 1880 1454 1946 distantibus

111 1966 309 2044 describeret,
340 1966 475 2030 indicate
504 1986 644 2030 mensura
666 1967 839 2030 distantiae.
887 1966 1002 2039 Quodsi
1026 1975 1060 2029 ut
1086 1969 1192 2046 bodie,
1223 1969 1266 2032 sio
1295 1969 1359 2050 jam
1382 1978 1453 2034 tunc
1546 1985 1552 1998 ·

108 2056 183 2119 baec
206 2056 296 2120 stella
319 2057 349 2120 in
372 2056 423 2119 via
445 2057 544 2118 lactea
568 2064 599 2118 et
622 2056 740 2138 quidem
769 2057 902 2137 proxime
931 2057 1095 2138 marginem
1123 2059 1328 2139 apperuisset,
1351 2061 1454 2122 fierine

108 2145 243 2228 potuisse
273 2147 394 2221 credes,
428 2154 463 2208 nt
491 2145 683 2208 Ptolemaeus
711 2145 795 2208 illam
824 2145 1001 2208 omitteret?
1033 2145 1100 2210 Nisi
1130 2147 1208 2210 forte
1242 2156 1380 2212 unctores
1410 2149 1454 2212 illi

108 2234 227 2298 lacteae
250 2234 317 2297 viae
339 2235 425 2298 varia
448 2235 549 2316 spatia
571 2236 736 2318 stellasque
760 2235 944 2316 interceptas
963 2235 1084 2316 eglobo
1106 2237 1206 2318 potins
1229 2255 1316 2318 qnam
1335 2257 1352 2300 e
1370 2239 1454 2302 coelo

108 2325 341 2406 descripserint:
366 2325 445 2406 qnod
467 2324 651 2405 impossibile
674 2333 804 2404 arguunt
826 2324 901 2386 baec
924 2325 992 2406 ipse
1014 2325 1073 2405 jam
1097 2327 1233 2406 allegata
1256 2327 1357 2391 verba
1380 2329 1385 2342 '

197 2421 323 2496 Quarto,
347 2423 448 2507 'lycho
471 2423 571 2486 Brabe
599 2430 704 2506 nqstra
732 2430 915 2502 tempestate
947 2431 1079 2484 veterem
1106 2423 1189 2485 illam
1212 2431 1243 2486 et
1266 2443 1453 2507 summopere

109 2515 312 2578 necessariam
336 2511 501 2593 Hipparchi
524 2530 642 2587 coram,
665 2519 713 2572 tot
740 2511 806 2592 jam
834 2511 937 2574 secula
969 2512 1155 2591 neglectam,
1183 2521 1253 2574 ante
1278 2513 1333 2578 bos
1356 2513 1401 2578 20
1423 2523 1456 2577 ιι

109 2603 237 2685 amplius
269 2620 364 2664 annos
395 2601 550 2676 resumsit,
583 2599 689 2662 stellas
722 2617 825 2662 ornnes
858 2621 878 2661 a
908 2599 1060 2662 veteribus
1093 2607 1215 2664 notatas
1248 2602 1454 2692 instrumentis

109 2690 357 2755 sumtuosissimis
386 2689 544 2751 demensus
568 2697 616 2750 est
642 2708 800 2770 earumque
828 2689 896 2751 loca
922 2698 1062 2770 respectu
1089 2689 1205 2752 zodiaci
1229 2698 1259 2753 et
1282 2679 1453 2774 sequuturis

108 2777 273 2861 inquisivit.
319 2778 370 2841 An
399 2789 488 2859 putas
521 2777 615 2852 illum,
649 2777 718 2840 dnm
746 2777 881 2858 singulas
910 2779 986 2840 lixas
1016 2777 1149 2860 adeoque
1173 2787 1205 2842 et
1226 2791 1333 2861 pectus
1352 2780 1454 2864 Cygni

110 2867 174 2930 obit
196 2877 229 2931 et
256 2868 382 2943 ιιιιιιιι,
415 2865 628 2930 vicinisslmam
658 2866 734 2930 hanc
765 2885 873 2929 novam
905 2867 1013 2930 tertiae
1043 2868 1297 2947 magnitudinis
1289 2889 1452 2934 mcnmme-

109 2967 256 3020 moratam
281 2964 313 3020 et
334 2955 460 3018 tacitam
482 2953 760 3036 praetermissurum
783 2955 886 3032 inisse,
910 2957 937 3018 si
959 2955 1043 3018 illam
1065 2957 1213 3020 vidisset?

198 3044 326 3122 Quinto,
356 3064 422 3108 cum
445 3053 564 3107 veteres
591 3043 671 3106 mille
703 3045 831 3126 amplius
853 3046 929 3108 lixas
962 3046 1208 3126 consignassent,
1241 3065 1363 3129 qnamm
1385 3047 1452 3151 plns
1489 3077 1495 3113 -,
1571 3071 1576 3080 ·

110 3153 199 3217 qnam
223 3132 290 3200 200
313 3136 352 3197 ad
375 3143 509 3198 anstrum
524 3133 658 3216 Tychoni
681 3135 729 3196 vel
747 3134 807 3215 pell
821 3134 1012 3198 Huennensis
1036 3135 1183 3198 exaltatio
1203 3138 1252 3199 vel
1271 3135 1350 3198 aeris
1373 3136 1453 3200 circa

107 3225 245 3288 horizont
231 3231 293 3288 tem
316 3224 485 3287 obscuritas
507 3222 741 3304 intercepisset.
765 3223 898 3325 'l'ycbq
890 3243 918 3285 m
934 3223 1136 3307 septentrione
1159 3235 1262 3288 nostru
1276 3210 1351 3289 200
1374 3225 1450 3288 alias

109 3313 302 3378 aveteribus
333 3312 563 3394 praetermissas
595 3312 723 3393 undique
756 3311 940 3395 conquisitas
972 3313 1146 3392 substituit,
1180 3315 1301 3395 quintae
1330 3315 1392 3376 iere
1421 3323 1453 3378 et

109 3414 214 3467 sextae
246 3403 458 3482 magnitudinis
493 3419 705 3484 numerumque
721 3401 933 3464 millenarium
969 3403 1127 3483 complevit
1159 3403 1358 3467 nibilominus.
1410 3401 1453 3467 Et

109 3501 212 3556 ιιιιιι
241 3493 315 3556 haec
343 3501 453 3558 ¹nostra
484 3510 579 3572 neque
606 3490 635 3553 in
664 3490 740 3554 libro
762 3491 1063 3574 Progymnasmatum
1095 3491 1174 3556 inter
1205 3490 1271 3557 800
1302 3511 1397 3574 neque
1421 3493 1452 3556 in

110 3582 248 3662 catalogo
276 3577 359 3646 1000
373 3583 497 3644 fixarum
518 3581 720 3662 manuscripto
743 3581 898 3663 reperitur.
937 3577 1058 3646 Clarum
1082 3579 1182 3664 itaque
1197 3591 1254 3660 eet,
1278 3600 1338 3644 non
1355 3581 1452 3645 visam

110 3690 177 3733 esse
200 3669 333 3752 Tychoni
355 3672 431 3734 bano
453 3671 635 3734 modernam.

198 3758 304 3829 Sexto.
326 3768 464 3822 vomatur
486 3761 541 3823 sub
564 3759 639 3822 meis
662 3757 800 3822 manibus
822 3758 1019 3839 protocollnm
1042 3757 1286 3844 observationum
1300 3757 1452 3841 Tyohonis

110 3847 172 3924 (sic
194 3847 360 3929 appellavit
382 3849 473 3911 cbaos
500 3849 756 3922 observationum,
789 3849 832 3910 uti
854 3848 925 3910 illae
948 3847 1073 3928 singulis
1096 3849 1238 3911 noctibus
1263 3848 1451 3929 conscriptae

108 3939 192 4001 fuere
215 3937 279 4000 sine
307 3937 445 4012 ordine):
476 3938 507 4002 in
530 3957 566 4001 eo
590 3937 791 4018 err-professo
821 3937 950 4018 quadam
979 3945 1067 3998 nocte
1089 3956 1144 4019 per
1166 3938 1224 4000 dno
1252 3939 1452 4001 instmmenta

107 4025 304 4098 culminantes
328 4025 501 4090 observavit
525 4027 631 4089 stellas
656 4023 766 4110 Cygni,
788 4045 842 4108 per
865 4026 998 4088 armillas
1016 4019 1210 4106 ¹quarundam
1234 4027 1451 4090 declinationes

106 4117 230 4197 capiens
260 4116 393 4198 proxime
423 4115 637 4190 meridianum
669 4116 847 4195 reliquarum
879 4113 1056 4178 altitudines
1087 4115 1268 4178 meridianas
1296 4135 1350 4198 per
1374 4135 1450 4198 qaa-

105 4206 246 4273 drentem
270 4225 305 4268 eo
333 4205 449 4280 οιιιίιι,
484 4215 517 4270 ιι
544 4222 686 4288 quaeque¹
706 4203 802 4283 primo
832 4203 871 4266 ad
902 4213 1014 4266 metum
1047 4203 1234 4268 instrumenti
1266 4206 1358 4270 venit.
1403 4203 1453 4269 Ibi

103 4314 221 4366 ornnes,
245 4293 338 4358 etiam
361 4313 436 4376 qnae
460 4295 542 4358 circa
564 4292 825 4357 constellationem
848 4294 984 4370 exulant,
1008 4293 1174 4356 recensitae
1181 4312 1192 4370 ;
1219 4295 1302 4357 nulla
1324 4295 1354 4358 in
1375 4311 1450 4375 pec-

101 4394 172 4447 tore
195 4393 316 4465 praeter
345 4385 427 4448 illam
456 4385 623 4467 antiquam,
656 4381 739 4444 nulla
762 4381 791 4443 iu
820 4381 930 4444 vicinia
960 4394 1200 4447 commemorata.
1245 4383 1339 4448 Nulla
1360 4383 1452 4465 igitur

101 4483 178 4538 tunc
202 4473 324 4538 fulsisse
348 4473 489 4537 creditur.
534 4475 584 4537 lta
607 4471 711 4534 eodem
734 4470 810 4533 libro
839 4490 930 4552 saepe
953 4491 1007 4534 usu
1030 4473 1128 4552 venit,
1152 4481 1186 4538 ut
1208 4473 1256 4536 vel
1280 4473 1320 4536 ad
1343 4473 1450 4555 explo-

103 4565 232 4628 randam
263 4571 438 4626 sextantum
469 4561 678 4628 certitudinem
701 4561 749 4624 vel
773 4559 864 4624 aliam
888 4561 926 4624 ob
949 4579 1071 4626 causam
1103 4563 1361 4628 circumstantium
1383 4563 1449 4630 cla·

194 4760 220 4832 *)
241 4763 376 4835 Spbalma
399 4760 568 4818 Basileensis
597 4757 766 4832 exemplaris
794 4779 859 4825 sors,
881 4774 932 4830 pro
950 4777 1012 4822 sor.
1034 4777 1068 4815 ιι
1088 4765 1118 4815 te
1138 4767 1255 4817 moveat.
1296 4761 1450 4834 Redarguit

105 4845 280 4911 oomtruotio,
301 4850 333 4899 et
353 4843 544 4916 antiquissima
563 4841 661 4908 versio,
685 4848 715 4897 et
735 4840 821 4896 tertia
839 4847 914 4896 retro
935 4841 1017 4897 linea
1029 4841 1067 4910 ⁴⁸)
