3648 5530
308 271 376 340 180
731 273 835 324 Literae
848 272 954 340 [μ’
970 273 1123 339 stammam
1139 279 1242 326 manu

310 452 501 535 sphaericam
532 469 621 516 unam
655 451 843 532 superficiem
877 451 952 514 fecit
981 453 1110 516 alteram
1141 453 1263 533 plausor
1293 452 1399 530 (quarn
1428 452 1550 533 insuper
1572 453 1668 516 ethra

311 542 453 604 excavari
475 561 583 620 magno
605 543 742 622 profectu
766 559 858 620 posse
880 560 949 602 roca
971 541 1126 620 Dioptn'ce
1150 543 1269 614 docet),
1294 559 1354 604 non
1377 549 1463 604 certo
1485 559 1542 604 neo
1565 543 1664 606 desti-

309 640 476 694 sato·aron
500 631 593 693 totius
616 631 780 715 sphaerae3
804 630 859 691 sed
874 649 928 690 neo
948 630 1015 710 ipse
1032 631 1151 711 quidem
1174 629 1361 690 subtilitates
1385 649 1519 692 mearum
1537 633 1664 694 demon·-

310 719 488 782 strationorn
513 719 665 799 applicare
694 721 777 795 scio,
812 725 846 781 ut
874 719 1011 798 praecise
1043 721 1081 780 ad
1117 718 1285 800 quaesitum
1316 719 1456 782 effectum
1478 719 1662 801 pertingant.

308 810 412 886 Atque
435 817 467 869 tu
500 809 589 888 plane
622 809 732 870 artifex
760 808 883 887 egregio
910 808 1141 888 epiphonemate
1173 807 1345 870 ocoeludis:
1381 809 1469 888 plura
1498 827 1666 889 proponere

308 897 580 975 contemplantem,
604 916 692 977 qnam
717 905 899 977 exsequatur
922 915 1011 976 opere
1034 898 1078 972 is,
1113 897 1160 958 cui
1182 897 1358 975 imperatur.
1406 895 1468 960 Gur
1500 897 1592 978 igitur
1615 901 1666 971 (ut

308 995 440 1048 motuum
464 985 594 1058 habeas)
618 996 649 1048 to
673 989 764 1067 paolo
788 1005 879 1066 snpra
903 1006 960 1047 non
985 986 1112 1065 potuisti
1134 987 1276 1060 credere,
1310 1003 1357 1046 me
1386 985 1486 1048 animo
1507 988 1664 1066 pressanti

309 1085 341 1136 et
364 1075 442 1138 aerio
467 1075 641 1138 exhibuisse
665 1095 761 1138 meam
785 1075 954 1137 sabrinam?
992 1073 1108 1138 Scribis
1132 1075 1220 1149 enim,
1244 1093 1293 1136 me
1315 1075 1396 1136 nullo
1421 1077 1521 1156 operis
1541 1077 1663 1158 experi-

308 1170 410 1226 mento
433 1163 498 1239 niti,
523 1164 578 1225 sed
601 1183 684 1227 mera
707 1164 925 1246 speculatione,
951 1173 985 1224 nt
1006 1165 1165 1245 profitetur
1185 1162 1384 1226 Dissertatio.
1664 1177 1669 1184 '

397 1251 486 1323 Quod
510 1273 617 1315 cavum
641 1255 754 1316 attinet
776 1253 940 1334 specillum,
965 1271 1045 1314 nova
1067 1253 1140 1314 mihi
1163 1253 1291 1316 verbera
1314 1253 1465 1328 intentas,
1489 1253 1543 1314 sed
1567 1253 1664 1316 irrita

307 1341 473 1425 Specillum
496 1361 603 1404 cavum
626 1345 731 1406 eodem
754 1343 914 1405 intervallo
938 1363 959 1402 a
980 1359 1115 1404 convexo
1139 1343 1313 1404 distinctum
1338 1341 1365 1404 si
1388 1341 1432 1406 sio
1450 1342 1665 1416 adhaerescat,

306 1442 341 1493 ut
364 1432 430 1492 loco
454 1433 566 1493 moveri
590 1451 647 1493 non
671 1432 779 1512 possit,
803 1447 991 1512 nequaquam
1014 1431 1110 1494 servit
1133 1431 1264 1494 omnium
1287 1430 1401 1505 oeulis,
1426 1432 1481 1494 sod
1503 1448 1580 1510 opus
1603 1433 1664 1494 erit

308 1521 347 1582 ad
370 1522 508 1582 canalem
531 1523 575 1583 sio
599 1520 809 1584 invariabilem
830 1521 1052 1599 permutatione
1077 1539 1217 1582 cavarum
1246 1520 1380 1582 lentium.
1427 1522 1473 1583 At
1504 1519 1664 1583 utilissimo

309 1610 487 1688 compendio
511 1610 652 1672 subvenit
676 1609 800 1672 licentia
818 1609 955 1670 variandi
973 1611 1051 1671 hanc
1065 1609 1241 1671 distantiam
1261 1610 1334 1672 tubo
1358 1609 1492 1674 exemtili
1515 1617 1547 1670 ct
1560 1617 1664 1672 truss-

307 1699 378 1772 tili;
402 1699 445 1761 sic
469 1701 548 1761 enirn
573 1701 636 1760 lens
660 1700 765 1760 eadem
789 1718 866 1760 cava
890 1699 972 1760 vario
1002 1699 1063 1760 situ
1092 1699 1187 1760 vicem
1211 1699 1290 1778 gerit
1321 1700 1480 1763 multarum
1504 1699 1611 1760 eodan
1634 1707 1666 1761 st

308 1807 368 1849 ooo
392 1787 464 1848 situ.
510 1788 738 1850 Demonstratio
762 1789 792 1849 in
815 1786 991 1867 Dioptviois.

398 1875 546 1955 Superest
583 1877 679 1956 figura
718 1877 862 1938 cavitatis
894 1877 923 1936 in
966 1877 1046 1938 lente
1087 1875 1236 1955 propiore.
1295 1876 1381 1938 Non·
1401 1884 1475 1956 pnto
1509 1875 1600 1938 aliam
1633 1884 1665 1938 te

310 1966 427 2027 vidisse
459 1983 547 2046 qoam
580 1966 780 2045 sphaericam.
836 1965 916 2027 Nem
950 1965 1178 2047 hyperbolicam
1206 1971 1384 2028 constanter
1415 1974 1530 2044 negant
1560 1981 1664 2028 omnes

308 2061 463 2116 nostrates
488 2056 604 2116 tornari
625 2073 734 2135 posse;
758 2055 860 2116 suloos
873 2055 952 2116 eninr
967 2054 1052 2116 reddi
1075 2053 1247 2127 circulares,
1273 2053 1342 2115 dunt
1356 2053 1486 2116 intimos·
1505 2055 1665 2116 formantis

309 2143 457 2222 sphaerae
481 2143 694 2224 hyperbolicae
719 2143 807 2206 umbo
830 2162 912 2223 pene*
929 2143 1001 2204 nihil
1025 2143 1123 2216 radit,
1157 2143 1265 2222 quippe
1289 2143 1356 2204 axis
1380 2142 1492 2204 tornati
1516 2143 1663 2220 considis,

309 2231 464 2293 exteriora
485 2232 644 2312 plurimum
667 2232 796 2301 radunt.
821 2248 876 2293 nec
899 2231 972 2294 liost
994 2232 1062 2293 huic
1085 2232 1129 2294 rai
1151 2231 1310 2293 subvenire
1341 2231 1490 2294 varietate
1523 2232 1662 2311 applica-

308 2319 433 2382 tionem.
479 2321 559 2382 Nam
580 2320 680 2400 portio
703 2321 851 2400 sphaeras
874 2326 979 2401 potest
1001 2321 1109 2400 ubique
1133 2320 1280 2400 applicari
1301 2320 1517 2385 sdcsvvitstem
1531 2322 1664 2403 patellae

310 2410 417 2472 eadem
440 2408 599 2488 sphaerica
623 2411 778 2492 superficie
804 2412 988 2484 excavatae,
1022 2418 1086 2472 tarn
1118 2410 1147 2471 in
1181 2409 1251 2488 ejus
1276 2417 1380 2470 oentm
1404 2411 1453 2472 vel
1478 2427 1550 2483 ase,
1575 2429 1664 2490 quam

309 2499 387 2578 apud
413 2499 535 2560 lirnhom
560 2499 703 2560 extimum
728 2508 760 2561 et
782 2498 926 2560 vicissim.
972 2499 1042 2562 Non
1072 2498 1116 2560 sic
1142 2498 1292 2561 'conoides'
1322 2498 1439 2577 vnlgm
1468 2498 1497 2558 in
1530 2499 1664 2573 fabricat

308 2587 398 2650 umbo
434 2588 514 2650 enirn
545 2589 663 2649 nonnisi
693 2589 806 2652 vertice
835 2589 923 2650 sedet
951 2587 979 2648 in
1011 2588 1162 2650 cavitatis.
1183 2595 1317 2648 offitium
1340 2605 1393 2648 sou
1415 2587 1550 2650 fundum.
1597 2589 1663 2650 Ita-

309 2688 366 2757 que
399 2685 472 2756 puto
504 2676 576 2738 vitri
608 2678 772 2740 cavitatem
806 2677 898 2740 fnisse
929 2676 1128 2758 sphaericam.
1183 2676 1263 2738 illam
1292 2683 1336 2737 et
1359 2676 1419 2738 hoo
1449 2683 1539 2748 noto,
1572 2677 1664 2738 etism

309 2763 462 2828 Galilaeio
487 2766 685 2828 instrumento
711 2767 890 2846 distorqueri
912 2765 1045 2828 visibilis
1068 2775 1099 2826 et
1122 2765 1206 2828 reddi
1233 2765 1386 2826 exteriora
1416 2766 1532 2845 rnaJora
1555 2770 1587 2827 et
1608 2785 1663 2846 pro

310 2855 483 2935 quadratis·
501 2855 609 2918 aurita
658 2855 775 2917 Vitium
809 2864 857 2917 est
887 2855 1003 2929 inveo,
1024 2854 1107 2934 'quia
1130 2873 1240 2916 rcavsm
1267 2872 1326 2915 non
1357 2857 1407 2916 ast
1427 2855 1663 2936 hyperbolicum.

309 2941 414 3005 Ome
435 2963 487 3004 our
513 2944 544 3006 in
566 2962 643 3005 cavo
667 2944 809 3007 conoides
832 2943 929 3024 ligura
948 2963 1008 3005 non
1031 2943 1130 3023 possit
1153 2943 1217 3004 sine
1241 2942 1427 3004 incommodo
1448 2943 1572 3022 negligi,
1596 2961 1663 3013 cora

307 3031 337 3092 in
361 3035 496 3093 conveto
520 3033 638 3111 possit,
672 3041 721 3095 est
753 3033 813 3093 lata
842 3032 912 3113 quio
939 3051 1049 3092 caverni
1068 3040 1117 3094 est
1139 3032 1312 3094 necessario
1335 3049 1445 3111 magos
1467 3030 1567 3112 portio
1590 3051 1663 3094 snas

307 3119 528 3198 miseraeve}
553 3121 648 3202 quasi
673 3125 840 3188 convexum
861 3141 922 3182 non
944 3123 1028 3183 item.
1075 3120 1138 3183 Sed
1167 3139 1225 3182 son
1257 3120 1378 3183 difficile
1407 3121 1497 3182 fuerit
1521 3118 1661 3182 Galilaea

306 3207 489 3269 oontrninisoi
513 3237 516 3246 ·
536 3229 657 3272 novum·
691 3229 786 3290 genna
830 3211 1000 3284 machinari,
1048 3227 1109 3290 qua
1149 3211 1240 3272 etism
1284 3209 1392 3272 fundus
1428 3210 1497 3271 cavi
1538 3209 1662 3272 radatur

306 3295 512 3358 vehementius
536 3317 625 3378 quam
653 3299 832 3379 vulgariter,
864 3319 883 3360 a
909 3299 1047 3379 partibus
1077 3300 1158 3362 circa
1183 3307 1283 3361 motus
1307 3313 1393 3360 mem
1417 3299 1480 3362 lars
1503 3297 1660 3378 quiessen-

307 3383 397 3448 tibus.
445 3387 550 3448 Talem
575 3389 695 3449 modurn
722 3389 788 3468 jam
821 3389 887 3468 ipse
910 3407 1027 3469 quoque
1050 3389 1080 3450 in
1108 3396 1229 3468 promtu
1259 3387 1374 3450 haheo:
1404 3395 1437 3450 et
1467 3388 1612 3464 fortasse,
1636 3387 1662 3450 si

307 3475 510 3538 mamasarinc
532 3475 686 3548 instituta,
710 3479 758 3539 vel
781 3497 850 3541 mes
873 3497 963 3539 manu
987 3478 1148 3558 aggrediar
1171 3476 1324 3540 fabricam.

394 3563 466 3626 Dixi
497 3564 527 3626 in
550 3564 775 3628 Dissertatione
809 3568 846 3628 de
878 3567 1127 3646 multiplicatione
1160 3582 1360 3629 convenarum
1390 3565 1531 3638 lentium
1564 3564 1662 3626 veris·

306 3652 384 3716 sima
406 3653 596 3733 deprehendo
621 3655 712 3718 etiarn
737 3656 942 3734 experientia,
976 3657 1030 3718 sed
1062 3675 1204 3719 successu
1232 3655 1379 3729 nontali,
1409 3653 1529 3734 qualem
1551 3653 1582 3716 in
1604 3655 1662 3715 hoc

306 3760 414 3822 genere
437 3743 627 3806 instrumenti
650 3745 831 3825 quaerimus.
876 3745 962 3806 Situs
986 3745 1062 3810 oculi
1087 3753 1158 3808 sote
1182 3753 1295 3825 puncta
1317 3761 1479 3806 concursus
1503 3751 1552 3804 est
1574 3741 1660 3805 simi-

306 3830 376 3892 liter
399 3840 501 3894 certus
524 3840 556 3894 et
581 3833 671 3912 plane
702 3836 903 3897 necessarius.
949 3835 1105 3915 Dioptrioe
1133 3853 1201 3898 mes
1233 3833 1327 3895 etiam
1358 3832 1490 3894 ulterius.
1514 3831 1660 3911 procedit.

304 3919 385 3982 Nam
407 3921 433 3982 si
458 3923 542 3984 oculo
571 3922 664 3985 liceat
695 3930 839 4004 punctum
869 3925 928 3984 hoo
959 3943 1122 3986 concursus
1152 3921 1383 3989 transscendere
1407 3927 1438 3981 et
1461 3920 1661 4001 multiplicare

306 4025 457 4072 convexas
479 4012 594 4085 lentes,
617 4033 724 4094 κρισιις
749 4011 885 4074 oriuntur
908 4013 959 4073 vix
982 4012 1193 4094 explicabiles,
1223 4013 1283 4074 nisi
1307 4011 1373 4094 quis
1397 4030 1416 4071 a
1437 4009 1530 4090 priori
1553 4027 1663 4079 causas

306 4097 458 4178 inspiciat.
507 4098 664 4163 Successit
686 4102 736 4163 hic
758 4109 790 4162 et
813 4102 995 4165 mechanico.
1034 4103 1249 4183 Itsqne'dooet
1262 4099 1429 4182 Dioptrice,
1454 4100 1549 4162 etiem
1570 4099 1662 4162 meris

306 4189 448 4250 moveris
472 4189 578 4251 eedem
601 4199 777 4269 praestare,
808 4210 885 4271 quae
908 4210 1041 4256 concavo
1065 4200 1270 4265 stconve103
1303 4191 1375 4252 item
1405 4189 1499 4250 sitnm
1530 4189 1598 4251 cavi
1630 4196 1662 4250 et

306 4278 436 4338 converri·
454 4286 646 4356 pervertsre;
670 4281 797 4360 denique
822 4280 904 4340 varie
929 4289 960 4342 et
978 4281 1118 4359 jucunde¹
1134 4297 1293 4342 causarum
1315 4279 1486 4342 rimatores,
1500 4279 1630 4342 eludere.

394 4367 533 4427 Tovem
559 4367 627 4447 quid
652 4368 680 4428 in
705 4367 878 4430 Galilaeum
905 4369 1050 4449 respicis,
1083 4378 1117 4432 ut
1148 4371 1379 4431 instrumentum
1408 4366 1482 4428 mihi
1513 4368 1660 4447 porrigat,

307 4473 364 4533 ooo
381 4454 432 4515 :trvi
463 4455 555 4516 animi
586 4475 678 4518 sensa
707 4458 866 4536 pervidere
897 4457 1035 4538 possim?
1081 4456 1178 4529 Quasi
1214 4458 1254 4519 ad
1289 4458 1367 4518 hauc
1402 4475 1463 4518 rem
1496 4455 1570 4519 mihi
1601 4475 1666 4526 nou,

307 4542 424 4620 abunde
447 4550 502 4604 tua
516 4545 648 4608 sufficiat
669 4546 809 4626 epistola,
835 4555 887 4608 aut
911 4548 996 4626 quasi
1022 4547 1177 4628 quisquam
1201 4556 1232 4608 te
1256 4545 1320 4625 ipso
1336 4545 1437 4625 possit
1457 4563 1527 4606 esse
1551 4546 1609 4607 hro
1630 4547 1661 4608 io

307 4649 338 4691 re
362 4631 555 4711 ingeniosior.
602 4636 705 4716 Atque
728 4653 803 4714 ego,
839 4636 899 4697 etsi
931 4636 1011 4697 haud
1035 4636 1171 4716 equidem
1194 4635 1250 4696 tali
1273 4653 1321 4696 rne
1343 4634 1451 4714 dignor
1474 4635 1602 4709 honore,
1621 4643 1661 4696 ¹ut

308 4737 374 4780 enm
398 4722 506 4782 dooere
530 4741 664 4801 sperem,
699 4722 749 4803 qui
772 4741 819 4785 ms
844 4725 953 4786 docere
974 4724 1090 4804 possit,
1125 4725 1196 4806 quia
1226 4733 1326 4784 tamen
1350 4723 1559 4803 philosophiae
1583 4723 1660 4804 ejus,

307 4825 383 4886 quae
411 4828 508 4871 reram
532 4819 671 4874 umorem
693 4812 832 4892 inspicit,
866 4813 979 4875 tructos
1013 4833 1072 4876 oon
1105 4813 1224 4876 aliunde
1254 4811 1461 4892 praestantior
1486 4811 1660 4894 percipitur,
