3674 5538
316 276 379 344 ιιι
576 243 584 264 '
904 281 1065 334 mensnram.

316 455 542 520 adamantinum
564 457 698 520 restituti
721 476 776 537 per
798 458 970 541 Tychonern
992 459 1093 522 Brahe
1116 466 1215 522 motus
1231 457 1312 522 Solis
1335 459 1517 540 lixarumque
1540 461 1666 526 ordina-

285 553 413 608 tarum
447 545 609 620 extructis)
641 547 840 626 complectar,
878 567 966 629 quarn
1000 549 1139 612 clarem
1172 549 1432 612 astronomiae
1463 550 1665 630 penitioris

313 633 413 698 dicere
435 653 527 716 posse
550 634 622 698 mihi
645 633 756 699 videor.

400 721 498 787 Vides
522 722 617 786 amics
640 724 750 800 lector,
780 744 837 806 quo
861 725 927 788 looo
951 724 1137 788 astronomia
1159 723 1332 806 Tychonica
1353 725 1411 787 hoc
1434 733 1484 788 est
1506 728 1666 793 verissima

314 819 345 874 et
369 812 605 892 exquisitissima
627 820 775 877 versetur.
812 815 974 878 Materiam
997 815 1037 877 ad
1052 812 1218 878 aedilicium
1242 814 1374 876 futnmm
1397 814 1665 896 locupletissimam

311 901 467 981 congessit
489 901 519 962 in
542 901 636 964 libros
660 901 918 966 observationum:
952 905 1017 985 ejus
1040 902 1185 980 materiae
1219 902 1403 982 probitatem
1425 903 1455 966 in
1480 906 1664 970 mechanicis

313 990 549 1054 demonstravit:
574 990 771 1054 fundamenta
785 992 890 1054 domus
913 994 971 1056 duo
992 991 1174 1055 firmissima
1181 990 1272 1071 jecit,
1295 1001 1330 1053 ut
1347 992 1414 1072 jam
1438 992 1514 1068 dixi,
1538 995 1664 1060 lixarum

312 1079 452 1159 catalogo
476 1077 671 1142 subtilissime
695 1090 728 1142 et
750 1080 906 1144 verissime
939 1083 1109 1161 descripto,
1143 1081 1192 1160 qui
1214 1081 1363 1143 caementi
1386 1081 1490 1161 optimi
1515 1082 1581 1147 loco
1605 1085 1664 1148 fuit

313 1167 428 1249 eritque
452 1169 492 1230 ad
515 1169 672 1232 materiam
696 1170 939 1233 observationum
964 1169 1243 1249 conglutinandam:
1279 1177 1311 1231 et
1340 1170 1460 1232 theoria
1483 1170 1565 1234 Solis
1588 1193 1663 1236 cou-

313 1257 438 1333 stituta,
463 1275 539 1338 quae
563 1257 660 1337 ipsum
685 1259 870 1321 fundamenti
893 1259 982 1321 robur
1004 1259 1099 1320 habet
1120 1259 1278 1340 mediaque
1293 1259 1431 1322 columna
1446 1267 1509 1336 ιιι,
1534 1261 1664 1324 fornices

312 1365 415 1409 omues
440 1347 479 1408 ad
503 1346 658 1426 fastigium
680 1365 774 1430 usque
798 1349 956 1428 complexa
979 1348 1089 1410 ostium
1113 1347 1204 1409 etiam
1234 1367 1301 1410 cum
1325 1348 1477 1411 testudine
1501 1351 1539 1411 ad
1564 1351 1664 1414 omnia

311 1435 467 1498 conclavia
489 1435 669 1515 pertinente.
715 1437 858 1499 Frontem
887 1449 961 1499 ‘vero
994 1437 1099 1499 doruus
1132 1436 1172 1498 ad
1203 1435 1291 1498 funem
1323 1436 1479 1516 perduxit,
1514 1438 1663 1502 theoriam

311 1524 378 1587 dico
401 1523 523 1597 Itunae,
551 1524 725 1602 primarium
755 1527 903 1605 palatium
932 1532 964 1587 et
986 1525 1150 1606 porticum3
1183 1532 1217 1586 ut
1243 1524 1310 1604 jam
1343 1525 1448 1587 domus
1479 1527 1662 1590 habitationi

310 1621 384 1694 apta
406 1611 463 1688 sit,
488 1613 534 1675 cui
559 1612 588 1674 iu
612 1614 689 1677 hunc
712 1633 798 1676 usum
819 1615 876 1677 hoo
899 1614 1001 1677 libello
1017 1615 1169 1676 fenestrae
1188 1621 1220 1675 et
1242 1614 1345 1676 scalae
1367 1614 1478 1694 partim
1502 1616 1661 1688 accedunt,

310 1701 421 1782 partim
446 1702 588 1764 effractae
612 1710 804 1784 reponuntur.
851 1703 1022 1766 Armenium
1045 1722 1099 1765 seu
1123 1702 1252 1764 Theoria
1274 1702 1385 1764 Martis
1408 1712 1579 1768 extructum
1601 1714 1662 1781 est,

311 1791 420 1853 valvae
444 1808 498 1852 seu
513 1789 605 1852 editio
619 1791 794 1872 propediem
807 1793 962 1854 accedent.
998 1792 1111 1855 Restat
1124 1791 1253 1864 officina,
1275 1792 1447 1866 oratorium,
1469 1796 1663 1858 coenaculum

311 1896 377 1944 cum
400 1879 548 1954 thalamo,
574 1899 724 1943 museum:
749 1882 855 1962 quibus
880 1881 1016 1944 omnibus
1040 1881 1131 1942 altius
1155 1879 1325 1942 tabulatum
1347 1889 1571 1960 superstruatur
1596 1883 1661 1946 loco

310 1969 465 2049 speculae,
491 1968 530 2030 ad
558 1969 735 2048 capiendum
768 1972 935 2033 seculorum
965 1977 1172 2050 prospectum,
1197 1967 1314 2030 theoria
1338 1977 1447 2031 octava
1470 1979 1501 2032 et
1525 1989 1662 2052 apogasa

310 2059 514 2138 planetarum
546 2057 669 2120 rudibus
692 2058 747 2120 illa
770 2059 889 2140 quidem
913 2058 1062 2139 aliquibus
1085 2066 1117 2120 et
1145 2056 1225 2119 carie
1249 2057 1395 2119 confectis
1419 2059 1554 2122 trabibus
1578 2060 1662 2122 anti-

309 2164 434 2227 quarum
457 2146 701 2209 observationum
722 2147 898 2212 intermixta
905 2167 915 2223 ;
948 2148 1003 2210 sed
1031 2155 1132 2209 tamen
1161 2153 1193 2208 et
1215 2147 1272 2206 hae
1296 2154 1437 2225 quantum
1469 2148 1533 2210 fieri
1557 2157 1661 2233 potest

312 2234 464 2314 polieutur
486 2241 517 2296 et
541 2235 769 2298 solidabuntur:
795 2246 829 2300 ut
851 2237 978 2318 denique
992 2244 1107 2298 tectum
1122 2253 1175 2296 seu
1199 2253 1332 2298 summus
1347 2235 1662 2315 apexTabularum

251 2381 254 2386 r
308 2322 501 2404 Rodolphi
524 2323 635 2403 imponi
658 2333 758 2404 queat
805 2324 894 2398 Quod
917 2333 951 2388 ut
973 2325 1071 2406 primo
1095 2341 1210 2404 quoque
1235 2331 1369 2402 tempore
1393 2325 1455 2386 fieri
1487 2327 1600 2406 possit,
1634 2326 1661 2388 si

310 2412 429 2494 quidem
454 2412 670 2474 astronomiam
693 2414 894 2494 Tychonicam
919 2434 1021 2490 amas,
1046 2431 1162 2475 mecum
1185 2411 1282 2474 Deum
1307 2410 1380 2491 Opt.
1396 2411 1480 2476 Max.
1501 2433 1603 2492 exora,
1627 2423 1662 2478 ut

237 2525 239 2530 ·
308 2500 461 2582 Rudolphi
485 2499 628 2563 Caesaris
653 2503 744 2564 armis
767 2503 897 2584 juratum
926 2503 1009 2565 illurn
1033 2500 1199 2564 Christiani
1222 2500 1351 2562 nominis
1374 2501 1493 2564 hostem
1514 2504 1661 2583 reprimat

308 2590 525 2669 victoriamque
557 2589 667 2671 populo
700 2610 754 2655 suo
788 2593 943 2673 largiatur.
990 2592 1025 2654 Id
1043 2591 1128 2670 enim
1151 2588 1179 2650 si
1203 2591 1256 2651 liat
1278 2591 1398 2652 dubium
1421 2609 1480 2652 uon
1504 2601 1562 2668 est,
1587 2593 1658 2674 quin

309 2679 478 2759 Imperator
492 2676 743 2759 sapientissimus
767 2689 883 2744 sumtus
906 2682 1045 2755 idoneos,
1069 2678 1147 2759 quod
1171 2697 1225 2740 neo
1250 2677 1296 2740 his
1321 2678 1466 2742 bellorum
1489 2681 1586 2744 turbis
1610 2683 1661 2744 in-

310 2769 467 2844 termittit,
491 2776 562 2830 tunc
586 2770 822 2832 cumulatissime
846 2771 1091 2851 suppeditaturus
1115 2767 1164 2830 sit.

399 2854 485 2929 Quae
504 2857 534 2918 in
559 2859 744 2922 astronomia
766 2860 864 2940 optice
888 2857 1107 2922 consideranda
1137 2855 1276 2931 veniunt,
1309 2855 1358 2918 vel
1391 2862 1462 2920 suut
1492 2874 1542 2918 res
1575 2856 1662 2938 ipsae

310 2946 388 3010 visui
410 2947 602 3027 propositae,
637 2949 686 3010 ubi
709 2950 937 3012 considerautur
961 2966 1059 3011 rerum
1082 2944 1215 3026 species,
1247 2963 1301 3008 seu
1323 2944 1375 3006 lux
1399 2953 1431 3007 et
1456 2945 1577 3022 umbra,
1611 2947 1662 3009 vel

308 3035 453 3110 medium,
477 3052 532 3114 per
555 3037 632 3116 quod
657 3038 708 3099 lux
732 3037 898 3119 speciemm
922 3037 1088 3099 vehiculum
1112 3033 1239 3106 transit,
1262 3034 1346 3112 cujus
1370 3053 1463 3096 causa
1486 3035 1538 3098 lux
1560 3035 1663 3118 aliqua

309 3125 443 3187 refracta
467 3124 506 3186 ad
529 3143 585 3186 nos
607 3128 759 3205 pervenit;
783 3128 832 3190 vel
856 3128 982 3208 denique
1006 3126 1233 3188 instrumentum
1256 3121 1398 3186 visorium
1421 3141 1475 3188 seu
1499 3124 1625 3205 oculum

396 3212 529 3276 Rursum
551 3232 600 3276 res
622 3215 708 3296 ipsae
732 3217 781 3280 vel
805 3223 875 3280 sunt
889 3234 1015 3296 corpora
1028 3212 1182 3284 coelestia,
1206 3210 1297 3284 Solis,
1318 3212 1423 3274 Lunae
1438 3221 1469 3274 ιι
1493 3212 1660 3289 stellarum,

308 3301 357 3362 uel
379 3308 479 3382 motus
503 3303 551 3365 vel
576 3303 653 3366 situs
676 3323 844 3386 corporum.
889 3305 937 3368 De
962 3301 1135 3381 corporibus
1158 3301 1221 3382 jure
1245 3299 1414 3381 incipimus.
1459 3300 1496 3365 In
1520 3305 1660 3382 corpori-

308 3390 364 3453 bus
388 3396 488 3453 autem
512 3393 711 3458 astronomice
735 3395 807 3457 nihil
827 3395 893 3474 jam
918 3393 1154 3464 consideramus,
1180 3388 1237 3450 uisi
1261 3407 1361 3452 eorum
1385 3389 1532 3470 speciem,
1568 3410 1661 3472 quam

309 3479 347 3541 ad
371 3497 425 3540 nos
449 3480 593 3544 beneficio
618 3483 693 3544 lucis
717 3503 776 3564 qua
806 3484 947 3564 praedita
976 3488 1047 3544 sunt
1070 3479 1245 3553 demittunt,
1278 3477 1402 3560 ejusque
1426 3479 1555 3559 speciei,
1580 3479 1664 3544 Solis

307 3569 486 3651 praesertim
511 3579 542 3631 et
565 3571 683 3646 Lunae,
709 3573 745 3634 de
769 3574 864 3636 Terra
886 3591 957 3635 vero
981 3570 1118 3643 umbrae,
1144 3569 1269 3648 liguram
1292 3575 1324 3630 et
1348 3569 1563 3649 quantitatem.

396 3657 596 3721 Nobilissima
619 3659 697 3722 euim
723 3669 756 3722 ιι
779 3661 989 3743 antiquissima
1002 3677 1074 3740 pars
1099 3665 1147 3720 est
1170 3657 1371 3720 astronomiae
1401 3655 1483 3720 Solis
1504 3666 1538 3720 ιι
1555 3657 1662 3720 Lunae

309 3747 462 3821 defectus,
485 3765 549 3823 res,
574 3755 608 3809 ut
629 3748 745 3812 Plinius
770 3751 832 3825 ait,
862 3751 893 3812 in
917 3757 984 3812 tota
1007 3756 1132 3810 naturae
1156 3747 1409 3825 contemplatione
1432 3746 1562 3809 maxime
1585 3747 1665 3810 mira

308 3845 340 3900 et
361 3842 483 3899 ostento
506 3836 622 3900 similis.
660 3836 759 3909 Quam
782 3841 832 3920 qui
855 3839 1016 3919 diligenter
1028 3834 1222 3917 perpenderit
1245 3834 1392 3909 inveniet,
1416 3835 1443 3898 si
1457 3835 1553 3899 sacris
1577 3836 1663 3900 libris

306 3927 396 3990 fidem
419 3924 563 3988 adhibere
587 3927 731 4004 noluerit,
763 3936 795 3990 et
817 3928 914 3990 Deum
938 3946 1005 3990 esse
1029 3933 1155 3988 naturae
1179 3923 1272 3986 totius
1297 3923 1482 3987 conditorem
1505 3933 1538 3988 st
1560 3925 1664 3988 homi-

307 4033 378 4077 uum
402 4016 567 4078 futurorum
589 4015 620 4076 in
644 4014 712 4096 ipsa
726 4015 947 4078 machinatione
971 4033 1072 4077 curam
1095 4012 1247 4086 habuisse,
1271 4013 1314 4076 sic
1329 4013 1467 4076 ordinato
1492 4013 1549 4076 boo
1572 4033 1664 4078 muu-

309 4103 389 4166 dano
413 4103 547 4178 theatro,
582 4111 616 4166 ut
646 4105 815 4167 existerent
837 4107 867 4168 in
892 4124 927 4166 eo
951 4104 1037 4184 signa
1067 4103 1190 4174 idonea,
1222 4101 1328 4183 quibus
1360 4103 1510 4165 homiuum
1533 4111 1663 4178 mentes,

208 4211 216 4218 ·
311 4191 369 4254 Dei
395 4192 589 4269 simulachra,
614 4211 673 4254 uon
697 4199 815 4256 tantum
838 4195 1039 4256 invitarentur
1062 4191 1100 4253 ad
1115 4191 1347 4271 contemplanda
1369 4191 1472 4254 divina
1495 4211 1597 4272 opera,
1624 4211 1662 4274 ea

310 4281 416 4362 quibus
439 4279 606 4344 conditoris
629 4281 798 4345 bonitatem
821 4283 1030 4358 aestimarent,
1054 4280 1108 4343 sed
1132 4281 1224 4342 etiam
1249 4280 1462 4359 adjuvarentur
1478 4281 1518 4344 ad
1541 4282 1663 4364 penitus

305 4368 551 4450 pervestiganda.

396 4456 533 4522 Obsecro
559 4458 638 4521 euim
661 4478 738 4541 quae
761 4479 855 4524 causa
878 4469 939 4537 est,
965 4461 991 4524 si
1014 4458 1090 4522 haec
1114 4476 1172 4520 uon
1196 4464 1260 4533 est,
1291 4461 1369 4540 quod
1393 4465 1502 4523 natura
1524 4459 1554 4522 in
1579 4457 1662 4523 Solis

307 4553 339 4607 et
360 4546 466 4608 Lunae
490 4547 665 4629 corporibus
689 4549 769 4612 tales
793 4556 914 4612 exercet
936 4548 1039 4612 lusus?
1072 4547 1178 4628 quibus
1210 4566 1270 4610 non
1293 4556 1411 4611 tautum
1443 4548 1596 4620 homines,
1629 4558 1664 4613 ut

309 4631 453 4698 historiae
478 4641 647 4713 testantur,
681 4637 711 4698 in
745 4637 973 4701 admirationem
997 4644 1030 4698 et
1052 4643 1205 4714 stuporem
1232 4645 1390 4702 vertuntur
1414 4639 1554 4718 quamdiu
1586 4658 1661 4702 oau-

308 4737 360 4782 sas
397 4721 556 4812 ignorant,
594 4727 649 4790 sed
686 4726 771 4808 ipsae
809 4727 902 4790 etiam
939 4723 1163 4810 quadrupedes,
1201 4725 1298 4791 Plinio
1331 4732 1427 4804 teste,
1464 4728 1663 4792 communiter

187 4881 190 4888 Δ
306 4811 495 4892 parescunt?
