3672 5528
296 283 361 350 262
768 285 959 350 Paralipomena
976 285 1002 336 in
1021 283 1187 336 Vitellionem.

295 467 384 544 quam
407 463 671 525 intersectionem:
702 461 825 542 globum
855 479 926 522 vero
950 479 1076 540 aqueum
1100 467 1218 523 tantum
1241 459 1297 523 hoc
1319 467 1475 541 praestare
1498 481 1565 524 cum
1588 459 1651 524 suis

295 551 544 626 retractionibus,
569 557 603 612 ut
625 551 726 630 purior
749 549 804 610 fiat
825 547 1015 624 intersectis,
1050 569 1125 630 quae
1149 550 1178 610 in
1202 550 1270 630 ipsa
1297 551 1453 630 superficie
1485 551 1652 633 crystallini

295 641 333 702 ob
357 640 612 721 propinquitatem
645 639 684 700 ad
714 639 846 700 foramen
876 637 1006 700 noudum
1039 645 1087 700 est
1113 639 1266 718 periecta;
1301 639 1364 701 lieri
1396 639 1476 702 enim
1508 639 1653 701 beneficio

294 729 522 804 refractionum,
547 735 582 790 ut
603 728 633 790 in
659 735 721 790 tam
744 734 876 806 angusto
900 725 976 788 oculi
1000 725 1099 805 spatio
1123 734 1366 808 repraesentetur
1388 727 1564 790 intersectio
1589 737 1651 790 tarn

295 819 440 898 diligens,
473 835 562 896 quam
589 817 640 878 vix
663 816 693 878 in
717 817 818 896 ampla
842 815 944 896 aliqua
967 834 1087 876 camera
1118 817 1195 878 citra
1217 815 1426 878 refractionem
1451 835 1519 879 esse
1543 818 1651 897 possit.

295 905 437 970 Ceterum
461 926 508 968 me
533 905 638 967 statim
663 905 699 966 ad
725 904 841 966 oculum
865 904 1010 965 refutavit
1043 903 1150 984 globus
1184 923 1313 986 aqueus,
1347 906 1395 986 qui
1422 924 1510 968 unum
1533 914 1652 967 tautum

293 1003 436 1076 punctum
459 1003 530 1074 post
561 1015 594 1054 se
622 993 743 1064 habuit,
768 993 797 1054 in
827 1012 884 1074 quo
909 993 1051 1054 distincte
1075 993 1213 1073 pingeret
1234 994 1403 1074 portionem
1428 995 1652 1074 hemisphaerii,

294 1091 363 1146 ante
389 1092 420 1144 et
444 1090 515 1163 post
538 1083 666 1144 minime.
714 1081 827 1142 Debuit
850 1088 952 1144 autem
976 1081 1003 1142 in
1028 1083 1152 1143 remotis
1176 1083 1294 1162 punctis
1319 1082 1491 1145 distinctius
1514 1083 1650 1163 pingere,

293 1173 319 1233 si
344 1171 410 1233 sola
433 1171 606 1234 intersectio
630 1171 779 1252 picturam
800 1169 877 1231 hanc
901 1177 1082 1250 praestaret.
1116 1169 1160 1233 Ut
1182 1177 1301 1233 taceam
1324 1189 1399 1251 quae
1423 1190 1515 1252 supra
1529 1171 1603 1234 Nro.
1620 1171 1650 1234 2.

294 1261 389 1336 dicta,
426 1261 505 1340 quod
535 1279 587 1340 per
620 1278 731 1322 meram
760 1257 1004 1320 intersectionem
1038 1259 1111 1331 (non
1140 1259 1303 1321 accedente
1332 1267 1364 1321 et
1391 1261 1569 1322 collectione
1598 1278 1653 1340 per

292 1351 519 1422 retractionem)
540 1367 688 1430 nunquam
711 1347 905 1428 perveniatur
929 1347 968 1407 ad
992 1347 1252 1410 distinctissimam
1274 1347 1419 1410 visionem
1444 1368 1541 1410 rerum
1567 1349 1651 1411 lora-

294 1438 372 1500 mine
396 1457 490 1500 uveas
515 1437 670 1500 minorum.
719 1437 835 1516 ltaque,
859 1442 893 1497 ut
916 1436 1106 1510 concludam,
1132 1437 1158 1497 si
1181 1437 1237 1497 hoc
1260 1456 1362 1512 unum,
1387 1437 1482 1500 Porta
1510 1437 1650 1499 solertis-

293 1521 390 1602 sime,
421 1535 491 1589 tuae
520 1526 689 1589 sententiae
718 1524 890 1586 addideris:
928 1525 1077 1604 picturam
1105 1525 1134 1586 in
1163 1524 1337 1607 crystallino
1369 1526 1465 1588 adhuc
1496 1526 1651 1588 confusam

295 1635 364 1678 esse
389 1615 564 1690 admodum,
593 1613 771 1695 praesertim
800 1613 928 1674 dilatato
953 1611 1098 1675 foramine
1122 1631 1233 1688 uveae,
1263 1631 1318 1674 nec
1341 1615 1404 1676 fieri
1429 1613 1576 1676 visionem
1598 1632 1653 1694 per

293 1703 534 1784 conjunctionem
557 1703 632 1766 lucis
656 1723 723 1765 cum
746 1703 931 1785 crystallino,
957 1703 1011 1763 sed
1035 1703 1216 1764 descendere
1239 1701 1269 1763 in
1289 1701 1424 1778 retinam,
1445 1705 1652 1783 descensuque

293 1812 329 1854 eo
355 1801 387 1855 et
419 1793 515 1872 magis
550 1792 685 1872 separari
716 1792 901 1852 diversorum
931 1798 962 1851 et
992 1791 1130 1870 conjungi
1160 1791 1292 1872 ejusdem
1322 1793 1425 1872 puncti
1454 1793 1651 1866 radiationes,

293 1881 383 1962 inque
407 1880 474 1962 ipsa
497 1881 596 1944 retina
620 1881 717 1944 locum
742 1899 810 1941 esse
834 1879 1021 1941 collectionis
1045 1881 1083 1941 ad
1106 1888 1258 1960 punctum,
1284 1899 1361 1960 quae
1385 1879 1564 1942 evidentiam
1584 1879 1650 1961 pic·

294 1978 380 2034 turae
405 1977 554 2050 praestat,
578 1969 699 2050 fierique
724 1977 755 2030 et
776 1988 831 2049 per
850 1967 935 2030 illam
949 1967 1202 2042 intersectionem,
1227 1977 1261 2030 ut
1284 1969 1382 2049 imago
1405 1971 1460 2032 fiat
1478 1987 1595 2044 eversa,
1621 1979 1654 2030 et

290 2053 346 2138 per
369 2059 446 2121 hanc
478 2059 701 2134 collectionem,
731 2065 765 2120 ut
798 2057 1029 2119 distinctissime
1052 2057 1094 2119 sit
1116 2065 1148 2118 et
1171 2057 1417 2122 evidentissima:
1450 2058 1506 2121 boc
1528 2057 1651 2140 inquam

290 2147 317 2208 si
341 2147 494 2210 addideris
518 2155 590 2210 tuae
615 2147 795 2224 sententiae,
820 2147 909 2226 plane
933 2146 1101 2209 absolveris
1125 2145 1249 2208 visionis
1274 2147 1401 2212 modum.

395 2283 426 2351 5.
465 2285 564 2358 Quae
588 2305 632 2350 ex
654 2287 812 2350 visionis
836 2287 940 2349 modo
963 2288 997 2349 in
1020 2286 1298 2350 Astronomiam
1321 2286 1543 2358 redundant,
1636 2339 1642 2344 .

730 2395 795 2438 sen
818 2377 859 2438 de
883 2376 1026 2438 vitiata
1048 2376 1209 2438 visione.

377 2499 447 2562 Etsi
469 2497 616 2579 perlectio
639 2499 722 2561 visus
746 2498 776 2561 in
800 2499 914 2562 duobus
938 2499 1079 2562 consistit
1107 2500 1216 2562 oculis:
1251 2497 1416 2560 astronomi
1448 2505 1550 2560 tamen
1583 2497 1648 2560 visu

290 2594 416 2650 utuntur
456 2608 514 2650 uon
560 2607 679 2668 semper
711 2588 750 2650 ad
787 2587 1047 2650 internoscendum
1085 2589 1221 2669 objecta:
1266 2587 1456 2667 utplurimum
1497 2605 1567 2647 vero
1610 2589 1647 2647 ad

285 2677 527 2740 constituendum
560 2676 701 2757 angulum
733 2676 812 2740 inter
844 2675 931 2739 binas
963 2678 1086 2740 stellas:
1120 2696 1176 2757 quo
1211 2677 1240 2739 in
1270 2673 1392 2754 negotio
1430 2683 1534 2736 centro
1570 2675 1646 2755 ipsis

287 2784 362 2844 opus
385 2773 434 2827 est
457 2765 553 2838 unico,
578 2766 617 2826 ad
642 2765 721 2845 quod
745 2767 872 2846 angulus
896 2766 1082 2828 aestimetur.
1117 2764 1218 2837 Quare
1243 2764 1360 2827 oculum
1383 2763 1509 2826 alterurn
1534 2782 1645 2844 seque-

287 2861 398 2929 strant,
423 2854 533 2917 imitati
557 2854 698 2930 artifices,
725 2855 774 2935 qui
797 2855 918 2935 regulae
943 2855 1153 2916 rectitudinem
1177 2853 1360 2934 exploraturi
1385 2871 1474 2914 unum
1501 2851 1645 2914 adhibent

288 2942 418 3004 oculum.
466 2944 594 3006 Faciunt
627 2943 705 3005 idem
739 2951 770 3005 et
803 2944 852 3024 qui
884 2942 1058 3022 scorpiones
1091 2944 1197 3024 quique
1231 2941 1411 3004 bombardae
1444 2941 1578 3020 dirigunt
1608 2943 1645 3002 ad

287 3037 408 3094 metam.
455 3033 535 3094 Nam
558 3033 604 3094 his
629 3033 765 3094 omnibus
789 3033 826 3094 ob
855 3032 992 3095 diversas
1016 3033 1134 3114 quidem
1166 3051 1275 3093 causas
1307 3029 1402 3092 officit
1424 3039 1548 3110 uterque
1572 3049 1646 3092 ocu-

288 3117 335 3179 lus
361 3119 527 3195 adbibitus;
562 3140 621 3201 qua
648 3121 684 3182 de
717 3141 750 3182 re
779 3121 900 3201 dignum
927 3121 1105 3203 philosopho
1130 3121 1246 3183 censuit
1268 3119 1452 3182 Aristoteles
1484 3117 1644 3198 inquirere,

286 3206 421 3268 sectione
445 3205 499 3271 31.
523 3209 710 3290 problemate
734 3205 754 3270 2
778 3217 810 3271 et
833 3208 886 3273 20.
932 3209 978 3272 At
1001 3229 1095 3290 neque
1120 3209 1223 3271 unicus
1248 3209 1350 3272 oculus
1374 3207 1526 3270 adhibitus
1555 3208 1645 3286 plane

286 3295 370 3356 nulla
399 3295 539 3358 cautione
571 3316 645 3376 opus
677 3296 790 3359 habet:
830 3299 898 3380 quin
929 3297 1046 3380 gemino
1076 3299 1163 3360 modo
1191 3297 1221 3359 in
1252 3317 1382 3360 errorem
1418 3317 1472 3358 nos
1504 3295 1645 3358 inducere

286 3384 395 3464 possit.
443 3383 564 3447 Etenim
588 3385 617 3447 in
641 3386 769 3466 pictura,
795 3406 854 3466 qua
877 3387 1023 3449 visionem
1046 3387 1109 3448 beri
1134 3387 1320 3461 dixeramus,
1354 3386 1430 3447 duae
1453 3383 1644 3465 potissimum

287 3471 365 3534 oculi
390 3473 528 3554 regiones
551 3474 792 3536 considerantur:
819 3483 953 3538 centrum
978 3475 1055 3538 oculi
1080 3483 1110 3538 et
1125 3475 1295 3556 superficies
1319 3481 1422 3537 centro
1442 3473 1643 3554 circumjecta,

285 3559 436 3642 picturam
474 3564 635 3643 excipiens.
692 3562 814 3626 Dictum
845 3574 893 3628 est
925 3565 1018 3636 enim,
1051 3565 1096 3626 ita
1132 3564 1301 3626 ordinatam
1338 3582 1405 3626 esse
1434 3563 1581 3645 picturam
1615 3562 1644 3622 in

333 3669 386 3736 rig.
407 3667 450 3718 85.
501 3651 646 3714 retilormi
672 3653 791 3722 tunica,
817 3661 849 3716 nt
873 3655 991 3735 ejectae
1014 3674 1051 3714 ex
1075 3653 1200 3732 siugulis
1224 3653 1289 3734 ejus
1312 3651 1432 3734 punctis
1460 3661 1562 3714 rectae
1591 3669 1645 3732 per

500 3741 579 3803 idern
613 3741 674 3803 iere
708 3741 795 3803 vitrei
829 3751 964 3805 centrum
997 3743 1026 3804 iu
1059 3751 1171 3822 puncta
1198 3741 1241 3804 rei
1273 3741 1401 3804 visibilis
1430 3742 1486 3804 sibi
1514 3760 1642 3823 respon-

501 3831 604 3892 dentia
627 3831 775 3892 incisurae
800 3832 870 3908 sint,
895 3833 921 3894 si
944 3832 1155 3912 producantur.

589 3917 665 3981 Cum
690 3919 791 4001 itaque
816 3921 972 3983 stellarum
998 3919 1162 3982 distantiae
1192 3917 1401 3982 instrumentis
1431 3919 1642 3982 astronomicis

499 4015 569 4069 sunt
593 4007 777 4088 capiendae,
810 4007 1016 4088 diligentiores
1040 4009 1217 4082 astronomi,
1252 4017 1284 4071 ut
1308 4008 1447 4083 dictum,
1465 4027 1523 4070 non
1548 4010 1644 4072 fidunt

498 4096 594 4158 oculo.
651 4095 759 4159 Sciunt
792 4098 887 4167 euim,
922 4098 979 4159 etsi
1010 4097 1113 4160 oculus
1146 4095 1243 4178 ipsum
1283 4096 1473 4160 instrumenti
1506 4107 1641 4161 centrum

497 4184 631 4264 attingat
652 4186 746 4266 (quod
766 4194 866 4248 tamen
891 4186 1051 4249 difficulter
1076 4186 1252 4260 obtinetur),
1276 4206 1334 4248 non
1355 4185 1505 4267 attingere
1529 4197 1640 4258 tamen,

496 4273 554 4335 nisi
579 4275 834 4352 superficietenus,
860 4274 889 4336 in
915 4296 974 4356 qua
998 4275 1116 4356 quidem
1141 4275 1238 4336 lineae
1263 4295 1300 4337 ex
1323 4286 1448 4356 utraque
1472 4277 1566 4339 stella
1590 4295 1642 4356 per·

496 4363 651 4441 superiora
673 4363 847 4441 pinnacidia
872 4363 980 4426 ductae
1003 4384 1062 4426 non
1086 4373 1276 4426 concurrant.
1316 4363 1385 4426 Sint
1404 4365 1437 4438 F,
1456 4361 1495 4434 G,
1520 4366 1639 4440 stellae,

495 4449 569 4512 Bac
594 4451 841 4527 instrumentum,
867 4462 968 4515 centro
993 4478 1027 4528 a,
1059 4453 1118 4515 DA
1143 4453 1314 4532 superficies
1339 4453 1432 4528 oculi,
1455 4451 1482 4514 Ε
1506 4466 1641 4517 centrum

494 4540 582 4601 oculi.
631 4538 706 4602 Cum
732 4541 823 4620 igitur
846 4561 904 4604 non
930 4562 967 4604 ex
990 4567 1024 4616 α,
1050 4543 1104 4604 sed
1128 4562 1166 4604 cx
1188 4540 1215 4603 Ε
1240 4551 1342 4605 centro
1375 4543 1453 4606 oculi
1481 4545 1639 4624 fingendae

494 4627 556 4689 sint
583 4629 685 4710 egredi
720 4638 822 4691 rectae
846 4631 875 4692 in
899 4632 934 4700 F,
961 4631 989 4692 G
1014 4630 1199 4693 incidentes:
1233 4633 1394 4713 applicatis
1428 4651 1499 4712 ergo
1527 4632 1637 4712 pinna-

492 4715 579 4780 cidiis
603 4719 638 4793 B,
666 4717 701 4794 C,
727 4726 761 4780 ut
783 4719 873 4794 EBF,
897 4717 984 4783 ECG
1008 4721 1069 4782 sint
1093 4722 1122 4783 in
1147 4727 1248 4782 recta:
1279 4721 1406 4802 angulus
1429 4719 1505 4783 Bao
1529 4721 1638 4784 vitiose

491 4807 633 4871 metietur
647 4806 836 4885 distantiam,
862 4809 976 4891 eritque
997 4810 1079 4891 justo
1098 4810 1203 4890 major,
1226 4811 1295 4894 quia
1308 4811 1433 4875 interior
1452 4829 1540 4890 quam
1556 4808 1637 4872 Bac
