3566 5536
739 307 908 374 drumm
1436 311 1502 381 675

146 489 226 570 quod
249 489 284 550 lit
306 485 482 550 continuata
504 482 562 549 OG
586 491 617 548 et
640 503 730 565 super
753 486 811 550 hac
834 487 915 550 linea
937 487 1104 550 constituto
1127 488 1314 552 semicirculo
1330 487 1425 564 bul),
1449 510 1504 571 per

144 577 234 657 signa
254 577 345 653 Ε,Β
374 576 529 648 traducto,
562 575 647 650 cuius
678 583 813 638 centrum
836 577 886 640 A:
917 576 1049 656 prodibit
1081 577 1168 640 nobis
1200 597 1254 659 pro
1286 577 1353 640 lixis
1385 597 1503 642 summa

143 665 434 730 semidiametromm
450 664 562 726 Terrae
576 659 807 746 3407706621„
833 685 910 745 quae
933 685 1051 728 summa
1073 666 1277 730 noudum·est
1298 685 1370 746 pers
1394 679 1503 748 quarta

144 757 182 819 de
203 756 260 818 illa
280 755 394 836 priore,
427 771 516 833 quam
539 753 578 814 ad
602 755 772 833 exemplum
794 754 1018 841 ³multiplicatae
1042 754 1072 816 in
1095 756 1192 818 veteri
1215 756 1368 818 sententia
1391 758 1501 820 celeri·

144 845 220 908 tatis
243 861 493 906 assumseramos.
620 845 623 858 ’

232 931 315 1004 Quid
337 932 429 1011 igitur
452 937 597 1010 satagunt
623 930 809 1010 philosophi,
843 931 973 993 eximere
997 950 1036 992 ex
1059 932 1145 994 oculo
1170 929 1329 1014 Ocpemici
1354 932 1502 998 festucam

143 1023 220 1086 hauc
244 1020 457 1084 immensitatis
486 1021 628 1093 fixamm,
660 1038 725 1082 cum
759 1018 878 1082 interim
911 1019 1102 1082 dissimulent
1125 1021 1154 1082 iu
1178 1041 1233 1084 suo
1262 1020 1348 1082 oculo
1382 1022 1499 1084 trabem

142 1112 305 1192 ingentem,
330 1108 457 1188 amplius
483 1126 570 1188 quam
595 1115 702 1188 quater
724 1109 878 1188 majorem,
902 1108 1028 1170 insanae
1052 1109 1220 1172 celeritatis
1243 1111 1388 1184 lixarum3
1413 1118 1501 1172 tauto

142 1199 333 1262 absurdioree
348 1217 438 1279 quam
453 1195 647 1276 Ooperuicue,
673 1207 784 1278 quanto
808 1197 958 1260 difficilius
974 1206 1031 1272 est,
1056 1197 1197 1260 accidens
1212 1209 1334 1279 praeter
1348 1197 1500 1261 modulum

140 1288 268 1370 subjecti
291 1287 455 1359 intendere,
482 1305 569 1365 quam
593 1285 762 1364 subjectum
790 1305 901 1367 augere
925 1287 989 1348 sine
1018 1287 1185 1350 accidente.
1235 1288 1337 1369 Tycho
1360 1287 1500 1349 Braheus

123 1377 254 1458 'aliquid
277 1377 326 1438 hic
350 1375 467 1455 adjuvit
490 1374 670 1436 senteutiam
694 1381 842 1447 veterum,
870 1383 992 1438 retenta
1016 1376 1052 1436 de
1076 1375 1200 1438 Saturni
1225 1375 1386 1438 altitudine
1411 1383 1498 1454 parta

142 1465 329 1528 solummodo
347 1463 439 1526 tertia
456 1464 546 1542 paulo
565 1462 632 1542 plus
642 1481 651 1535 ;
676 1464 746 1544 quis
759 1463 844 1544 ponit
857 1464 941 1526 illam
960 1463 1252 1527 semidiametrorum
1268 1465 1381 1527 Terrae
1396 1461 1498 1527 7000:

142 1555 209 1618 lixis
231 1573 303 1617 vero
328 1553 454 1632 largitur
477 1551 598 1631 duplum
621 1551 727 1630 hujus:
753 1552 826 1614 illud
845 1553 962 1633 quidem
986 1554 1160 1615 necessaria
1183 1553 1439 1616 demonstratione
1462 1570 1502 1614 ex

141 1644 300 1724 supposita
321 1641 444 1724 propria
466 1640 567 1702 mundi
591 1641 704 1704 lormar
728 1641 785 1702 boc
808 1661 879 1704 vero
903 1660 941 1703 ex
963 1642 1111 1722 probabili
1134 1643 1319 1721 conjecturo.
1366 1642 1412 1704 At
1435 1641 1499 1704 eive

141 1733 218 1795 duae
241 1731 351 1794 tertiae
384 1731 448 1792 sive
464 1749 548 1804 una,
582 1729 720 1810 utrinque
753 1730 850 1792 adhuc
881 1748 954 1809 pars
987 1738 1096 1810 quarta
1118 1731 1167 1793 vel
1196 1730 1302 1812 quinta
1334 1729 1497 1792 exceditur.

140 1823 183 1886 Et
198 1821 268 1902 quid
286 1821 376 1883 unica
389 1817 512 1882 Saturni
536 1819 628 1880 stella
647 1819 685 1881 ad
701 1819 861 1881 immanem
884 1819 1010 1882 fixarum
1033 1819 1279 1884 multitudinem?
1302 1838 1379 1901 quae
1396 1836 1499 1882 omues
1556 1873 1561 1886 .

144 1911 225 1989 apud
246 1918 385 1990 receptas
407 1909 591 1990 hypotheses
611 1906 663 1969 illo
686 1907 892 1987 pernicissimc
912 1917 994 1970 motu
1012 1917 1179 1985 moventur,
1205 1910 1284 1990 apud
1300 1907 1501 1988 Gopernicum

144 1999 314 2062 immobiles
337 1997 512 2080 quiescunt,
536 1997 611 2058 solis
635 1996 654 2060 7
677 1997 864 2076 corpusculis
888 1997 1036 2060 euntibus.

229 2085 292 2150 Sed
316 2089 446 2150 fortasse
470 2087 598 2149 mundus
629 2084 688 2147 hac
717 2104 737 2147 a
769 2105 815 2148 me
848 2093 1086 2150 commonstrata
1115 2085 1309 2166 proportione
1334 2088 1499 2146 crematus

139 2177 193 2239 liet
215 2183 361 2256 augustus
385 2184 417 2238 et
439 2181 502 2238 tam
524 2173 720 2255 propinquus,
753 2183 788 2237 ut
816 2174 985 2255 parallaxin
1010 2175 1142 2257 aliquam
1173 2175 1289 2237 faciant
1320 2173 1412 2248 lixae,
1443 2171 1500 2232 hcc

137 2273 188 2328 'est
209 2273 244 2328 ut
265 2265 363 2328 lineae
388 2265 444 2329 CK
467 2264 516 2326 vel
535 2261 601 2333 00,
626 2283 685 2344 qua
703 2262 758 2326 Sol
782 2273 815 2326 et
832 2265 926 2342 Terra
945 2265 1069 2336 distant,
1093 2265 1248 2345 proportio
1270 2263 1326 2325 list
1348 2259 1500 2322 sensibilis

138 2355 176 2416 ad
201 2352 256 2418 OD
280 2353 458 2418 distantiam
480 2352 562 2434 Solis
585 2360 617 2415 et
647 2353 791 2415 fixamm?
823 2353 955 2416 Minime.
1002 2353 1082 2416 Nam
1112 2353 1203 2433 paulo
1233 2370 1325 2432 supra
1353 2347 1501 2412 distantia

137 2442 229 2506 vicies
253 2444 346 2507 semel
370 2444 463 2522 (quae
487 2442 576 2521 paulo
599 2441 695 2503 minor
719 2449 767 2502 est
789 2442 940 2504 sedecimo
962 2442 1051 2522 hujus
1073 2450 1176 2524 parte,
1206 2459 1312 2521 nempe
1337 2436 1499 2501 trecenties
1577 2513 1580 2517 μ

137 2532 334 2613 quadragies)
357 2530 456 2612 potuit
479 2531 578 2592 iacere
602 2527 634 2590 2¹
666 2530 851 2608 parallaxiu3
879 2531 981 2609 itaque
1005 2531 1166 2602 tercenties
1190 2527 1380 2610 quadragies,
1406 2525 1498 2588 sede-

138 2621 245 2683 cimum
269 2620 355 2700 hujus
379 2619 468 2698 paulo
493 2619 599 2692 miuus,
623 2617 773 2696 parsllaxi
797 2617 971 2694 vindicabit,
997 2619 1114 2681 scilicet
1131 2617 1251 2680 circiter
1267 2626 1408 2678 octavam
1422 2631 1497 2694 par·

137 2715 199 2771 tem
221 2707 308 2771 unius
332 2706 448 2769 minuti.
496 2705 556 2767 Vel
580 2705 771 2768 artificiosius
794 2712 825 2766 ct
847 2704 967 2768 brevius
992 2707 1050 2769 sici
1076 2705 1157 2778 Quia
1170 2705 1224 2768 Sol
1246 2703 1339 2767 habet
1352 2701 1406 2766 30¹
1421 2721 1496 2764 con-

138 2805 262 2878 spectus
286 2815 324 2858 eu
347 2795 457 2869 Terra,
491 2795 547 2856 hoc
580 2800 628 2856 εει
659 2793 730 2874 quia
760 2793 890 2875 angulus
914 2793 987 2857 OKI
1019 2802 1067 2858 est
1093 2792 1160 2857 15‘:
1194 2803 1227 2856 et
1252 2811 1324 2856 vero
1347 2791 1497 2854 Saturnus

139 2885 265 2962 decuplo
289 2885 380 2947 altior
402 2890 459 2957 est,
484 2882 537 2946 Sol
561 2882 653 2964 igitur
675 2901 713 2944 ex
728 2881 860 2945 Saturno
874 2891 1055 2964 conspectus
1076 2883 1201 2946 habebit
1219 2883 1366 2945 decimam
1380 2888 1498 2962 partem

139 2974 177 3036 de
201 2969 265 3048 30¹,
298 2973 356 3036 hoc
380 2979 428 3034 est
451 2969 498 3042 3‘;
530 2991 637 3050 nempe
666 2970 741 3033 haec
772 2972 927 3052 quantitas
958 2981 1006 3034 est
1036 2973 1157 3054 duplum
1181 2971 1282 3053 auguli
1307 2969 1390 3032 CGI.
1437 2966 1500 3030 Sed

139 3062 271 3144 ponitur,
293 3070 329 3124 ut
349 3061 394 3126 10
418 3058 472 3122 Sol
495 3061 542 3122 ad'
558 3059 616 3125 00
639 3059 895 3124 semidiametrum
919 3061 1049 3125 ambitus
1073 3061 1208 3138 Saturni,
1231 3061 1276 3123 sic
1295 3057 1355 3123 OG
1377 3057 1427 3120 vel
1446 3055 1499 3119 οΒ

139 3151 178 3214 ad
193 3149 249 3214 OD
264 3150 520 3230 semidiametmm
542 3150 684 3212 fixamm:
709 3150 852 3212 connexis
874 3151 976 3231 itaque
990 3150 1066 3224 B,D
1083 3151 1213 3232 punctis,
1237 3148 1389 3229 triangula
1412 3143 1497 3208 BGD

139 3248 171 3304 et
194 3237 268 3303 ICG
297 3246 386 3303 erunt
416 3239 542 3314 similium
576 3257 667 3320 quare
700 3240 803 3318 anguli
825 3239 909 3304 BDO
934 3247 966 3302 et
988 3237 1063 3303 IGO
1092 3239 1244 3321 aequales.
1290 3239 1372 3317 Ergo
1404 3235 1497 3296 etiam

137 3329 187 3392 hic
211 3327 335 3392 Saturni
359 3328 490 3392 ambitus
514 3327 567 3392 OB
592 3346 630 3390 ex
653 3327 783 3409 sphaera
806 3329 931 3390 lixamm
954 3348 1008 3390 eeu
1030 3337 1141 3410 puncto
1164 3328 1195 3389 D
1218 3333 1399 3407 conspectus
1423 3341 1497 3403 spe-

138 3419 215 3480 ciem
239 3417 396 3480 exhiberet
421 3410 479 3500 1¹1,
486 3417 505 3480 ⁴.
542 3417 589 3480 At
612 3435 677 3478 cum
695 3414 750 3480 00
765 3417 894 3479 Telluris
918 3417 1033 3480 coelum
1057 3417 1100 3478 sit
1122 3415 1239 3478 decima
1262 3433 1333 3496 pers
1357 3411 1497 3475 diametri

139 3505 272 3569 Saturnii
297 3504 365 3582 CB,
389 3523 461 3584 ergo
485 3506 611 3586 angulus
636 3502 722 3568 ODO
746 3506 805 3570 erit
826 3524 896 3586 pars
920 3505 1036 3568 decima
1060 3506 1096 3567 de
1121 3505 1230 3586 angulo
1252 3501 1336 3568 BDO
1360 3503 1440 3576 lere,
1464 3508 1499 3562 ut

138 3595 183 3657 ita
207 3594 531 3658 semidiamererorbis
555 3595 645 3659 annui
670 3595 800 3659 Telluris
823 3593 878 3658 00
903 3613 960 3657 oon
983 3595 1051 3676 plus
1075 3614 1164 3676 quam
1187 3591 1240 3670 9“,
1268 3594 1326 3655 hoc
1354 3597 1403 3652 est
1426 3607 1499 3668 sep-

140 3685 233 3746 timae
255 3683 352 3764 partis
377 3683 481 3746 minuti
504 3684 590 3747 unius
614 3684 782 3764 parallaxin
806 3693 974 3747 causetur..
1004 3684 1050 3746 At
1073 3703 1160 3746 neruo
1188 3690 1237 3746 ost
1260 3689 1499 3744 astronomorum

138 3773 254 3852 peritus
279 3771 476 3846 observandi,
509 3773 558 3853 qui
591 3773 749 3852 septimam
780 3775 828 3836 vel
861 3781 1001 3836 octavam
1033 3772 1139 3834 minuti
1168 3779 1286 3851 partem
1310 3764 1498 3830 observando
1586 3831 1587 3835 ,

139 3861 260 3942 assequi
284 3860 438 3941 glorietur.
483 3861 579 3923 Verbi
603 3862 717 3942 gratia,
750 3862 809 3924 etsi
842 3862 989 3924 distantia
1020 3861 1158 3924 binarum
1186 3860 1342 3944 stellarum
1367 3854 1447 3934 apud
1473 3852 1499 3918 D

140 3949 273 4031 siguum.
298 3950 409 4011 Terrae
438 3949 574 4012 versanti
602 3951 631 4012 iu
655 3949 683 4012 Ο
707 3951 841 4030 (quando
863 3951 893 4013 D
916 3957 1075 4030 reputatur
1106 3950 1135 4011 in
1160 3948 1307 4029 quadrato
1331 3943 1413 4007 Solis
1445 3959 1499 4002 seu

142 4039 224 4102 linea
247 4035 319 4113 00)
343 4039 473 4120 septima
504 4037 609 4101 minuti
640 4047 729 4118 parte
756 4037 853 4102 minor
880 4039 934 4114 sit,
967 4057 1055 4120 quam
1087 4055 1154 4100 cum
1176 4037 1204 4098 D
1228 4044 1278 4098 est
1306 4035 1336 4096 in
1360 4029 1499 4112 opposito

141 4127 235 4204 Solis,
261 4127 356 4190 Terra
377 4128 409 4189 in
427 4127 457 4189 K
471 4134 627 4189 versante:
652 4135 841 4188 astronomus
865 4134 966 4188 tamen
990 4144 1049 4188 non
1073 4126 1223 4188 discernet
1245 4125 1301 4186 bas
1325 4119 1497 4192 distantias,

138 4217 305 4280 observans
328 4235 382 4278 eae
404 4223 437 4278 et
459 4216 488 4278 iu
513 4215 541 4278 Ο
566 4215 713 4295 quadrato
737 4222 769 4277 et
790 4213 820 4276 iu
843 4215 873 4277 K
892 4215 1032 4296 opposito
1056 4212 1152 4289 Solis;
1185 4233 1251 4276 cum
1283 4211 1351 4293 ipsa
1372 4210 1499 4272 fixarum
1615 4213 1627 4306 Ἰ

138 4323 265 4389 corpora
287 4304 451 4387 plemnque
478 4303 506 4378 l,
530 4302 561 4380 2,
586 4301 606 4367 3
628 4304 679 4366 uel
701 4300 735 4367 l‘
758 4304 932 4384 corporibus
955 4310 1103 4384 occupent
1124 4313 1157 4365 et
1179 4303 1373 4366 subtendent.
1455 4307 1459 4315 ’

229 4393 282 4458 Sic
302 4393 394 4473 igitur
417 4401 572 4456 ostensum
596 4401 654 4463 eet,
677 4393 788 4455 nemini
811 4394 979 4457 consultum
998 4412 1075 4468 esse,
1101 4400 1136 4455 ut
1150 4391 1383 4456 immensitatem
1397 4385 1498 4448 muudi

139 4482 266 4563 objiciat
289 4481 470 4564 Oopemico,
504 4483 553 4563 qui
586 4499 789 4563 quamcunque
818 4501 857 4544 ex
882 4482 1100 4566 hypothesibus
1129 4501 1184 4563 pro
1214 4500 1286 4544 vera
1307 4475 1500 4563 amplectitur

138 4589 233 4654 neque
257 4572 426 4636 universam
451 4572 665 4634 astronomiam
689 4571 823 4634 funditus
847 4591 984 4635 eversam
1007 4571 1100 4652 cupit.

227 4661 297 4724 lam
320 4661 413 4724 etiam
437 4661 606 4733 videndum,
631 4661 808 4743 quibusnam
831 4661 975 4743 exemplis
998 4660 1137 4724 immanis
1159 4658 1222 4721 ista
1239 4653 1392 4738 proportio
1411 4653 1499 4718 nobis

139 4748 290 4814 mitescat.
335 4751 394 4814 Hic
417 4750 525 4813 solitus
548 4769 615 4813 sum
644 4750 774 4832 objicere
798 4749 916 4813 Braheo
944 4751 1169 4831 proportionem
1202 4745 1387 4815 animalculi,
1420 4743 1499 4826 quod

133 4839 292 4923 cuniculos
311 4840 415 4904 subter
427 4847 527 4904 cutem
546 4859 652 4904 manos
671 4839 748 4923 agit,
770 4841 810 4902 ad
828 4849 998 4922 serpentem
1016 4841 1100 4904 illum
1114 4837 1285 4903 Pliniaoum
1301 4833 1364 4900 120
1379 4833 1499 4918 pedum,

1225 4939 1286 4992 43ι
