3718 5528
818 221 900 288 capae
917 222 963 274 VI.
983 220 1008 272 d.
1526 221 1591 290 279
1752 295 1754 304 J

235 398 376 479 Apparet
398 399 465 461 binc
489 399 595 472 etiam,
622 405 736 478 quanta
758 397 801 460 sit
829 397 977 462 certitudo
1006 398 1217 463 delineatiouis
1239 399 1345 462 Lunae
1368 399 1536 464 crescentis
1559 409 1591 464 st

237 488 432 561 senescentis,
457 506 546 568 quam
570 489 659 550 docet
680 486 884 566 Albategnius
908 507 974 568 cap.
991 483 1034 550 30
1058 495 1089 549 et
1107 482 1160 564 40,
1186 497 1217 566 et
1241 507 1332 568 quare
1351 489 1404 551 illa
1428 489 1590 569 digitorum

238 577 427 743 peusuppppiepp
455 577 553 639 visum
586 577 680 657 (quod
709 573 798 638 nimis
832 575 919 638 facile
952 577 1114 639 concedere
1145 575 1264 640 videtur
1295 577 1498 652 Reinholdus)
1531 596 1590 639 nou

313 800 345 867 6.
392 803 537 868 Nullum
561 823 713 884 unquam
737 803 852 866 luisse
880 822 1013 866 merum
1043 804 1270 868 novilunium
1294 805 1515 886 παραδοξον.

323 926 412 1000 Quod
431 928 496 1006 jam
517 928 547 988 iu
564 929 663 1007 specie
688 929 785 1008 ipsam
808 928 964 1008 plenilunii
985 928 1092 1008 phasin
1117 929 1238 1005 attinet,
1262 937 1366 990 monet
1382 930 1447 1010 ipse
1462 931 1590 994 Vitellio

115 1073 117 1076 ,
233 1035 318 1098 prop.
343 1013 395 1080 rr.
420 1017 451 1078 in
481 1016 682 1096 explicatione
707 1026 738 1078 et
762 1037 801 1078 ex
824 1036 861 1079 ea
883 1015 1086 1092 Reinholdus,
1120 1018 1231 1081 habere
1260 1019 1335 1080 banc
1367 1019 1475 1098 phasin
1505 1041 1589 1083 suam

233 1106 377 1185 temporis
400 1105 599 1168 latitudinem.
645 1106 767 1168 Etenim
795 1107 865 1187 quia
889 1104 943 1167 Sol
968 1105 997 1166 in
1027 1105 1190 1185 plenilunio
1218 1106 1353 1169 illustrat
1380 1116 1483 1188 partes
1512 1107 1591 1172 180⁰

234 1191 288 1257 28¹
314 1192 395 1257 12¹¹:
420 1213 475 1256 nos
504 1213 574 1256 vero
601 1195 736 1258 videmus
760 1195 878 1258 Lunam
911 1212 1079 1274 apogaeum
1102 1195 1158 1256 snb
1190 1195 1300 1275 angulo
1324 1192 1387 1272 302
1417 1197 1589 1276 perigenem

233 1283 349 1364 aliquot
372 1282 519 1362 scrupulis
542 1283 695 1362 majorem,
722 1290 754 1346 et
777 1302 865 1346 arcus
889 1281 992 1344 circuli
1014 1282 1137 1346 maximi
1154 1303 1208 1363 per
1230 1285 1332 1364 polum
1355 1285 1479 1348 visionis
1503 1294 1588 1348 tanto

234 1371 330 1434 minor
353 1378 402 1433 est
424 1370 634 1434 semicirculo!
658 1373 765 1452 Junctc
788 1371 840 1434 illo
864 1391 991 1434 excessu
1014 1379 1047 1433 et
1069 1373 1125 1434 hoc
1155 1373 1275 1436 defectu
1302 1374 1454 1453 colligitur
1476 1377 1589 1454 gradus

233 1460 351 1522 circiter
374 1479 459 1523 uuus.
505 1462 613 1540 Itaque
638 1462 692 1524 sub
717 1462 814 1541 ipsum
835 1460 1012 1524 verissimae
1041 1461 1239 1541 oppositionis
1270 1471 1450 1524 momentum
1475 1463 1591 1528 distant

232 1556 355 1628 uterque
379 1548 507 1612 circulus
531 1549 656 1612 visionis
676 1559 707 1610 et
725 1550 950 1613 illuminationis
975 1548 1103 1630 undique
1127 1549 1247 1612 circiter
1267 1547 1331 1614 30¹.
1371 1549 1479 1622 Quoad
1498 1553 1590 1633 igitur

232 1637 319 1699 Luna
341 1638 461 1700 coniicit
475 1657 563 1699 unum
586 1639 722 1717 gradum,
746 1658 800 1719 per
818 1639 908 1702 horas
932 1638 1052 1700 scilicet
1075 1637 1160 1714 duas,
1185 1640 1273 1701 durat
1286 1639 1391 1718 phasis
1413 1641 1570 1720 plenilunii
1578 1661 1588 1716 ;

232 1726 271 1787 ab
295 1743 331 1788 eo
355 1725 473 1788 scilicet
496 1735 640 1806 tempore,
666 1746 723 1807 quo
747 1727 875 1792 circulus
906 1726 1032 1790 visionis
1056 1728 1156 1808 tangit
1187 1728 1329 1791 circulum
1361 1729 1587 1793 illuminationis

232 1814 262 1876 in
285 1822 371 1894 parts
395 1815 500 1878 Lunae
523 1816 671 1890 orientali,
698 1817 736 1878 ad
760 1817 833 1879 illud
856 1827 1008 1896 puuctum,
1033 1815 1083 1878 ubi
1107 1824 1264 1878 contactus
1284 1817 1318 1880 fit
1336 1817 1365 1879 iu
1393 1826 1481 1897 parte
1505 1819 1585 1881 occi-

232 1903 356 1966 dentali.
403 1904 489 1966 Haec
513 1912 561 1966 est
583 1905 775 1968 ratiocinatio
800 1914 955 1968 auctorum
973 1905 1039 1986 jam
1063 1905 1273 1984 allegatorum.

319 1993 435 2054 Varum
459 1993 529 2073 qnia
550 1992 600 2055 hic
622 1991 838 2074 ἀκριβολογεσι,
862 1995 954 2057 liceat
972 2001 1004 2056 et
1026 1995 1097 2057 mihi
1121 1995 1353 2057 contradicendo
1376 1993 1583 2076 ἀκριβολογοιν.

230 2079 368 2144 Audiant
389 2082 468 2143 banc
491 2101 599 2144 novam
623 2090 655 2144 et
677 2083 886 2146 admirabilem
911 2103 1031 2159 vocem,
1062 2101 1153 2163 quam
1176 2103 1214 2146 ex
1237 2083 1283 2145 his
1312 2083 1444 2165 ipsorum
1475 2084 1586 2146 lunda-

230 2169 339 2234 mentis
363 2176 489 2233 extruo:
518 2189 668 2252 nunquam
692 2191 746 2232 nec
769 2172 866 2234 visum
894 2192 962 2234 esse
985 2191 1040 2234 nec
1067 2171 1162 2235 videri
1189 2191 1281 2252 posse
1304 2175 1396 2234 ullum
1420 2173 1587 2251 perlectum

230 2258 440 2338 plenilunium3
464 2265 582 2322 tantum
606 2261 694 2322 abest
718 2269 752 2322 ut
773 2280 864 2324 unum
885 2261 1080 2340 plenilunium
1105 2261 1180 2322 duas
1204 2261 1294 2323 horas
1318 2262 1415 2322 duret.
1462 2261 1586 2324 Etenim

231 2346 300 2428 quia
330 2347 553 2410 semidiameter
584 2350 706 2410 umbrae
739 2357 851 2430 aequat
882 2343 943 2432 2¹l2
970 2351 1076 2412 Lunae
1109 2348 1363 2424 semidiametros,
1399 2349 1504 2411 addita
1526 2369 1586 2412 nna

229 2437 333 2498 Lunae
361 2436 604 2512 semidiametro,
637 2447 670 2500 nt
698 2446 802 2500 centra
824 2439 928 2501 Lunae
960 2447 992 2500 et
1021 2439 1143 2500 umbrae
1174 2439 1306 2518 spatium
1331 2439 1446 2518 justum
1478 2456 1586 2518 expers

230 2526 350 2589 umbrae
374 2525 548 2602 admittant,
573 2525 765 2589 conficientur
789 2525 908 2588 circiter
928 2522 970 2591 04
990 2533 1043 2588 aut
1063 2522 1105 2590 66
1129 2528 1286 2606 scrupula:
1311 2527 1438 2589 totidem
1461 2545 1586 2589 neeesse

231 2622 278 2676 est
310 2613 426 2676 Lunam
458 2613 566 2677 abesse
596 2635 615 2674 a
645 2614 727 2678 Solis
760 2617 898 2698 opposito
931 2636 985 2678 seu
1017 2615 1047 2676 in
1081 2615 1201 2695 longum
1233 2634 1288 2678 seu
1319 2615 1349 2676 in
1384 2614 1495 2689 latum;
1528 2615 1586 2678 nisi

229 2703 363 2764 umbram
396 2702 529 2766 delibare
562 2702 646 2766 velit.
697 2705 742 2766 At
775 2712 861 2766 tanto
894 2702 994 2783 spatio
1027 2703 1144 2766 distans
1172 2704 1211 2766 ab
1244 2703 1431 2784 oppositione
1460 2703 1526 2783 jam
1552 2705 1588 2765 lit

228 2791 402 2854 intersectio
425 2791 602 2854 circulorum
624 2793 850 2856 illuminationis
874 2801 906 2854 et
927 2791 1071 2854 visionis:
1101 2792 1170 2872 quia
1193 2792 1225 2854 hi
1247 2792 1279 2854 in
1306 2792 1453 2854 distantia
1476 2792 1580 2853 Lunae

228 2889 260 2942 et
287 2879 418 2960 oppositi
448 2881 505 2943 loci
528 2880 610 2944 Solis
641 2878 693 2945 30¹
727 2901 761 2943 se
791 2890 894 2944 mutuo
926 2889 1066 2961 tangunt.
1113 2881 1178 2944 Ant
1208 2881 1300 2960 igitur
1331 2880 1435 2960 nequit
1465 2879 1584 2960 impleri

232 2971 315 3032 Luna
338 2969 376 3032 ob
399 2969 591 3032 latitudinem
614 2971 737 3034 boream
758 2971 808 3034 vel
831 2970 1013 3044 austrinam,
1038 2977 1092 3032 aut
1114 2970 1140 3032 si
1163 2977 1267 3050 potest
1289 2969 1415 3048 impleri,
1441 2969 1585 3030 articulos

227 3076 395 3138 peragrans
418 3059 626 3140 oppositionis,
650 3061 824 3140 priusquam
847 3061 1016 3139 impleatur,
1041 3059 1167 3122 deficere
1191 3058 1297 3139 incipit
1320 3057 1454 3119 umbram
1474 3057 1585 3119 Terrae

228 3147 367 3222 subiens3
391 3147 450 3210 nisi
469 3149 547 3211 forte
572 3148 699 3211 distanti
712 3149 743 3211 io
759 3149 883 3212 boream
896 3147 1061 3228 parallaxis
1077 3147 1214 3210 austrina
1226 3148 1276 3209 vel
1290 3153 1396 3209 contra
1410 3146 1584 3209 subveniat.

315 3237 418 3316 Atque
441 3238 516 3300 haec
540 3237 576 3298 de
599 3237 772 3317 plenilunio.
820 3237 999 3301 Consimilia
1028 3239 1088 3301 fere
1113 3237 1149 3298 de
1178 3235 1335 3298 noviluniis
1360 3234 1419 3296 dici
1448 3243 1583 3316 possent

227 3326 306 3388 Nam
331 3344 503 3406 quocunque
527 3327 593 3388 loco
608 3326 696 3388 Luna
706 3327 743 3388 in
767 3327 926 3390 noviluniis
941 3325 1043 3389 Solem
1066 3325 1214 3388 intactum
1235 3324 1391 3404 praeterit,
1415 3322 1453 3385 ob
1472 3342 1582 3388 causas

224 3415 409 3494 jamdictas
434 3433 522 3477 cornu
555 3415 650 3477 babet
681 3417 842 3479 residuum.
891 3413 970 3486 Quin
1000 3414 1091 3477 etiam
1114 3415 1144 3477 in
1172 3412 1325 3493 ipsissima
1359 3412 1486 3475 centrali
1510 3431 1584 3476 con-

224 3503 390 3583 junctione,
414 3503 440 3564 si
463 3505 595 3566 sortasse
620 3504 716 3566 minor
739 3514 887 3585 appareat
906 3503 978 3566 Sole
1003 3505 1055 3579 (de
1076 3523 1132 3585 quo
1151 3503 1257 3579 infra),
1282 3501 1409 3564 circulus
1432 3500 1585 3563 illumina-

228 3593 318 3655 tionis
353 3592 518 3654 descendet
553 3593 635 3655 intra
669 3594 809 3656 circulum
847 3593 970 3656 visionis
1004 3599 1035 3654 et
1071 3591 1221 3655 videbitur
1253 3591 1295 3664 (si
1326 3589 1428 3653 Solem
1465 3589 1585 3652 interim

228 3681 371 3744 abscondi
404 3682 592 3760 confingeret
623 3693 767 3744 anostro
800 3685 880 3757 visu)
914 3683 1023 3747 limbus
1055 3680 1242 3744 circulariter
1273 3678 1467 3741 illuminatus.
1513 3677 1585 3740 Jarn

228 3777 326 3832 autem
350 3771 507 3848 praelatus
526 3789 602 3844 sum,
626 3789 673 3832 me
694 3791 758 3834 cum
782 3771 956 3834 auctoribus
970 3769 1176 3850 ἀκριβολογειν.
1213 3767 1293 3830 Nam
1313 3767 1392 3847 qnod
1408 3784 1471 3828 rem
1487 3764 1584 3845 ipsam

228 3859 347 3934 attinet,
373 3859 510 3922 defectus
534 3860 593 3922 iste
617 3859 647 3921 in
670 3860 833 3940 plenilunio
857 3859 1035 3939 perexiguus
1060 3868 1116 3932 est,
1142 3856 1221 3937 quod
1243 3855 1312 3918 hinc
1336 3855 1425 3917 facile
1450 3853 1584 3932 colliges,

229 3949 306 4029 quod
325 3948 391 4027 jam
414 3949 503 4010 modo
527 3949 605 4022 dixi,
631 3949 822 4010 insensibiles
847 3968 914 4010 esse
938 3955 1041 4028 partes
1065 3948 1134 4009 illas
1162 3964 1267 4007 versus
1291 3943 1433 4006 circulum
1459 3943 1584 4005 visionis

228 4038 581 4117 decliveanuantnmvis
609 4038 686 4099 satis
715 4056 853 4117 magnas.
899 4037 975 4099 Esto
1005 4055 1132 4116 namque
1162 4032 1309 4096 distantia
1335 4032 1480 4094 luminum
1505 4027 1586 4096 179ὓ

229 4135 260 4188 et
281 4126 465 4212 respondeat
483 4127 548 4205 jam
570 4125 689 4206 integer
712 4127 823 4206 gradus
839 4127 868 4188 in
889 4126 1000 4189 circulo
1019 4124 1101 4206 globi
1115 4124 1219 4187 Lunae
1242 4121 1373 4184 marimo
1394 4138 1448 4201 per
1471 4121 1585 4184 utrius·

229 4234 283 4295 qne
307 4215 409 4277 circuli
432 4214 662 4277 illuminationis
686 4222 718 4277 et
739 4214 864 4277 visionis
893 4215 979 4295 polos
1003 4215 1107 4288 ducto,
1140 4230 1196 4293 quo
1220 4211 1316 4289 gradu
1344 4207 1586 4273 transcenderint

230 4321 260 4366 se
283 4311 386 4366 mutuo
409 4301 440 4364 hi
464 4304 576 4367 circuli.
624 4303 701 4366 Cum
726 4323 797 4384 ergo
821 4298 882 4368 90⁰
910 4303 1129 4366 subtenduntur
1159 4297 1289 4364 100000
1320 4298 1494 4379 particulis,
1524 4292 1585 4364 89θ

229 4393 385 4473 particulis
410 4389 534 4470 99985,
558 4391 695 4456 residuus
719 4393 809 4473 igitur
833 4392 945 4472 gradum
975 4391 1102 4454 residuis
1129 4386 1168 4453 15
1192 4387 1350 4470 particulis
1375 4387 1582 4460 subtendetur,

231 4499 303 4560 quae
327 4481 378 4544 vix
409 4489 459 4544 est
488 4481 601 4561 septies
629 4482 791 4544 millesima
818 4482 968 4562 particula
991 4481 1028 4542 de
1052 4481 1156 4542 Lunae
1186 4477 1419 4540 semidiametro.
1465 4475 1514 4538 Ex
1535 4475 1584 4538 his

231 4577 366 4650 apparet,
390 4570 504 4632 nullum
527 4569 651 4634 subesse
680 4571 845 4650 periculum
872 4568 1149 4643 observationibus,
1179 4567 1296 4648 quando
1327 4565 1456 4629 altitudo
1478 4567 1584 4628 Lunae

231 4658 362 4720 instante
386 4659 573 4739 oppositione
598 4679 652 4739 per
675 4679 821 4725 summum
845 4667 876 4722 et
898 4659 988 4721 imum
1012 4659 1115 4720 Lunae
1139 4655 1305 4736 marginem
1328 4655 1386 4719 fuit
1407 4653 1581 4742 euplorata:

233 4745 290 4808 etsi
302 4747 398 4821 Luna,
422 4756 548 4828 propter
565 4749 688 4812 boream
710 4748 902 4812 latitudinem
921 4748 958 4812 ab
976 4753 1079 4810 austro
1100 4746 1149 4810 vel
1171 4753 1286 4825 contra,
1310 4744 1441 4810 nondum
1462 4742 1584 4829 penitus
