3674 5538
637 1158 684 1223 IN
706 1157 862 1222 LIBROS
890 1157 1070 1224 OPTlOOS

432 1299 593 1375 scannia
619 1300 781 1396 Meplerl
808 1301 843 1376 Β.
872 1300 908 1374 O.
934 1301 985 1376 M.
1011 1303 1280 1380 Mathematici

750 1457 955 1511 EPIGRAMMA

345 1581 456 1634 Joauuir
476 1581 568 1635 Somsii
587 1581 627 1636 ὃν.
646 1583 680 1635 D.
700 1583 833 1635 Obrlrtlaui
850 1581 884 1634 lL
919 1583 1040 1636 Electcrla
1059 1583 1185 1636 Suculae
1209 1583 1351 1640 Occrotcrll.

386 1725 447 1798 Qui
470 1725 570 1788 muudi
594 1725 776 1806 ignivomum
799 1727 893 1808 gestit
916 1724 1100 1809 specularier
1123 1726 1221 1790 oclum

441 1812 539 1887 Quive
563 1815 638 1895 ipsis
661 1816 757 1880 oculis
781 1835 905 1880 cernere
928 1817 995 1880 vult
1017 1816 1140 1879 oculos:

388 1906 444 1970 lllc
468 1905 528 1966 tuis
552 1903 646 1966 oculis
671 1905 771 1980 animi,
796 1904 978 1986 KepIerc,
1002 1923 1165 1968 coruscans

440 1992 475 2055 lu
497 1993 654 2074 psuctralo
677 1993 746 2057 libri
770 2013 803 2056 se
827 1994 929 2075 clepat
949 2013 1045 2074 usque
1068 1993 1132 2057 tui:

385 2084 451 2146 Nec
474 2090 591 2145 metuat
609 2082 728 2163 jubaris
751 2083 853 2146 radios
876 2091 1053 2165 atomosqus
1077 2082 1227 2159 volantes,

439 2171 482 2234 Et
504 2189 580 2251 quae
604 2171 664 2233 fert
686 2172 789 2235 varius
811 2170 1072 2252 phasmata'mira
1095 2171 1195 2234 color:

385 2258 482 2323 Linea
505 2279 557 2322 seu
581 2259 709 2341 simplex
731 2279 786 2324 sau
808 2260 852 2322 sit
873 2267 1030 2340 composta
1052 2259 1230 2341 specillum:

438 2349 576 2432 Namque
599 2349 695 2412 oculis
717 2368 867 2432 uunquam
889 2350 957 2414 visa
979 2349 1111 2412 vidauda
1133 2348 1231 2413 dabis.

597 2523 857 2590 EPIGRAMMA
885 2523 1102 2591 AUOTORIS

485 2649 533 2712 De
556 2649 619 2712 suis
643 2650 737 2712 oculis
762 2669 874 2733 suoque
898 2649 935 2713 ds
959 2650 1053 2714 oculis
1076 2656 1223 2713 tractatu.

327 2789 451 2856 Oculi.
487 2791 687 2867 Perdidimus,
711 2809 795 2854 mous
819 2791 921 2868 cbara,
947 2790 1060 2866 aciom;
1084 2790 1154 2854 dum
1177 2789 1291 2863 lumina
1313 2793 1377 2856 veri

542 2879 694 2943 Mittimus
717 2879 757 2942 ad
781 2881 869 2944 limen
892 2901 948 2962 per
970 2879 1051 2942 vitra
1074 2886 1297 2942 nostratuum.

492 2969 559 3032 Hoc
582 2969 646 3032 siue
671 2969 817 3032 connubio
839 2971 1005 3033 mansisses
1029 2988 1143 3032 caeca:
1167 2969 1305 3032 laborum

542 3058 592 3120 Da
614 3057 705 3121 sociis
729 3059 856 3141 aliquas,
881 3059 921 3122 da
944 3053 1034 3122 soror'
1052 3059 1142 3133 alma,
1166 3057 1260 3121 vices.

325 3147 445 3209 Mons.
491 3143 572 3218 Quid
596 3147 705 3210 faciam
728 3148 863 3212 miseris:
888 3149 1007 3230 quando
1030 3146 1229 3227 implacabilis
1253 3147 1328 3211 bora

543 3235 594 3298 Mc
617 3237 722 3317 procul
745 3257 764 3300 a
786 3245 889 3300 uestro
913 3235 1021 3301 dividit
1042 3236 1198 3317 bospitio?

326 3322 446 3387 Oculi.
490 3323 583 3405 Eripe
606 3343 662 3386 nos
686 3326 819 3389 tenebris
844 3345 991 3409 quamque
1013 3325 1073 3388 ibis
1096 3325 1198 3390 ducito
1221 3323 1339 3388 lucem:

543 3412 670 3495 Quoque
694 3433 789 3485 cares,
813 3415 888 3478 lethi
910 3435 966 3478 uos
989 3433 1105 3496 quoquc
1129 3415 1213 3477 solve
1237 3422 1330 3478 metu.

324 3500 446 3564 Meus.
492 3498 561 3573 Qua
584 3502 656 3566 licet
679 3503 855 3584 expediam3
880 3504 985 3566 faveat
1007 3502 1095 3566 modo
1119 3503 1202 3567 lama
1223 3504 1358 3587 loquenti
1365 3521 1377 3580 ;

542 3591 690 3655 Mortales
714 3592 829 3656 chartis
852 3592 1038 3674 perpetuabo
1062 3591 1147 3656 meis.

489 3678 546 3742 Hic
570 3681 662 3744 etiam
685 3681 823 3758 referam,
848 3700 925 3763 quae
949 3701 1003 3762 pro
1026 3699 1073 3744 me
1097 3681 1208 3744 damna
1230 3679 1365 3744 tulistis:

541 3769 656 3851 Hicqus
679 3789 765 3834 suum
789 3778 821 3834 ot
843 3771 947 3834 naevis
970 3769 1121 3834 irradiabo
1140 3770 1241 3851 jubar.

607 3947 741 4012 ALIUD
762 3945 914 4011 EODEM
937 3943 1084 4012 SENSU.
1166 3935 1169 3945 ’

696 4071 842 4153 Loquitur
870 4071 995 4136 Oculus.

437 4209 540 4276 Vitam
562 4231 617 4294 pro
641 4212 723 4276 fama
744 4213 855 4291 minuo,
878 4232 933 4295 pro
957 4210 1074 4276 nomine
1098 4228 1237 4274 sonsum:

488 4301 579 4366 Disce
600 4303 703 4366 anima
725 4303 839 4379 utilius,
862 4321 900 4366 nc
924 4301 1063 4379 moriare,
1087 4301 1172 4364 mori.
1307 4369 1310 4378 ,

750 4593 927 4609 ffl—
