3730 5528
190 447 484 514 mmmmm

190 549 226 562 -
261 521 319 574 000.
388 519 430 572 su.
451 521 493 570 or.

190 595 221 646 0
245 594 302 646 060.
324 594 454 658 horoscopi
481 591 539 642 060.
561 590 603 640 ss.
625 593 709 644 osus
728 591 769 642 1o.
808 589 870 659 00.
892 595 956 660 sog.
968 593 1010 644 c1.
1032 593 1065 642 06
1079 593 1163 644 -ce,
1185 593 1227 646 ee.

675 659 863 728 060060
964 663 1051 715 66006
1123 664 1211 715 sacro

556 735 840 818 000,οΠ
948 734 1051 787 suesce
1106 733 1212 787 000660
1322 736 1418 788 so.1s

945 804 1053 857 soluto
1092 808 1211 876 ”effla-0
1263 853 1292 864 -
1326 826 1367 876 28.
1388 825 1422 876 lt
1434 843 1487 892 000.
1501 829 1545 878 100

944 893 1503 1017 ωᾞῧᾚμωῶᾟψ·

800 1049 927 1119 Locus)
954 1053 1145 1106 0100602040.
1166 1054 1247 1122 450

987 1123 1018 1187 Θ
1039 1125 1080 1174 28.
1102 1124 1142 1177 30.
1164 1126 1206 1177 20.

586 1197 651 1244 Ante
671 1193 704 1250 3¹,
725 1211 759 1244 sc.
780 1195 805 1246 h.
826 1193 868 1246 2³.
889 1193 941 1255 54‘,
962 1197 1008 1247 iuis
1026 1213 1085 1248 vera
1105 1191 1143 1266 ἅ.

278 1263 326 1327 81)
344 1282 369 1330 0.
390 1263 450 1314 321.
488 1266 572 1328 Tycho
590 1266 607 1316 l.
628 1282 650 1316 0.
671 1267 769 1318 exbibet
794 1270 979 1334 ,quaestionem
1007 1271 1157 1334 propositam
1180 1285 1196 1320 a
1221 1267 1257 1320 M.
1279 1267 1387 1333 casparo
1407 1267 1547 1320 Peucero

191 1337 264 1399 (filio)
284 1340 309 1388 iu
328 1338 480 1401 promotione
499 1337 606 1402 quadum
625 1337 806 1404 Witsbergensi
826 1353 849 1390 0.
874 1336 967 1396 1573“,
987 1341 1013 1389 10
1031 1355 1080 1404 qua
1098 1340 1179 1391 Procli
1198 1343 1300 1391 assertio
1320 1341 1485 1390 examinatur.

277 1407 323 1468 8¹2)
337 1425 360 1472 p.
375 1406 435 1456 321.
470 1408 671 1458 Muostlinus
690 1411 715 1458 in
730 1410 799 1474 Disp.
814 1411 947 1475 0οΕ01.0.
963 1409 1003 1458 18.
1017 1411 1080 1462 0060
1099 1412 1187 1462 00160οε
1208 1428 1273 1462 0000
1288 1408 1365 1461 1574.
1381 1411 1405 1461 d.
1420 1408 1462 1461 lo.
1478 1409 1547 1476 Sept.

189 1495 262 1532 maus
280 1479 306 1530 h.
326 1476 351 1526 1.
371 1479 474 1528 vidimus
494 1494 535 1528 cor
553 1479 643 1528 Leonis
663 1494 680 1530 0
697 1481 795 1531 Venere
814 1488 915 1531 tectum.
953 1483 1025 1532 Anno
1047 1480 1122 1531 1000.
1143 1485 1166 1534 0.
1182 1483 1237 1535 000.
1259 1479 1284 1532 3.
1304 1482 1421 1532 maneb.
1442 1481 1465 1530 0.
1486 1484 1546 1532 ridi·

189 1568 244 1602 mus
263 1552 370 1602 Martem
389 1557 468 1600 totum
487 1564 505 1601 a
524 1549 620 1600 Venere
640 1553 800 1602 occultatum.
837 1551 879 1603 Sic
898 1553 920 1602 d.
942 1551 965 1601 0.
985 1553 1043 1603 Jun.
1069 1561 1187 1618 sequente
1206 1555 1310 1604 vidimus
1328 1553 1415 1604 lovem
1433 1559 1512 1602 totum
1533 1567 1548 1602 0

189 1621 273 1674 000006
293 1622 447 1686 eclipsetum.
485 1621 557 1683 Quod
576 1629 659 1672 autem
678 1623 718 1672 010
736 1623 805 1674 Mars
822 1623 872 1674 illic
891 1623 977 1674 Venus
995 1624 1095 1675 interior
1116 1626 1203 1685 luerit,
1224 1625 1398 1676 dilucidissime
1417 1639 1448 1675 ex
1467 1625 1548 1675 001006

189 1694 296 1746 Veneris
315 1693 420 1744 candido
440 1701 466 1744 60
483 1692 572 1744 Martis
589 1695 663 1760 igneo
682 1695 800 1746 rutilante
819 1696 955 1760 dijudicare
973 1697 1050 1747 licuit.

280 1761 327 1826 83)
346 1780 371 1827 p.
392 1762 451 1813 ³21.
492 1765 573 1825 Quam
599 1767 738 1830 opinionem
763 1769 867 1817 retraxit
885 1766 1016 1830 Keplerus,
1042 1767 1177 1817 0010000000
1194 1768 1298 1830 abipso
1317 1768 1342 1815 10
1361 1766 1448 1816 melius
1468 1771 1547 1816 astro&

190 1837 282 1892 nomia,
302 1849 369 1885 anuo
390 1833 463 1883 1620,
485 1838 511 1884 10
533 1837 723 1896 „admonitione
743 1837 773 1887 00
796 1839 857 1888 00010
880 1840 994 1904 mirisque
1018 1838 1195 1902 phoenomenis
1218 1840 1277 1888 anni
1299 1834 1392 1886 10³1!
1411 1839 1548 1902 praemissa

188 1907 344 1972 Ephemeridi
370 1909 428 1955 enni
450 1903 530 1965 1001,
555 1921 628 1971 quam
648 1907 747 1973 Lipsiae
771 1908 849 1960 edidit
866 1909 921 1960 000.
942 1909 1155 1968 0000000100,
1175 1909 1277 1974 Kepleri
1296 1923 1382 1974 gener.
1403 1934 1436 1944 -
1473 1907 1546 1968 Quae

193 1980 223 2029 de
242 1979 280 2028 010
300 1993 354 2026 cum
374 1977 486 2027 Fabricio
505 1981 591 2042 egerit.
612 1979 727 2044 leguntur
744 1982 769 2029 in
787 1982 942 2045 praefatione
960 1977 1067 2045 0070.

281 2045 327 2109 84)
345 2063 369 2112 p.
391 2047 451 2096 322.
489 2048 654 2100 Mercator
681 2057 771 2101 testem
796 2052 899 2103 adducit
916 2053 1072 2101 Anonium
1099 2050 1260 2108 monachum,
1277 2050 1301 2100 0.
1323 2065 1345 2100 0.
1365 2050 1476 2106 aimoin,
1496 2049 1547 2098 ord.

191 2119 218 2170 S.
236 2119 349 2175 licead..
368 2121 409 2184 qui
429 2133 450 2169 0.
470 2121 544 2169 finem
564 2135 613 2170 060.
632 2121 662 2170 Χ.
683 2123 827 2185 conscripsit
844 2123 979 2173 Historiam
1001 2123 1158 2174 Francorum.
1198 2119 1295 2186 (00000.
1315 2124 1392 2186 praei.
1411 2137 1436 2186 p.
1458 2119 1508 2169 110
1526 2135 1546 2171 s.

196 2197 223 2238 et
239 2191 347 2240 libellum
365 2191 508 2254 inscriptum
530 2191 738 2249 ,Phaenomenon
756 2195 900 2259 singulare“
921 2193 965 2244 dte.
985 2195 1011 2244 10
1029 2209 1076 2260 quo
1096 2207 1201 2244 errorem
1221 2193 1323 2242 deloco
1342 2193 1461 2245 nodorum
1480 2191 1548 2242 Mer·

194 2263 254 2310 curii
274 2261 372 2325 corrigit
389 2259 534 2325 aspromo.)

278 2331 402 2382 Nanctum
419 2331 492 2396 holus
511 2334 688 2384 observationis
707 2336 806 2399 0000010
817 2335 940 2400 Keplerus
954 2336 986 2386 ab
998 2336 1128 2386 Heruarto
1147 2333 1238 2399 (comp.
1257 2335 1334 2400 praei.
1349 2333 1381 2384 ud
1396 2331 1547 2393 „Phaenom

135 2463 138 2467 ι
189 2399 300 2534 {hum}
330 2401 412 2463 Quum
440 2405 500 2453 dicit
527 2405 721 2456 observationem
741 2409 850 2465 Arasmi,
872 2406 1033 2472 Gopernicum
1062 2413 1161 2457 secutus
1187 2408 1263 2457 relect
1291 2403 1381 2471 (00000.
1411 2405 1489 2470 00060.
1517 2403 1550 2454 00

216 2475 307 2538 10010..

278 2542 325 2604 80)
343 2561 368 2610 p.
390 2541 449 2596 321.
495 2546 631 2609 Keplerum
658 2548 696 2596 his
724 2549 803 2598 serbis
830 2548 846 2598 J
854 2562 900 2598 00.
931 2548 1187 2598 Chrietmannum
1213 2547 1388 2614 significasse,
1415 2560 1447 2596 ex
1473 2546 1550 2596 literis

189 2617 220 2666 D.
240 2617 386 2666 Fabricii
414 2617 446 2666 ad
473 2617 610 2680 Keplerum
639 2619 704 2668 datis
732 2623 833 2684 ejusque
860 2621 1019 2683 responsione
1051 2625 1130 2683 patet.
1169 2619 1415 2680 0001000000οἰ0οω
1435 2615 1548 2677 (Obserr.

191 2687 313 2737 Solarium
331 2688 385 2738 libri
403 2686 466 2749 tres)
485 2703 559 2752 quum
579 2703 595 2738 a
613 2691 758 2753 quibusdam
777 2693 941 2741 recentiorum
966 2690 1034 2740 haud
1058 2693 1126 2755 parri
1154 2691 1278 2741 habeatur
1296 2696 1321 2739 et
1348 2703 1435 2750 purum
1462 2695 1549 2738 notum

189 2761 222 2806 010
250 2755 340 2822 (comp.
361 2760 493 2810 Kaestneri
521 2760 579 2809 hist.
607 2760 687 2810 01000.
708 2762 753 2818 1v‚
775 2759 834 2810 120.
872 2761 994 2815 Scheibel,
1015 2763 1158 2826 Eialeitung
1176 2760 1221 2812 060.
1243 2761 1291 2820 ΙΠ,
1309 2776 1333 2824 0.
1353 2757 1391 2821 5),
1417 2773 1500 2823 pauca
1518 2759 1549 2808 de

189 2829 237 2880 hoc
255 2829 438 2892 praemittenda
462 2845 589 2881 censemus
615 2832 692 2881 literis
711 2834 818 2884 Fabricii
837 2839 862 2882 et
880 2832 992 2896 Kepleri,
1011 2847 1074 2898 quae
1101 2834 1241 2896 aequalium
1259 2832 1290 2881 de
1314 2832 1356 2881 illo
1381 2831 1549 2880 testimonium

190 2900 315 2949 exhibent.
353 2900 381 2950 ln
401 2901 555 2952 dedicatione
576 2903 624 2960 ,D.
645 2903 737 2953 000001
755 2904 839 2954 Bruhe
859 2905 940 2962 Danu,
965 2906 1045 2954 amico
1064 2905 1200 2968 singulari“
1221 2905 1262 2968 qui
1281 2903 1435 2966 aliquantum
1455 2900 1549 2952 Christ

188 2973 275 3022 menni
293 2971 397 3034 bospitio
415 2973 556 3030 fruebatur,
585 2975 677 3030 scribit,
695 2975 765 3024 illum
784 2981 947 3040 opportunam
965 2977 1011 3038 ipsi
1030 2977 1186 3026 occasionem
1208 2974 1366 3039 praebuisse,
1394 2987 1422 3022 se
1439 2973 1466 3022 in
1485 2973 1549 3022 aml-

190 3044 277 3094 citiam
296 3042 420 3104 00000οἰ0
439 3043 579 3094 insinuandi
599 3055 698 3095 etcum
719 3046 805 3097 eodem
824 3047 855 3096 de
874 3046 1083 3096 observationibus
1097 3045 1222 3097 Solaribus
1242 3045 1391 3096 0001006000.
1428 3043 1458 3094 10
1477 3058 1551 3108 00000

189 3117 241 3178 ipso
261 3115 406 3176 saepissime
425 3115 526 3180 ablegat
539 3117 570 3164 00
583 3115 735 3178 Tychonem,
754 3119 833 3168 multa
845 3133 875 3168 ex
888 3121 941 3179 eius
961 3119 1074 3182 operibus
1092 3118 1233 3176 desumens,
1252 3129 1379 3180 uunquam
1392 3127 1448 3164 reso
1465 3115 1550 3179 palam

187 3188 255 3234 litem
274 3199 383 3234 merens.
421 3186 619 3236 Fundamentum
647 3190 860 3252 agnoscendorum
887 3195 998 3238 motuum
1026 3189 1169 3239 coelestium
1194 3189 1264 3253 ponit
1289 3186 1483 3247 ,sublimitatem
1501 3185 1551 3248 poli

187 3255 324 3306 mundaui‘·
345 3269 420 3320 quarn
439 3253 455 3303 0
474 3257 575 3306 dirersis
602 3260 682 3309 modis
709 3261 908 3326 investigandam
936 3259 1009 3310 docet
1027 3268 1054 3310 et
1070 3261 1095 3309 10
1115 3262 1180 3310 0000
1199 3261 1275 3310 linem
1303 3259 1438 3308 maximam
1456 3256 1509 3308 libri
1529 3256 1549 3306 1.

186 3335 282 3390 partem
301 3335 466 3376 consummat.
503 3329 534 3378 ln
545 3329 612 3379 libris
632 3331 726 3382 duobus
744 3332 918 3396 posterioribus
937 3331 1068 3381 ostendere
1082 3339 1192 3391 conatur,
1212 3330 1392 3394 triangulorum
1410 3326 1549 3378 doctrinam

189 3401 242 3449 sine
262 3399 472 3448 obsecrationibus
491 3397 615 3450 Solaribus
634 3403 701 3452 nullo
728 3403 801 3452 modo
829 3402 1002 3466 comprehendi
1030 3417 1116 3465 posse,
1133 3415 1239 3467 .„quare
1257 3401 1284 3450 00
1302 3400 1438 3451 rectissime
1466 3399 1550 3448 iacere

189 3469 316 3528 ridentur,
345 3471 386 3533 qui
404 3484 448 3532 060
473 3485 552 3521 anuos
580 3473 674 3537 aliquot
701 3476 836 3538 simplicem
863 3482 957 3523 motum
976 3473 1039 3523 Solis
1058 3475 1187 3538 exquirunt
1215 3472 1369 3538 eundemque
1386 3485 1431 3535 000
1449 3469 1549 3520 demon·

195 3540 328 3588 strutiones
346 3542 453 3590 lineares
470 3543 496 3590 in
515 3543 587 3606 globo
606 3543 743 3610 descriptas
762 3544 922 3596 examinant“
944 3543 990 3594 000.

279 3609 373 3670 Quibus
400 3613 482 3662 causis
510 3613 641 3677 Keplerus·
662 3625 743 3666 motus
780 3623 853 3667 tauta
889 3616 1046 3666 vehementia
1078 3616 1104 3664 in
1134 3613 1336 3666 Christmunnnm
1371 3614 1483 3662 invectus
1510 3611 1551 3665 sito

191 3688 324 3745 sequentes
343 3683 450 3733 Fabricii
467 3684 555 3734 literae
573 3686 696 3752 ipsiusque
716 3688 883 3738 Christmuuni
902 3687 935 3738 ad
953 3687 1092 3738 Fabricium
1111 3687 1173 3738 duta
1191 3685 1309 3752 epistola,
1330 3697 1392 3749 quas
1409 3698 1424 3732 e
1442 3682 1499 3732 Vol.
1519 3681 1549 3730 X.

190 3765 317 3802 manuscr.
335 3753 457 3818 Petropol.
478 3756 650 3815 desumsimus,
670 3759 841 3810 declarabunt.

281 3824 407 3875 Fabricius
426 3822 463 3887 (0
487 3823 570 3886 salta.
589 3827 675 3878 llartii
695 3828 774 3892 1002)
793 3830 857 3880 0060
875 3829 974 3892 scripsit
991 3827 1116 3893 Keplero:
1141 3827 1225 3877 Edidit
1243 3827 1351 3890 proximo
1370 3837 1437 3874 auno
1457 3821 1550 3872 Christ·

188 3909 303 3948 mannus.
317 3895 430 3946 Heidelb.
444 3898 647 3958 Mathematicus,
662 3901 750 3952 librum
763 3901 794 3952 de
807 3901 866 3951 000.
881 3900 1014 3950 80100000.
1035 3899 1137 3950 Summa
1150 3901 1203 3961 ejus
1217 3903 1262 3957 est,
1281 3897 1347 3963 quod
1363 3894 1551 3944 fundamentum

189 3966 320 4016 doctrinae
339 3968 515 4033 triangulorum
534 3985 564 4020 ex
588 3971 798 4022 observationibus
817 3971 942 4022 Solaribus
968 3974 1119 4022 constituere
1144 3971 1246 4018 nitatur.
1283 3968 1335 4018 Res
1353 3967 1416 4016 mita
1434 3971 1460 4018 et
1477 3978 1549 4014 nora

188 4041 369 4102 Argumentum
388 4046 473 4090 000060
491 4040 568 4092 00060
586 4056 641 4092 meo
657 4043 751 4106 judicio
770 4059 819 4094 non
839 4043 1056 4099 contemnendum,
1075 4043 1096 4091 00
1115 4046 1185 4090 retus
1203 4042 1276 4096 ratio,
1295 4037 1406 4088 solvendi
1425 4035 1551 4100 triangula

188 4109 366 4174 obliqusugulu
385 4125 429 4174 per
446 4114 627 4176 proportionem
651 4119 749 4166 sinuum
776 4129 901 4165 versorum
929 4117 1070 4179 sequuturis
1089 4121 1115 4163 et
1132 4110 1244 4176 paralleli
1266 4104 1375 4172 (circuli)
1396 4107 1472 4167 Solis,
1492 4119 1552 4156 vera

189 4187 244 4237 ests
262 4179 321 4230 0100
339 4195 443 4232 necesse
463 4189 509 4238 est,
529 4183 612 4234 Solem
629 4187 795 4252 inaequaliter
812 4187 838 4235 in
856 4185 982 4249 parallelis
1000 4186 1091 4234 moveri
1109 4189 1224 4247 06006000
1243 4181 1393 4246 sequuturis.
1432 4177 1483 4229 Sed
1501 4191 1551 4227 nou

188 4256 298 4301 moretur
325 4254 507 4317 inaequaliter,
530 4279 564 4290 --
584 4269 649 4322 ergo.
687 4259 850 4308 Demonstrat
867 4255 915 4305 hcc
938 4257 987 4305 sic:
1015 4257 1107 4319 accipit
1131 4255 1295 4320 quadrantem
1322 4249 1434 4317 paralleli
1455 4249 1550 4300 revolu-

188 4323 262 4372 tionis
292 4324 396 4373 diurnae
416 4323 488 4384 Solis,
515 4340 619 4390 eumque
638 4329 662 4376 ln
685 4327 802 4392 ilpurtes
821 4329 860 4377 vel
879 4325 895 4376 6
913 4327 988 4378 horas
1006 4327 1104 4387 dividit,
1132 4329 1288 4390 0000000οο
1308 4327 1415 4389 quantus
1435 4321 1550 4374 arcasin

187 4394 235 4440 isto
255 4394 374 4456 parallelo
393 4396 543 4458 respondeat
554 4399 598 4446 uni
611 4397 686 4449 horse
706 4399 880 4464 aequinoctiali
900 4399 1044 4463 aequaliter.
1070 4397 1194 4446 Hieroso
1219 4392 1423 4460 00000000011610
1450 4405 1550 4456 respon-

188 4465 257 4521 dem,
277 4479 321 4528 per
334 4465 473 4516 doctrinam
491 4469 671 4532 triangulorum
683 4477 710 4520 et
722 4473 818 4522 0000000
837 4485 961 4522 remorum
975 4471 1116 4533 sequuturis
1131 4475 1156 4518 et
1168 4467 1280 4532 paralleli
1298 4465 1438 4530 inquisitus,
1457 4474 1550 4528 nequa·

188 4549 262 4597 qnam
281 4538 398 4586 convenit
416 4551 471 4586 cum
489 4540 576 4601 priore.

277 4607 344 4666 Quid
362 4607 403 4657 hic
423 4608 555 4659 dicendum
574 4616 619 4659 aut
636 4612 833 4674 respondendum
850 4613 883 4661 sit
900 4626 950 4661 nou
970 4612 1049 4662 rideo.
1075 4609 1132 4660 0100
1152 4609 1250 4660 dubium
1270 4614 1307 4659 ast
1325 4609 1384 4673 quin
1397 4603 1439 4656 Sol
1459 4619 1551 4670 aequa·

190 4675 245 4726 liter
263 4684 315 4728 tarn
333 4679 359 4727 in
379 4678 503 4742 parallelis
522 4688 652 4732 moveatur
669 4695 743 4745 quam
761 4684 788 4731 in
806 4689 954 4748 sequstore,
982 4684 1080 4733 interim
1100 4688 1185 4730 tamen
1211 4685 1282 4730 retus
1310 4679 1423 4731 doctrina
1441 4680 1554 4742 triangu-

190 4746 268 4797 lorum
288 4749 363 4799 alium
382 4764 468 4800 areum
485 4751 599 4814 paralleli
618 4753 670 4800 dat.
696 4752 788 4812 Quare,
806 4755 840 4803 mi
853 4754 960 4804 Domine
975 4753 1093 4816 Keplcre‚
1108 4757 1153 4802 aut
1162 4751 1275 4803 00000100
1287 4756 1357 4802 retus
1375 4749 1555 4816 triangulorum

189 4817 262 4868 nobis
280 4821 423 4883 abjicienda
434 4822 481 4870 erit
494 4829 539 4874 aut
556 4823 689 4873 absurdum
700 4822 748 4873 hoo
760 4826 906 4882 concedere,
925 4826 989 4890 quod
1003 4825 1045 4876 Sol
1062 4823 1228 4888 inaequaliter
1240 4824 1266 4874 10
1279 4821 1404 4887 0000116110
1415 4827 1551 4874 mereatur.
