<?xml version="1.0" encoding="UTF-8"?>
<!DOCTYPE html PUBLIC "-//W3C//DTD XHTML 1.0 Transitional//EN"
    "http://www.w3.org/TR/xhtml1/DTD/xhtml1-transitional.dtd">
<html xmlns="http://www.w3.org/1999/xhtml" xml:lang="en" lang="en">
 <head>
  <title>
</title>
<meta http-equiv="Content-Type" content="text/html;charset=utf-8" />
  <meta name='ocr-system' content='tesseract 3.04.00' />
  <meta name='ocr-capabilities' content='ocr_page ocr_carea ocr_par ocr_line ocrx_word'/>
</head>
<body>
  <div class='ocr_page' id='page_1' title='image "./joanniskepleria02unkngoog/joanniskepleria02unkngoog_0522.png"; bbox 0 0 3694 5528; ppageno 0'>
   <div class='ocr_carea' id='block_1_1' title="bbox 728 237 1555 358">
    <p class='ocr_par' dir='ltr' id='par_1_1' title="bbox 728 237 1555 358">
     <span class='ocr_line' id='line_1_1' title="bbox 728 237 1555 358; baseline 0.022 -20"><span class='ocrx_word' id='word_1_1' title='bbox 728 300 785 338; x_wconf 84' lang='lat' dir='ltr'>oum</span> <span class='ocrx_word' id='word_1_2' title='bbox 802 281 900 338; x_wconf 81' lang='lat' dir='ltr'>Nunclo</span> <span class='ocrx_word' id='word_1_3' title='bbox 920 237 1043 338; x_wconf 48' lang='lat' dir='ltr'>sidereos</span> <span class='ocrx_word' id='word_1_4' title='bbox 1493 291 1555 358; x_wconf 75' lang='grc'>491</span> 
     </span>
    </p>
   </div>
   <div class='ocr_carea' id='block_1_2' title="bbox 198 453 1557 810">
    <p class='ocr_par' dir='ltr' id='par_1_2' title="bbox 198 453 1557 810">
     <span class='ocr_line' id='line_1_2' title="bbox 198 453 1557 546; baseline 0.006 -24"><span class='ocrx_word' id='word_1_5' title='bbox 198 475 367 539; x_wconf 85' lang='lat' dir='ltr'>repugnare</span> <span class='ocrx_word' id='word_1_6' title='bbox 389 457 530 541; x_wconf 83' lang='lat' dir='ltr'>vulgique</span> <span class='ocrx_word' id='word_1_7' title='bbox 553 453 703 539; x_wconf 81' lang='lat' dir='ltr'>vituperia</span> <span class='ocrx_word' id='word_1_8' title='bbox 725 479 834 542; x_wconf 90' lang='lat' dir='ltr'>susque</span> <span class='ocrx_word' id='word_1_9' title='bbox 859 463 953 543; x_wconf 88' lang='lat' dir='ltr'>deque</span> <span class='ocrx_word' id='word_1_10' title='bbox 978 461 1080 524; x_wconf 86' lang='lat' dir='ltr'>ferre?</span> <span class='ocrx_word' id='word_1_11' title='bbox 1119 460 1179 533; x_wconf 77' lang='lat' dir='ltr'>Qui</span> <span class='ocrx_word' id='word_1_12' title='bbox 1204 466 1283 544; x_wconf 92' lang='lat' dir='ltr'>quod</span> <span class='ocrx_word' id='word_1_13' title='bbox 1301 465 1419 546; x_wconf 89' lang='lat' dir='ltr'>publice</span> <span class='ocrx_word' id='word_1_14' title='bbox 1442 467 1557 543; x_wconf 78' lang='lat' dir='ltr'>scribit,</span> 
     </span>
     <span class='ocr_line' id='line_1_3' title="bbox 199 547 1557 636; baseline 0.005 -27"><span class='ocrx_word' id='word_1_15' title='bbox 199 548 397 627; x_wconf 86' lang='lat' dir='ltr'><strong>probrumque</strong></span> <span class='ocrx_word' id='word_1_16' title='bbox 421 547 447 608; x_wconf 92' lang='lat' dir='ltr'>si</span> <span class='ocrx_word' id='word_1_17' title='bbox 471 548 549 627; x_wconf 92' lang='lat' dir='ltr'>quod</span> <span class='ocrx_word' id='word_1_18' title='bbox 574 547 816 625; x_wconf 89' lang='lat' dir='ltr'>committeretur,</span> <span class='ocrx_word' id='word_1_19' title='bbox 842 551 921 612; x_wconf 87' lang='lat' dir='ltr'>clam</span> <span class='ocrx_word' id='word_1_20' title='bbox 944 551 1056 613; x_wconf 90' lang='lat' dir='ltr'>habere</span> <span class='ocrx_word' id='word_1_21' title='bbox 1080 569 1266 631; x_wconf 87' lang='lat' dir='ltr'>nequaquam</span> <span class='ocrx_word' id='word_1_22' title='bbox 1282 555 1406 633; x_wconf 88' lang='lat' dir='ltr'>posset?</span> <span class='ocrx_word' id='word_1_23' title='bbox 1450 555 1557 636; x_wconf 83' lang='lat' dir='ltr'>Egone</span> 
     </span>
     <span class='ocr_line' id='line_1_4' title="bbox 199 635 1556 722; baseline 0.007 -25"><span class='ocrx_word' id='word_1_24' title='bbox 199 643 233 698; x_wconf 93' lang='lat' dir='ltr'>ut</span> <span class='ocrx_word' id='word_1_25' title='bbox 254 635 388 698; x_wconf 90' lang='lat' dir='ltr'>Patricio</span> <span class='ocrx_word' id='word_1_26' title='bbox 412 637 587 700; x_wconf 84' lang='lat' dir='ltr'><strong>Florentino</strong></span> <span class='ocrx_word' id='word_1_27' title='bbox 610 637 699 700; x_wconf 87' lang='lat' dir='ltr'>fldem</span> <span class='ocrx_word' id='word_1_28' title='bbox 723 638 864 718; x_wconf 84' lang='lat' dir='ltr'>derogem</span> <span class='ocrx_word' id='word_1_29' title='bbox 888 640 925 700; x_wconf 90' lang='lat' dir='ltr'>de</span> <span class='ocrx_word' id='word_1_30' title='bbox 948 639 985 700; x_wconf 88' lang='lat' dir='ltr'>iis</span> <span class='ocrx_word' id='word_1_31' title='bbox 1010 657 1085 720; x_wconf 92' lang='lat' dir='ltr'>quae</span> <span class='ocrx_word' id='word_1_32' title='bbox 1109 640 1210 702; x_wconf 88' lang='lat' dir='ltr'>vidit?</span> <span class='ocrx_word' id='word_1_33' title='bbox 1250 643 1419 722; x_wconf 77' lang='lat' dir='ltr'>perspicaci</span> <span class='ocrx_word' id='word_1_34' title='bbox 1443 644 1556 706; x_wconf 90' lang='lat' dir='ltr'>luscio-</span> 
     </span>
     <span class='ocr_line' id='line_1_5' title="bbox 201 723 1556 810; baseline 0.007 -26"><span class='ocrx_word' id='word_1_35' title='bbox 201 723 277 787; x_wconf 84' lang='lat' dir='ltr'>sos?</span> <span class='ocrx_word' id='word_1_36' title='bbox 301 725 507 789; x_wconf 76' lang='lat' dir='ltr'>instrumentis</span> <span class='ocrx_word' id='word_1_37' title='bbox 541 727 710 788; x_wconf 83' lang='lat' dir='ltr'>ocularibus</span> <span class='ocrx_word' id='word_1_38' title='bbox 743 725 890 790; x_wconf 90' lang='lat' dir='ltr'>instructo</span> <span class='ocrx_word' id='word_1_39' title='bbox 923 727 989 807; x_wconf 90' lang='lat' dir='ltr'>ipse</span> <span class='ocrx_word' id='word_1_40' title='bbox 1021 729 1117 790; x_wconf 91' lang='lat' dir='ltr'>nudus</span> <span class='ocrx_word' id='word_1_41' title='bbox 1147 735 1178 790; x_wconf 89' lang='lat' dir='ltr'>et</span> <span class='ocrx_word' id='word_1_42' title='bbox 1212 729 1251 790; x_wconf 90' lang='lat' dir='ltr'>ab</span> <span class='ocrx_word' id='word_1_43' title='bbox 1284 731 1342 792; x_wconf 88' lang='lat' dir='ltr'>hac</span> <span class='ocrx_word' id='word_1_44' title='bbox 1376 733 1556 810; x_wconf 84' lang='lat' dir='ltr'>supellectili</span> 
     </span>
    </p>
   </div>
   <div class='ocr_carea' id='block_1_3' title="bbox 79 803 1556 901">
    <p class='ocr_par' dir='ltr' id='par_1_3' title="bbox 79 803 1556 901">
     <span class='ocr_line' id='line_1_6' title="bbox 79 803 1556 901; baseline 0.006 -28"><span class='ocrx_word' id='word_1_45' title='bbox 79 803 84 816; x_wconf 85' lang='grc'><strong>’</strong></span> <span class='ocrx_word' id='word_1_46' title='bbox 202 813 312 892; x_wconf 83' lang='lat' dir='ltr'>inops?</span> <span class='ocrx_word' id='word_1_47' title='bbox 357 811 425 894; x_wconf 82' lang='lat' dir='ltr'>Ego</span> <span class='ocrx_word' id='word_1_48' title='bbox 449 833 506 875; x_wconf 90' lang='lat' dir='ltr'>non</span> <span class='ocrx_word' id='word_1_49' title='bbox 530 817 649 877; x_wconf 85' lang='lat' dir='ltr'>credam</span> <span class='ocrx_word' id='word_1_50' title='bbox 674 834 776 876; x_wconf 87' lang='lat' dir='ltr'>ornnes</span> <span class='ocrx_word' id='word_1_51' title='bbox 801 815 840 876; x_wconf 92' lang='lat' dir='ltr'>ad</span> <span class='ocrx_word' id='word_1_52' title='bbox 872 816 978 877; x_wconf 88' lang='lat' dir='ltr'>eadem</span> <span class='ocrx_word' id='word_1_53' title='bbox 1011 817 1186 895; x_wconf 86' lang='lat' dir='ltr'>spectacula</span> <span class='ocrx_word' id='word_1_54' title='bbox 1218 817 1381 895; x_wconf 80' lang='lat' dir='ltr'>invitanti,</span> <span class='ocrx_word' id='word_1_55' title='bbox 1415 828 1447 880; x_wconf 92' lang='lat' dir='ltr'>et</span> <span class='ocrx_word' id='word_1_56' title='bbox 1478 823 1556 901; x_wconf 90' lang='lat' dir='ltr'>quod</span> 
     </span>
    </p>
   </div>
   <div class='ocr_carea' id='block_1_4' title="bbox 189 903 1556 1697">
    <p class='ocr_par' dir='ltr' id='par_1_4' title="bbox 197 903 1556 982">
     <span class='ocr_line' id='line_1_7' title="bbox 197 903 1556 982; baseline 0.007 -20"><span class='ocrx_word' id='word_1_57' title='bbox 197 909 289 981; x_wconf 89' lang='lat' dir='ltr'>caput</span> <span class='ocrx_word' id='word_1_58' title='bbox 313 910 369 978; x_wconf 89' lang='lat' dir='ltr'>est,</span> <span class='ocrx_word' id='word_1_59' title='bbox 390 903 439 965; x_wconf 89' lang='lat' dir='ltr'>vel</span> <span class='ocrx_word' id='word_1_60' title='bbox 456 903 553 982; x_wconf 89' lang='lat' dir='ltr'>ipsum</span> <span class='ocrx_word' id='word_1_61' title='bbox 577 923 663 966; x_wconf 90' lang='lat' dir='ltr'>snum</span> <span class='ocrx_word' id='word_1_62' title='bbox 686 903 920 965; x_wconf 86' lang='lat' dir='ltr'>instrumentum</span> <span class='ocrx_word' id='word_1_63' title='bbox 944 905 983 966; x_wconf 88' lang='lat' dir='ltr'>ad</span> <span class='ocrx_word' id='word_1_64' title='bbox 1003 904 1171 967; x_wconf 83' lang='lat' dir='ltr'>faciendam</span> <span class='ocrx_word' id='word_1_65' title='bbox 1185 907 1272 968; x_wconf 90' lang='lat' dir='ltr'>fidem</span> <span class='ocrx_word' id='word_1_66' title='bbox 1290 908 1384 970; x_wconf 92' lang='lat' dir='ltr'>oculis</span> <span class='ocrx_word' id='word_1_67' title='bbox 1399 909 1556 971; x_wconf 87' lang='lat' dir='ltr'>offerenti?</span> 
     </span>
    </p>

    <p class='ocr_par' dir='ltr' id='par_1_5' title="bbox 193 991 1555 1248">
     <span class='ocr_line' id='line_1_8' title="bbox 284 991 1554 1072; baseline 0.006 -21"><span class='ocrx_word' id='word_1_68' title='bbox 284 991 333 1052; x_wconf 87' lang='lat' dir='ltr'>An</span> <span class='ocrx_word' id='word_1_69' title='bbox 357 1010 462 1070; x_wconf 90' lang='lat' dir='ltr'>parum</span> <span class='ocrx_word' id='word_1_70' title='bbox 486 992 543 1054; x_wconf 93' lang='lat' dir='ltr'>hoc</span> <span class='ocrx_word' id='word_1_71' title='bbox 568 993 673 1067; x_wconf 87' lang='lat' dir='ltr'>luerit,</span> <span class='ocrx_word' id='word_1_72' title='bbox 697 992 878 1072; x_wconf 85' lang='lat' dir='ltr'>Magnorum</span> <span class='ocrx_word' id='word_1_73' title='bbox 901 992 1064 1054; x_wconf 86' lang='lat' dir='ltr'>hletrvrriae</span> <span class='ocrx_word' id='word_1_74' title='bbox 1087 993 1203 1055; x_wconf 89' lang='lat' dir='ltr'>Ducum</span> <span class='ocrx_word' id='word_1_75' title='bbox 1228 995 1376 1057; x_wconf 83' lang='lat' dir='ltr'>familiam</span> <span class='ocrx_word' id='word_1_76' title='bbox 1410 997 1554 1060; x_wconf 85' lang='lat' dir='ltr'>ludificari</span> 
     </span>
     <span class='ocr_line' id='line_1_9' title="bbox 193 1079 1555 1161; baseline 0.006 -21"><span class='ocrx_word' id='word_1_77' title='bbox 193 1079 420 1160; x_wconf 88' lang='lat' dir='ltr'>Mediceumque</span> <span class='ocrx_word' id='word_1_78' title='bbox 457 1097 565 1142; x_wconf 92' lang='lat' dir='ltr'>nomen</span> <span class='ocrx_word' id='word_1_79' title='bbox 601 1081 752 1160; x_wconf 83' lang='lat' dir='ltr'>figmentis</span> <span class='ocrx_word' id='word_1_80' title='bbox 790 1081 853 1142; x_wconf 89' lang='lat' dir='ltr'>sois</span> <span class='ocrx_word' id='word_1_81' title='bbox 891 1082 1077 1161; x_wconf 82' lang='lat' dir='ltr'>praefigere,</span> <span class='ocrx_word' id='word_1_82' title='bbox 1119 1082 1259 1161; x_wconf 89' lang='lat' dir='ltr'>planetas</span> <span class='ocrx_word' id='word_1_83' title='bbox 1304 1084 1425 1146; x_wconf 90' lang='lat' dir='ltr'>interim</span> <span class='ocrx_word' id='word_1_84' title='bbox 1467 1105 1555 1148; x_wconf 89' lang='lat' dir='ltr'>veros</span> 
     </span>
     <span class='ocr_line' id='line_1_10' title="bbox 194 1168 1213 1248; baseline 0.003 -18"><span class='ocrx_word' id='word_1_85' title='bbox 194 1168 410 1248; x_wconf 81' lang='lat' dir='ltr'>pollicentem?</span> <span class='ocrx_word' id='word_1_86' title='bbox 763 1215 770 1238; x_wconf 90' lang='lat'>,</span> <span class='ocrx_word' id='word_1_87' title='bbox 1212 1235 1213 1238; x_wconf 65' lang='grc'>,</span> 
     </span>
    </p>

    <p class='ocr_par' dir='ltr' id='par_1_6' title="bbox 189 1254 1553 1697">
     <span class='ocr_line' id='line_1_11' title="bbox 283 1254 1553 1338; baseline 0.005 -20"><span class='ocrx_word' id='word_1_88' title='bbox 283 1254 364 1327; x_wconf 76' lang='lat' dir='ltr'>Quid</span> <span class='ocrx_word' id='word_1_89' title='bbox 388 1258 466 1337; x_wconf 93' lang='lat' dir='ltr'>quod</span> <span class='ocrx_word' id='word_1_90' title='bbox 488 1255 616 1336; x_wconf 90' lang='lat' dir='ltr'>propriis</span> <span class='ocrx_word' id='word_1_91' title='bbox 642 1257 874 1336; x_wconf 84' lang='lat' dir='ltr'>experimentis,</span> <span class='ocrx_word' id='word_1_92' title='bbox 906 1257 985 1338; x_wconf 93' lang='lat' dir='ltr'>qnod</span> <span class='ocrx_word' id='word_1_93' title='bbox 1009 1262 1040 1317; x_wconf 90' lang='lat' dir='ltr'>et</span> <span class='ocrx_word' id='word_1_94' title='bbox 1064 1257 1188 1319; x_wconf 90' lang='lat' dir='ltr'>aliorum</span> <span class='ocrx_word' id='word_1_95' title='bbox 1213 1260 1499 1324; x_wconf 83' lang='lat' dir='ltr'>asseverationibus</span> <span class='ocrx_word' id='word_1_96' title='bbox 1524 1262 1553 1324; x_wconf 91' lang='lat' dir='ltr'>in</span> 
     </span>
     <span class='ocr_line' id='line_1_12' title="bbox 192 1344 1552 1425; baseline 0.004 -18"><span class='ocrx_word' id='word_1_97' title='bbox 192 1353 281 1425; x_wconf 89' lang='lat' dir='ltr'>parte</span> <span class='ocrx_word' id='word_1_98' title='bbox 304 1345 373 1408; x_wconf 91' lang='lat' dir='ltr'>libri</span> <span class='ocrx_word' id='word_1_99' title='bbox 397 1345 587 1424; x_wconf 87' lang='lat' dir='ltr'>deprehendo</span> <span class='ocrx_word' id='word_1_100' title='bbox 611 1345 861 1408; x_wconf 85' lang='lat' dir='ltr'>veracissimum?</span> <span class='ocrx_word' id='word_1_101' title='bbox 908 1344 988 1415; x_wconf 83' lang='lat' dir='ltr'>Quid</span> <span class='ocrx_word' id='word_1_102' title='bbox 1018 1363 1129 1407; x_wconf 88' lang='lat' dir='ltr'>causae</span> <span class='ocrx_word' id='word_1_103' title='bbox 1162 1347 1222 1422; x_wconf 92' lang='lat' dir='ltr'>sit,</span> <span class='ocrx_word' id='word_1_104' title='bbox 1257 1367 1309 1410; x_wconf 90' lang='lat' dir='ltr'>our</span> <span class='ocrx_word' id='word_1_105' title='bbox 1340 1351 1439 1411; x_wconf 89' lang='lat' dir='ltr'>solum</span> <span class='ocrx_word' id='word_1_106' title='bbox 1470 1347 1552 1412; x_wconf 77' lang='lat' dir='ltr'>ded</span> 
     </span>
     <span class='ocr_line' id='line_1_13' title="bbox 191 1433 1551 1518; baseline 0.004 -23"><span class='ocrx_word' id='word_1_107' title='bbox 191 1433 324 1513; x_wconf 88' lang='lat' dir='ltr'>planetis</span> <span class='ocrx_word' id='word_1_108' title='bbox 348 1435 548 1496; x_wconf 89' lang='lat' dir='ltr'>deludendum</span> <span class='ocrx_word' id='word_1_109' title='bbox 570 1433 629 1495; x_wconf 88' lang='lat' dir='ltr'>sibi</span> <span class='ocrx_word' id='word_1_110' title='bbox 650 1434 804 1513; x_wconf 90' lang='lat' dir='ltr'>putaverit</span> <span class='ocrx_word' id='word_1_111' title='bbox 827 1434 953 1496; x_wconf 88' lang='lat' dir='ltr'>orbem?</span> <span class='ocrx_word' id='word_1_112' title='bbox 977 1433 1051 1493; x_wconf 87' lang='lat' dir='ltr'>Tres</span> <span class='ocrx_word' id='word_1_113' title='bbox 1067 1443 1138 1496; x_wconf 90' lang='lat' dir='ltr'>sunt</span> <span class='ocrx_word' id='word_1_114' title='bbox 1151 1454 1280 1512; x_wconf 89' lang='lat' dir='ltr'>menses,</span> <span class='ocrx_word' id='word_1_115' title='bbox 1298 1456 1365 1499; x_wconf 91' lang='lat' dir='ltr'>curn</span> <span class='ocrx_word' id='word_1_116' title='bbox 1383 1439 1551 1518; x_wconf 85' lang='lat' dir='ltr'>Augustis-</span> 
     </span>
     <span class='ocr_line' id='line_1_14' title="bbox 191 1522 1545 1604; baseline 0.004 -21"><span class='ocrx_word' id='word_1_117' title='bbox 191 1523 285 1586; x_wconf 87' lang='lat' dir='ltr'>simus</span> <span class='ocrx_word' id='word_1_118' title='bbox 308 1524 478 1603; x_wconf 90' lang='lat' dir='ltr'>Imperator</span> <span class='ocrx_word' id='word_1_119' title='bbox 501 1541 590 1602; x_wconf 85' lang='lat' dir='ltr'>super</span> <span class='ocrx_word' id='word_1_120' title='bbox 612 1523 717 1584; x_wconf 90' lang='lat' dir='ltr'>Lunae</span> <span class='ocrx_word' id='word_1_121' title='bbox 742 1523 866 1584; x_wconf 90' lang='lat' dir='ltr'>maculis</span> <span class='ocrx_word' id='word_1_122' title='bbox 889 1522 975 1583; x_wconf 87' lang='lat' dir='ltr'>varia</span> <span class='ocrx_word' id='word_1_123' title='bbox 999 1540 1036 1582; x_wconf 87' lang='lat' dir='ltr'>ex</span> <span class='ocrx_word' id='word_1_124' title='bbox 1059 1542 1105 1584; x_wconf 89' lang='lat' dir='ltr'>me</span> <span class='ocrx_word' id='word_1_125' title='bbox 1130 1525 1290 1604; x_wconf 86' lang='lat' dir='ltr'>quaesivit,</span> <span class='ocrx_word' id='word_1_126' title='bbox 1314 1525 1341 1586; x_wconf 93' lang='lat' dir='ltr'>in</span> <span class='ocrx_word' id='word_1_127' title='bbox 1368 1546 1405 1588; x_wconf 92' lang='lat' dir='ltr'>ea</span> <span class='ocrx_word' id='word_1_128' title='bbox 1429 1529 1545 1589; x_wconf 88' lang='lat' dir='ltr'>consti-</span> 
     </span>
     <span class='ocr_line' id='line_1_15' title="bbox 189 1611 1545 1697; baseline 0.004 -25"><span class='ocrx_word' id='word_1_129' title='bbox 189 1619 274 1674; x_wconf 88' lang='lat' dir='ltr'>tutus</span> <span class='ocrx_word' id='word_1_130' title='bbox 298 1613 444 1691; x_wconf 89' lang='lat' dir='ltr'>opinione,</span> <span class='ocrx_word' id='word_1_131' title='bbox 469 1620 617 1674; x_wconf 89' lang='lat' dir='ltr'>terrarum</span> <span class='ocrx_word' id='word_1_132' title='bbox 640 1619 672 1672; x_wconf 92' lang='lat' dir='ltr'>et</span> <span class='ocrx_word' id='word_1_133' title='bbox 695 1611 908 1673; x_wconf 87' lang='lat' dir='ltr'>continentium</span> <span class='ocrx_word' id='word_1_134' title='bbox 933 1611 1095 1673; x_wconf 89' lang='lat' dir='ltr'>simulacra</span> <span class='ocrx_word' id='word_1_135' title='bbox 1117 1612 1147 1673; x_wconf 92' lang='lat' dir='ltr'>in</span> <span class='ocrx_word' id='word_1_136' title='bbox 1172 1613 1259 1674; x_wconf 89' lang='lat' dir='ltr'>Luna</span> <span class='ocrx_word' id='word_1_137' title='bbox 1287 1633 1340 1676; x_wconf 89' lang='lat' dir='ltr'>ceu</span> <span class='ocrx_word' id='word_1_138' title='bbox 1365 1617 1398 1676; x_wconf 91' lang='lat' dir='ltr'>in</span> <span class='ocrx_word' id='word_1_139' title='bbox 1423 1617 1545 1697; x_wconf 89' lang='lat' dir='ltr'>speculo</span> 
     </span>
    </p>
   </div>
   <div class='ocr_carea' id='block_1_5' title="bbox 98 1699 1545 1783">
    <p class='ocr_par' dir='ltr' id='par_1_7' title="bbox 98 1699 1545 1783">
     <span class='ocr_line' id='line_1_16' title="bbox 98 1699 1545 1783; baseline 0.003 -22"><span class='ocrx_word' id='word_1_140' title='bbox 98 1731 100 1734; x_wconf 95' lang='lat'>·</span> <span class='ocrx_word' id='word_1_141' title='bbox 190 1701 445 1781; x_wconf 88' lang='lat' dir='ltr'>resplendescere.</span> <span class='ocrx_word' id='word_1_142' title='bbox 492 1699 660 1779; x_wconf 84' lang='lat' dir='ltr'>Allegabet</span> <span class='ocrx_word' id='word_1_143' title='bbox 692 1700 749 1762; x_wconf 93' lang='lat' dir='ltr'>boc</span> <span class='ocrx_word' id='word_1_144' title='bbox 781 1701 987 1780; x_wconf 89' lang='lat' dir='ltr'>potissimum,</span> <span class='ocrx_word' id='word_1_145' title='bbox 1020 1700 1077 1761; x_wconf 92' lang='lat' dir='ltr'>sibi</span> <span class='ocrx_word' id='word_1_146' title='bbox 1110 1700 1205 1764; x_wconf 90' lang='lat' dir='ltr'>videri</span> <span class='ocrx_word' id='word_1_147' title='bbox 1237 1722 1413 1783; x_wconf 85' lang='lat' dir='ltr'>expressam</span> <span class='ocrx_word' id='word_1_148' title='bbox 1436 1704 1545 1767; x_wconf 91' lang='lat' dir='ltr'>ltaliae</span> 
     </span>
    </p>
   </div>
   <div class='ocr_carea' id='block_1_6' title="bbox 124 1787 1545 4881">
    <p class='ocr_par' dir='ltr' id='par_1_8' title="bbox 189 1787 1545 2219">
     <span class='ocr_line' id='line_1_17' title="bbox 190 1787 1545 1870; baseline 0.004 -20"><span class='ocrx_word' id='word_1_149' title='bbox 190 1807 258 1851; x_wconf 91' lang='lat' dir='ltr'>cum</span> <span class='ocrx_word' id='word_1_150' title='bbox 281 1790 396 1850; x_wconf 91' lang='lat' dir='ltr'>duabus</span> <span class='ocrx_word' id='word_1_151' title='bbox 421 1789 629 1870; x_wconf 87' lang='lat' dir='ltr'>adjacentibus</span> <span class='ocrx_word' id='word_1_152' title='bbox 652 1789 758 1850; x_wconf 85' lang='lat' dir='ltr'>insulis</span> <span class='ocrx_word' id='word_1_153' title='bbox 783 1788 922 1866; x_wconf 86' lang='lat' dir='ltr'>effigiem.</span> <span class='ocrx_word' id='word_1_154' title='bbox 976 1787 1139 1868; x_wconf 85' lang='lat' dir='ltr'>Specillum</span> <span class='ocrx_word' id='word_1_155' title='bbox 1155 1790 1247 1853; x_wconf 91' lang='lat' dir='ltr'>etiam</span> <span class='ocrx_word' id='word_1_156' title='bbox 1271 1811 1355 1854; x_wconf 87' lang='lat' dir='ltr'>snum</span> <span class='ocrx_word' id='word_1_157' title='bbox 1378 1793 1417 1854; x_wconf 88' lang='lat' dir='ltr'>ad</span> <span class='ocrx_word' id='word_1_158' title='bbox 1436 1793 1545 1858; x_wconf 69' lang='lat' dir='ltr'>,eadem</span> 
     </span>
     <span class='ocr_line' id='line_1_18' title="bbox 189 1876 1544 1958; baseline 0.003 -20"><span class='ocrx_word' id='word_1_159' title='bbox 189 1878 421 1958; x_wconf 82' lang='lat' dir='ltr'>contemplanda</span> <span class='ocrx_word' id='word_1_160' title='bbox 451 1877 597 1940; x_wconf 86' lang='lat' dir='ltr'>offerebat</span> <span class='ocrx_word' id='word_1_161' title='bbox 620 1877 648 1938; x_wconf 93' lang='lat' dir='ltr'>in</span> <span class='ocrx_word' id='word_1_162' title='bbox 673 1876 738 1938; x_wconf 89' lang='lat' dir='ltr'>dies</span> <span class='ocrx_word' id='word_1_163' title='bbox 762 1885 932 1957; x_wconf 84' lang='lat' dir='ltr'>sequentes,</span> <span class='ocrx_word' id='word_1_164' title='bbox 959 1879 1037 1956; x_wconf 91' lang='lat' dir='ltr'>quod</span> <span class='ocrx_word' id='word_1_165' title='bbox 1060 1879 1202 1940; x_wconf 88' lang='lat' dir='ltr'>omissum</span> <span class='ocrx_word' id='word_1_166' title='bbox 1225 1887 1327 1941; x_wconf 90' lang='lat' dir='ltr'>tamen</span> <span class='ocrx_word' id='word_1_167' title='bbox 1351 1889 1408 1943; x_wconf 88' lang='lat' dir='ltr'>est.</span> <span class='ocrx_word' id='word_1_168' title='bbox 1455 1883 1544 1944; x_wconf 86' lang='lat' dir='ltr'>Adeo</span> 
     </span>
     <span class='ocr_line' id='line_1_19' title="bbox 191 1963 1543 2048; baseline 0.003 -20"><span class='ocrx_word' id='word_1_169' title='bbox 191 1966 296 2028; x_wconf 91' lang='lat' dir='ltr'>eodem</span> <span class='ocrx_word' id='word_1_170' title='bbox 315 1975 457 2046; x_wconf 88' lang='lat' dir='ltr'>tempore,</span> <span class='ocrx_word' id='word_1_171' title='bbox 480 1963 628 2042; x_wconf 73' lang='lat' dir='ltr'>Galilaea,</span> <span class='ocrx_word' id='word_1_172' title='bbox 648 1963 763 2029; x_wconf 82' lang='lat' dir='ltr'>Christi</span> <span class='ocrx_word' id='word_1_173' title='bbox 777 1965 897 2028; x_wconf 89' lang='lat' dir='ltr'>Domini</span> <span class='ocrx_word' id='word_1_174' title='bbox 919 1967 1050 2045; x_wconf 89' lang='lat' dir='ltr'>patriam</span> <span class='ocrx_word' id='word_1_175' title='bbox 1075 1967 1220 2029; x_wconf 90' lang='lat' dir='ltr'>vocabulo</span> <span class='ocrx_word' id='word_1_176' title='bbox 1243 1970 1427 2048; x_wconf 83' lang='lat' dir='ltr'>praeferens,</span> <span class='ocrx_word' id='word_1_177' title='bbox 1453 1969 1543 2032; x_wconf 84' lang='lat' dir='ltr'>Obri-</span> 
     </span>
     <span class='ocr_line' id='line_1_20' title="bbox 190 2053 1543 2139; baseline 0.003 -21"><span class='ocrx_word' id='word_1_178' title='bbox 190 2055 283 2118; x_wconf 88' lang='lat' dir='ltr'>stiani</span> <span class='ocrx_word' id='word_1_179' title='bbox 306 2057 387 2118; x_wconf 86' lang='lat' dir='ltr'>orbis</span> <span class='ocrx_word' id='word_1_180' title='bbox 409 2055 606 2118; x_wconf 88' lang='lat' dir='ltr'>Monaroham</span> <span class='ocrx_word' id='word_1_181' title='bbox 630 2055 778 2134; x_wconf 83' lang='lat' dir='ltr'>(ejusdem</span> <span class='ocrx_word' id='word_1_182' title='bbox 802 2053 955 2137; x_wconf 88' lang='lat' dir='ltr'>irrequieti</span> <span class='ocrx_word' id='word_1_183' title='bbox 978 2056 1103 2136; x_wconf 89' lang='lat' dir='ltr'>spiritns</span> <span class='ocrx_word' id='word_1_184' title='bbox 1126 2055 1289 2131; x_wconf 89' lang='lat' dir='ltr'>instinctu,</span> <span class='ocrx_word' id='word_1_185' title='bbox 1322 2059 1372 2139; x_wconf 93' lang='lat' dir='ltr'>qui</span> <span class='ocrx_word' id='word_1_186' title='bbox 1404 2067 1543 2122; x_wconf 92' lang='lat' dir='ltr'>naturam</span> 
     </span>
     <span class='ocr_line' id='line_1_21' title="bbox 190 2143 1407 2219; baseline -0.002 -15"><span class='ocrx_word' id='word_1_187' title='bbox 190 2144 342 2207; x_wconf 86' lang='lat' dir='ltr'>detectum</span> <span class='ocrx_word' id='word_1_188' title='bbox 364 2143 443 2219; x_wconf 91' lang='lat' dir='ltr'>ibat)</span> <span class='ocrx_word' id='word_1_189' title='bbox 468 2144 583 2206; x_wconf 88' lang='lat' dir='ltr'>deliciis</span> <span class='ocrx_word' id='word_1_190' title='bbox 606 2145 666 2206; x_wconf 90' lang='lat' dir='ltr'>tuis</span> <span class='ocrx_word' id='word_1_191' title='bbox 691 2144 859 2207; x_wconf 87' lang='lat' dir='ltr'>aemulatus</span> <span class='ocrx_word' id='word_1_192' title='bbox 882 2161 926 2205; x_wconf 88' lang='lat' dir='ltr'>es.</span> <span class='ocrx_word' id='word_1_193' title='bbox 1405 2205 1407 2210; x_wconf 70' lang='grc'><em>,</em></span> 
     </span>
    </p>

    <p class='ocr_par' dir='ltr' id='par_1_9' title="bbox 162 2232 1543 2652">
     <span class='ocr_line' id='line_1_22' title="bbox 278 2232 1540 2315; baseline 0.002 -19"><span class='ocrx_word' id='word_1_194' title='bbox 278 2232 341 2296; x_wconf 85' lang='lat' dir='ltr'>Sed</span> <span class='ocrx_word' id='word_1_195' title='bbox 364 2241 395 2296; x_wconf 87' lang='lat' dir='ltr'>et</span> <span class='ocrx_word' id='word_1_196' title='bbox 419 2233 628 2315; x_wconf 87' lang='lat' dir='ltr'>antiquissima</span> <span class='ocrx_word' id='word_1_197' title='bbox 651 2241 699 2295; x_wconf 89' lang='lat' dir='ltr'>est</span> <span class='ocrx_word' id='word_1_198' title='bbox 721 2234 796 2295; x_wconf 88' lang='lat' dir='ltr'>haec</span> <span class='ocrx_word' id='word_1_199' title='bbox 819 2234 856 2294; x_wconf 92' lang='lat' dir='ltr'>de</span> <span class='ocrx_word' id='word_1_200' title='bbox 878 2233 1005 2294; x_wconf 83' lang='lat' dir='ltr'>russulis</span> <span class='ocrx_word' id='word_1_201' title='bbox 1033 2233 1133 2295; x_wconf 87' lang='lat' dir='ltr'>Lunae</span> <span class='ocrx_word' id='word_1_202' title='bbox 1156 2234 1303 2310; x_wconf 88' lang='lat' dir='ltr'>narratio,</span> <span class='ocrx_word' id='word_1_203' title='bbox 1329 2235 1408 2296; x_wconf 81' lang='lat' dir='ltr'>fulta</span> <span class='ocrx_word' id='word_1_204' title='bbox 1431 2243 1540 2298; x_wconf 90' lang='lat' dir='ltr'>anoto-</span> 
     </span>
     <span class='ocr_line' id='line_1_23' title="bbox 162 2319 1543 2404; baseline 0 -18"><span class='ocrx_word' id='word_1_205' title='bbox 162 2322 280 2386; x_wconf 86' lang='lat' dir='ltr'>.ritate</span> <span class='ocrx_word' id='word_1_206' title='bbox 304 2323 494 2404; x_wconf 85' lang='lat' dir='ltr'>Pythagorae</span> <span class='ocrx_word' id='word_1_207' title='bbox 519 2331 551 2384; x_wconf 87' lang='lat' dir='ltr'>et</span> <span class='ocrx_word' id='word_1_208' title='bbox 573 2322 727 2395; x_wconf 87' lang='lat' dir='ltr'>Plutarchi</span> <span class='ocrx_word' id='word_1_209' title='bbox 750 2321 857 2385; x_wconf 88' lang='lat' dir='ltr'>summi</span> <span class='ocrx_word' id='word_1_210' title='bbox 890 2319 1078 2400; x_wconf 86' lang='lat' dir='ltr'>philosophi,</span> <span class='ocrx_word' id='word_1_211' title='bbox 1117 2324 1240 2402; x_wconf 91' lang='lat' dir='ltr'>etqui,</span> <span class='ocrx_word' id='word_1_212' title='bbox 1271 2323 1298 2384; x_wconf 90' lang='lat' dir='ltr'>si</span> <span class='ocrx_word' id='word_1_213' title='bbox 1320 2321 1378 2386; x_wconf 93' lang='lat' dir='ltr'>hoc</span> <span class='ocrx_word' id='word_1_214' title='bbox 1411 2326 1449 2385; x_wconf 88' lang='lat' dir='ltr'>ad</span> <span class='ocrx_word' id='word_1_215' title='bbox 1480 2343 1543 2386; x_wconf 88' lang='lat' dir='ltr'>rem</span> 
     </span>
     <span class='ocr_line' id='line_1_24' title="bbox 189 2409 1541 2495; baseline 0.001 -23"><span class='ocrx_word' id='word_1_216' title='bbox 189 2411 272 2486; x_wconf 85' lang='lat' dir='ltr'>lacit,</span> <span class='ocrx_word' id='word_1_217' title='bbox 296 2411 502 2491; x_wconf 88' lang='lat' dir='ltr'>proconsulari</span> <span class='ocrx_word' id='word_1_218' title='bbox 531 2411 655 2491; x_wconf 91' lang='lat' dir='ltr'>imperio</span> <span class='ocrx_word' id='word_1_219' title='bbox 678 2411 803 2491; x_wconf 84' lang='lat' dir='ltr'>Epirum</span> <span class='ocrx_word' id='word_1_220' title='bbox 836 2409 932 2495; x_wconf 88' lang='lat' dir='ltr'>tenuit</span> <span class='ocrx_word' id='word_1_221' title='bbox 955 2411 1010 2472; x_wconf 92' lang='lat' dir='ltr'>sub</span> <span class='ocrx_word' id='word_1_222' title='bbox 1039 2409 1233 2474; x_wconf 82' lang='lat' dir='ltr'>Caesaribus.</span> <span class='ocrx_word' id='word_1_223' title='bbox 1280 2413 1323 2476; x_wconf 90' lang='lat' dir='ltr'>Ut</span> <span class='ocrx_word' id='word_1_224' title='bbox 1346 2413 1541 2476; x_wconf 89' lang='lat' dir='ltr'>Maestlinum</span> 
     </span>
     <span class='ocr_line' id='line_1_25' title="bbox 189 2495 1541 2581; baseline 0.002 -20"><span class='ocrx_word' id='word_1_225' title='bbox 189 2501 323 2580; x_wconf 89' lang='lat' dir='ltr'>adeoque</span> <span class='ocrx_word' id='word_1_226' title='bbox 348 2508 379 2562; x_wconf 90' lang='lat' dir='ltr'>et</span> <span class='ocrx_word' id='word_1_227' title='bbox 401 2520 469 2563; x_wconf 91' lang='lat' dir='ltr'>mea</span> <span class='ocrx_word' id='word_1_228' title='bbox 492 2499 604 2580; x_wconf 89' lang='lat' dir='ltr'>Optioa</span> <span class='ocrx_word' id='word_1_229' title='bbox 636 2507 706 2563; x_wconf 90' lang='lat' dir='ltr'>ante</span> <span class='ocrx_word' id='word_1_230' title='bbox 740 2519 834 2562; x_wconf 87' lang='lat' dir='ltr'>annos</span> <span class='ocrx_word' id='word_1_231' title='bbox 858 2495 878 2562; x_wconf 87' lang='lat'>6</span> <span class='ocrx_word' id='word_1_232' title='bbox 898 2499 980 2560; x_wconf 88' lang='lat' dir='ltr'>edita</span> <span class='ocrx_word' id='word_1_233' title='bbox 1002 2509 1192 2579; x_wconf 86' lang='lat' dir='ltr'>praeteream</span> <span class='ocrx_word' id='word_1_234' title='bbox 1221 2500 1309 2581; x_wconf 90' lang='lat' dir='ltr'>inque</span> <span class='ocrx_word' id='word_1_235' title='bbox 1332 2520 1419 2564; x_wconf 90' lang='lat' dir='ltr'>sunm</span> <span class='ocrx_word' id='word_1_236' title='bbox 1444 2503 1541 2564; x_wconf 91' lang='lat' dir='ltr'>locum</span> 
     </span>
     <span class='ocr_line' id='line_1_26' title="bbox 187 2589 622 2652; baseline 0.007 -2"><span class='ocrx_word' id='word_1_237' title='bbox 187 2589 312 2651; x_wconf 86' lang='lat' dir='ltr'>inferius</span> <span class='ocrx_word' id='word_1_238' title='bbox 335 2589 480 2652; x_wconf 85' lang='lat' dir='ltr'>differam.</span> <span class='ocrx_word' id='word_1_239' title='bbox 620 2597 622 2602; x_wconf 87' lang='grc'><strong>’</strong></span> 
     </span>
    </p>

    <p class='ocr_par' dir='ltr' id='par_1_10' title="bbox 185 2675 1540 3557">
     <span class='ocr_line' id='line_1_27' title="bbox 277 2675 1540 2759; baseline 0 -19"><span class='ocrx_word' id='word_1_240' title='bbox 277 2677 363 2740; x_wconf 90' lang='lat' dir='ltr'>Haec</span> <span class='ocrx_word' id='word_1_241' title='bbox 386 2678 478 2759; x_wconf 80' lang='lat' dir='ltr'>igitpr</span> <span class='ocrx_word' id='word_1_242' title='bbox 501 2697 567 2740; x_wconf 90' lang='lat' dir='ltr'>oum</span> <span class='ocrx_word' id='word_1_243' title='bbox 591 2677 849 2740; x_wconf 86' lang='lat' dir='ltr'>consentientibus</span> <span class='ocrx_word' id='word_1_244' title='bbox 873 2675 1054 2738; x_wconf 90' lang='lat' dir='ltr'>testimoniis</span> <span class='ocrx_word' id='word_1_245' title='bbox 1086 2675 1178 2737; x_wconf 90' lang='lat' dir='ltr'>etiam</span> <span class='ocrx_word' id='word_1_246' title='bbox 1206 2675 1257 2737; x_wconf 88' lang='lat' dir='ltr'>alii</span> <span class='ocrx_word' id='word_1_247' title='bbox 1281 2678 1318 2738; x_wconf 90' lang='lat' dir='ltr'>de</span> <span class='ocrx_word' id='word_1_248' title='bbox 1344 2678 1448 2740; x_wconf 85' lang='lat' dir='ltr'>Lunae</span> <span class='ocrx_word' id='word_1_249' title='bbox 1471 2696 1540 2740; x_wconf 91' lang='lat' dir='ltr'>cor-</span> 
     </span>
     <span class='ocr_line' id='line_1_28' title="bbox 188 2765 1540 2846; baseline 0.001 -20"><span class='ocrx_word' id='word_1_250' title='bbox 188 2785 261 2846; x_wconf 93' lang='lat' dir='ltr'>pore</span> <span class='ocrx_word' id='word_1_251' title='bbox 276 2775 460 2841; x_wconf 89' lang='lat' dir='ltr'>asseverent,</span> <span class='ocrx_word' id='word_1_252' title='bbox 485 2773 690 2830; x_wconf 89' lang='lat' dir='ltr'>consentanea</span> <span class='ocrx_word' id='word_1_253' title='bbox 713 2766 759 2841; x_wconf 87' lang='lat' dir='ltr'>iis,</span> <span class='ocrx_word' id='word_1_254' title='bbox 785 2786 860 2846; x_wconf 90' lang='lat' dir='ltr'>quae</span> <span class='ocrx_word' id='word_1_255' title='bbox 876 2773 910 2828; x_wconf 89' lang='lat' dir='ltr'>tu</span> <span class='ocrx_word' id='word_1_256' title='bbox 934 2765 970 2825; x_wconf 92' lang='lat' dir='ltr'>de</span> <span class='ocrx_word' id='word_1_257' title='bbox 995 2765 1100 2826; x_wconf 88' lang='lat' dir='ltr'>eodem</span> <span class='ocrx_word' id='word_1_258' title='bbox 1115 2765 1203 2844; x_wconf 88' lang='lat' dir='ltr'>longe</span> <span class='ocrx_word' id='word_1_259' title='bbox 1218 2765 1435 2829; x_wconf 87' lang='lat' dir='ltr'>dilucidissima</span> <span class='ocrx_word' id='word_1_260' title='bbox 1450 2768 1540 2830; x_wconf 85' lang='lat' dir='ltr'>affers</span> 
     </span>
     <span class='ocr_line' id='line_1_29' title="bbox 189 2852 1539 2934; baseline 0.003 -20"><span class='ocrx_word' id='word_1_261' title='bbox 189 2855 415 2934; x_wconf 86' lang='lat' dir='ltr'>experimenta:</span> <span class='ocrx_word' id='word_1_262' title='bbox 446 2864 564 2918; x_wconf 90' lang='lat' dir='ltr'>tantum</span> <span class='ocrx_word' id='word_1_263' title='bbox 595 2857 684 2918; x_wconf 88' lang='lat' dir='ltr'>abest</span> <span class='ocrx_word' id='word_1_264' title='bbox 710 2863 745 2917; x_wconf 91' lang='lat' dir='ltr'>ut</span> <span class='ocrx_word' id='word_1_265' title='bbox 766 2855 853 2916; x_wconf 85' lang='lat' dir='ltr'>fidem</span> <span class='ocrx_word' id='word_1_266' title='bbox 877 2854 934 2915; x_wconf 91' lang='lat' dir='ltr'>tibi</span> <span class='ocrx_word' id='word_1_267' title='bbox 956 2853 986 2914; x_wconf 91' lang='lat' dir='ltr'>in</span> <span class='ocrx_word' id='word_1_268' title='bbox 1015 2853 1128 2933; x_wconf 89' lang='lat' dir='ltr'>reliquo</span> <span class='ocrx_word' id='word_1_269' title='bbox 1152 2854 1228 2916; x_wconf 93' lang='lat' dir='ltr'>libro</span> <span class='ocrx_word' id='word_1_270' title='bbox 1252 2863 1284 2916; x_wconf 89' lang='lat' dir='ltr'>st</span> <span class='ocrx_word' id='word_1_271' title='bbox 1306 2854 1344 2917; x_wconf 91' lang='lat' dir='ltr'>de</span> <span class='ocrx_word' id='word_1_272' title='bbox 1366 2852 1388 2918; x_wconf 83' lang='grc'>4</span> <span class='ocrx_word' id='word_1_273' title='bbox 1412 2855 1539 2918; x_wconf 86' lang='lat' dir='ltr'>circum-</span> 
     </span>
     <span class='ocr_line' id='line_1_30' title="bbox 188 2942 1539 3025; baseline 0.001 -21"><span class='ocrx_word' id='word_1_274' title='bbox 188 2942 358 3006; x_wconf 86' lang='lat' dir='ltr'>Jovielibus</span> <span class='ocrx_word' id='word_1_275' title='bbox 390 2945 521 3025; x_wconf 87' lang='lat' dir='ltr'>planetis</span> <span class='ocrx_word' id='word_1_276' title='bbox 559 2945 719 3023; x_wconf 86' lang='lat' dir='ltr'>derogem,</span> <span class='ocrx_word' id='word_1_277' title='bbox 752 2951 786 3006; x_wconf 93' lang='lat' dir='ltr'>nt</span> <span class='ocrx_word' id='word_1_278' title='bbox 812 2943 914 3023; x_wconf 88' lang='lat' dir='ltr'>potios</span> <span class='ocrx_word' id='word_1_279' title='bbox 937 2949 1055 3020; x_wconf 91' lang='lat' dir='ltr'>optem,</span> <span class='ocrx_word' id='word_1_280' title='bbox 1087 2943 1159 3004; x_wconf 91' lang='lat' dir='ltr'>mibi</span> <span class='ocrx_word' id='word_1_281' title='bbox 1191 2944 1220 3006; x_wconf 93' lang='lat' dir='ltr'>in</span> <span class='ocrx_word' id='word_1_282' title='bbox 1254 2952 1362 3022; x_wconf 89' lang='lat' dir='ltr'>parato</span> <span class='ocrx_word' id='word_1_283' title='bbox 1381 2945 1446 3025; x_wconf 93' lang='lat' dir='ltr'>jam</span> <span class='ocrx_word' id='word_1_284' title='bbox 1471 2964 1539 3006; x_wconf 88' lang='lat' dir='ltr'>esse</span> 
     </span>
     <span class='ocr_line' id='line_1_31' title="bbox 186 3031 1537 3115; baseline 0 -21"><span class='ocrx_word' id='word_1_285' title='bbox 186 3032 399 3115; x_wconf 88' lang='lat' dir='ltr'>perspicillum,</span> <span class='ocrx_word' id='word_1_286' title='bbox 423 3052 480 3113; x_wconf 93' lang='lat' dir='ltr'>quo</span> <span class='ocrx_word' id='word_1_287' title='bbox 503 3041 534 3096; x_wconf 89' lang='lat' dir='ltr'>te</span> <span class='ocrx_word' id='word_1_288' title='bbox 558 3034 588 3095; x_wconf 93' lang='lat' dir='ltr'>in</span> <span class='ocrx_word' id='word_1_289' title='bbox 604 3033 862 3114; x_wconf 89' lang='lat' dir='ltr'>deprehendendis</span> <span class='ocrx_word' id='word_1_290' title='bbox 878 3031 1199 3114; x_wconf 84' lang='lat' dir='ltr'>circum-Martialibus</span> <span class='ocrx_word' id='word_1_291' title='bbox 1219 3033 1267 3106; x_wconf 90' lang='lat' dir='ltr'>(nt</span> <span class='ocrx_word' id='word_1_292' title='bbox 1289 3033 1362 3094; x_wconf 90' lang='lat' dir='ltr'>mihi</span> <span class='ocrx_word' id='word_1_293' title='bbox 1385 3034 1537 3113; x_wconf 89' lang='lat' dir='ltr'>proportio</span> 
     </span>
     <span class='ocr_line' id='line_1_32' title="bbox 185 3116 1537 3209; baseline 0.003 -29"><span class='ocrx_word' id='word_1_294' title='bbox 185 3123 306 3184; x_wconf 87' lang='lat' dir='ltr'>videtur</span> <span class='ocrx_word' id='word_1_295' title='bbox 337 3121 504 3202; x_wconf 86' lang='lat' dir='ltr'>requirere)</span> <span class='ocrx_word' id='word_1_296' title='bbox 537 3122 670 3198; x_wconf 88' lang='lat' dir='ltr'>duobus,</span> <span class='ocrx_word' id='word_1_297' title='bbox 704 3129 735 3200; x_wconf 88' lang='lat' dir='ltr'>et</span> <span class='ocrx_word' id='word_1_298' title='bbox 767 3118 1049 3184; x_wconf 87' lang='lat' dir='ltr'>circum-Saturniis</span> <span class='ocrx_word' id='word_1_299' title='bbox 1072 3116 1093 3209; x_wconf 91' lang='grc'><strong>6</strong></span> <span class='ocrx_word' id='word_1_300' title='bbox 1115 3121 1164 3182; x_wconf 88' lang='lat' dir='ltr'>vel</span> <span class='ocrx_word' id='word_1_301' title='bbox 1188 3117 1209 3182; x_wconf 89' lang='lat'>8</span> <span class='ocrx_word' id='word_1_302' title='bbox 1236 3129 1447 3201; x_wconf 86' lang='lat' dir='ltr'>praevertam,</span> <span class='ocrx_word' id='word_1_303' title='bbox 1479 3142 1537 3184; x_wconf 91' lang='lat' dir='ltr'>uno</span> 
     </span>
     <span class='ocr_line' id='line_1_33' title="bbox 186 3203 1539 3281; baseline 0.001 -10"><span class='ocrx_word' id='word_1_304' title='bbox 186 3211 289 3272; x_wconf 88' lang='lat' dir='ltr'>lorsan</span> <span class='ocrx_word' id='word_1_305' title='bbox 323 3220 354 3272; x_wconf 89' lang='lat' dir='ltr'>et</span> <span class='ocrx_word' id='word_1_306' title='bbox 378 3213 474 3274; x_wconf 90' lang='lat' dir='ltr'>altero</span> <span class='ocrx_word' id='word_1_307' title='bbox 498 3211 776 3274; x_wconf 86' lang='lat' dir='ltr'>circum-Venerio</span> <span class='ocrx_word' id='word_1_308' title='bbox 807 3218 838 3271; x_wconf 93' lang='lat' dir='ltr'>et</span> <span class='ocrx_word' id='word_1_309' title='bbox 871 3207 1192 3271; x_wconf 84' lang='lat' dir='ltr'>circum-Mercuriali</span> <span class='ocrx_word' id='word_1_310' title='bbox 1224 3203 1392 3274; x_wconf 81' lang='lat' dir='ltr'>acoes&#39;suro.</span> <span class='ocrx_word' id='word_1_311' title='bbox 1439 3210 1539 3281; x_wconf 84' lang='lat' dir='ltr'>Quam</span> 
     </span>
     <span class='ocr_line' id='line_1_34' title="bbox 186 3297 1539 3381; baseline -0.001 -20"><span class='ocrx_word' id='word_1_312' title='bbox 186 3298 226 3361; x_wconf 90' lang='lat' dir='ltr'>ad</span> <span class='ocrx_word' id='word_1_313' title='bbox 248 3308 433 3374; x_wconf 88' lang='lat' dir='ltr'>venaturam,</span> <span class='ocrx_word' id='word_1_314' title='bbox 460 3301 539 3381; x_wconf 92' lang='lat' dir='ltr'>quod</span> <span class='ocrx_word' id='word_1_315' title='bbox 562 3301 692 3362; x_wconf 89' lang='lat' dir='ltr'>Martem</span> <span class='ocrx_word' id='word_1_316' title='bbox 715 3299 840 3373; x_wconf 89' lang='lat' dir='ltr'>attinet,</span> <span class='ocrx_word' id='word_1_317' title='bbox 863 3307 982 3377; x_wconf 90' lang='lat' dir='ltr'>tempus</span> <span class='ocrx_word' id='word_1_318' title='bbox 1006 3297 1064 3358; x_wconf 91' lang='lat' dir='ltr'>crit</span> <span class='ocrx_word' id='word_1_319' title='bbox 1087 3298 1215 3360; x_wconf 88' lang='lat' dir='ltr'>maxime</span> <span class='ocrx_word' id='word_1_320' title='bbox 1240 3299 1379 3361; x_wconf 90' lang='lat' dir='ltr'>idoneum</span> <span class='ocrx_word' id='word_1_321' title='bbox 1403 3298 1539 3363; x_wconf 88' lang='lat' dir='ltr'>October</span> 
     </span>
     <span class='ocr_line' id='line_1_35' title="bbox 186 3384 1537 3470; baseline 0.004 -23"><span class='ocrx_word' id='word_1_322' title='bbox 186 3397 339 3464; x_wconf 89' lang='lat' dir='ltr'>venturus,</span> <span class='ocrx_word' id='word_1_323' title='bbox 365 3389 414 3470; x_wconf 91' lang='lat' dir='ltr'>qni</span> <span class='ocrx_word' id='word_1_324' title='bbox 429 3389 559 3451; x_wconf 89' lang='lat' dir='ltr'>Martem</span> <span class='ocrx_word' id='word_1_325' title='bbox 575 3389 604 3451; x_wconf 89' lang='lat' dir='ltr'>in</span> <span class='ocrx_word' id='word_1_326' title='bbox 621 3389 759 3468; x_wconf 89' lang='lat' dir='ltr'>opposito</span> <span class='ocrx_word' id='word_1_327' title='bbox 774 3387 855 3450; x_wconf 88' lang='lat' dir='ltr'>Solis</span> <span class='ocrx_word' id='word_1_328' title='bbox 871 3386 1002 3457; x_wconf 87' lang='lat' dir='ltr'>exhibet,</span> <span class='ocrx_word' id='word_1_329' title='bbox 1026 3387 1127 3449; x_wconf 89' lang='lat' dir='ltr'>Terris</span> <span class='ocrx_word' id='word_1_330' title='bbox 1152 3389 1373 3468; x_wconf 88' lang='lat' dir='ltr'>(praeterquam</span> <span class='ocrx_word' id='word_1_331' title='bbox 1390 3409 1417 3449; x_wconf 87' lang='lat' dir='ltr'>a.</span> <span class='ocrx_word' id='word_1_332' title='bbox 1437 3384 1537 3462; x_wconf 87' lang='grc'><strong>1608)</strong></span> 
     </span>
     <span class='ocr_line' id='line_1_36' title="bbox 187 3475 1164 3557; baseline 0.002 -21"><span class='ocrx_word' id='word_1_333' title='bbox 187 3479 317 3539; x_wconf 89' lang='lat' dir='ltr'>omnium</span> <span class='ocrx_word' id='word_1_334' title='bbox 341 3477 518 3557; x_wconf 89' lang='lat' dir='ltr'>proximum,</span> <span class='ocrx_word' id='word_1_335' title='bbox 542 3496 640 3540; x_wconf 90' lang='lat' dir='ltr'>errore</span> <span class='ocrx_word' id='word_1_336' title='bbox 664 3477 770 3539; x_wconf 89' lang='lat' dir='ltr'>calculi</span> <span class='ocrx_word' id='word_1_337' title='bbox 795 3475 814 3540; x_wconf 89' lang='lat'>3</span> <span class='ocrx_word' id='word_1_338' title='bbox 839 3477 967 3556; x_wconf 90' lang='lat' dir='ltr'>amplius</span> <span class='ocrx_word' id='word_1_339' title='bbox 989 3477 1164 3554; x_wconf 82' lang='lat' dir='ltr'>graduum·</span> 
     </span>
    </p>

    <p class='ocr_par' dir='ltr' id='par_1_11' title="bbox 146 3563 1534 3645">
     <span class='ocr_line' id='line_1_37' title="bbox 146 3563 1534 3645; baseline 0.001 -23"><span class='ocrx_word' id='word_1_340' title='bbox 146 3617 148 3622; x_wconf 90' lang='lat'><em>.</em></span> <span class='ocrx_word' id='word_1_341' title='bbox 276 3567 342 3645; x_wconf 86' lang='lat' dir='ltr'>Age</span> <span class='ocrx_word' id='word_1_342' title='bbox 366 3565 457 3644; x_wconf 84' lang='lat' dir='ltr'>igitur</span> <span class='ocrx_word' id='word_1_343' title='bbox 479 3575 514 3629; x_wconf 93' lang='lat' dir='ltr'>ut</span> <span class='ocrx_word' id='word_1_344' title='bbox 536 3568 573 3628; x_wconf 91' lang='lat' dir='ltr'>de</span> <span class='ocrx_word' id='word_1_345' title='bbox 597 3567 686 3628; x_wconf 91' lang='lat' dir='ltr'>rebus</span> <span class='ocrx_word' id='word_1_346' title='bbox 719 3566 895 3628; x_wconf 87' lang='lat' dir='ltr'>certissimis</span> <span class='ocrx_word' id='word_1_347' title='bbox 928 3563 1061 3645; x_wconf 90' lang='lat' dir='ltr'>meisque</span> <span class='ocrx_word' id='word_1_348' title='bbox 1094 3565 1197 3639; x_wconf 87' lang='lat' dir='ltr'>oculis,</span> <span class='ocrx_word' id='word_1_349' title='bbox 1222 3572 1256 3626; x_wconf 89' lang='lat' dir='ltr'>nt</span> <span class='ocrx_word' id='word_1_350' title='bbox 1286 3563 1406 3626; x_wconf 84' lang='lat' dir='ltr'>omnino</span> <span class='ocrx_word' id='word_1_351' title='bbox 1436 3582 1534 3643; x_wconf 89' lang='lat' dir='ltr'>spero,</span> 
     </span>
    </p>

    <p class='ocr_par' dir='ltr' id='par_1_12' title="bbox 182 3652 1536 4179">
     <span class='ocr_line' id='line_1_38' title="bbox 185 3652 1536 3733; baseline -0.001 -20"><span class='ocrx_word' id='word_1_352' title='bbox 185 3653 323 3715; x_wconf 89' lang='lat' dir='ltr'>videndis</span> <span class='ocrx_word' id='word_1_353' title='bbox 346 3661 445 3716; x_wconf 88' lang='lat' dir='ltr'>tecum</span> <span class='ocrx_word' id='word_1_354' title='bbox 469 3653 608 3716; x_wconf 87' lang='lat' dir='ltr'>Galilaee</span> <span class='ocrx_word' id='word_1_355' title='bbox 632 3674 798 3718; x_wconf 86' lang='lat' dir='ltr'>sermonem</span> <span class='ocrx_word' id='word_1_356' title='bbox 832 3654 1003 3727; x_wconf 80' lang='lat' dir='ltr'>conferam3</span> <span class='ocrx_word' id='word_1_357' title='bbox 1035 3654 1079 3715; x_wconf 88' lang='lat' dir='ltr'>tui</span> <span class='ocrx_word' id='word_1_358' title='bbox 1113 3655 1231 3733; x_wconf 88' lang='lat' dir='ltr'>quidam</span> <span class='ocrx_word' id='word_1_359' title='bbox 1263 3653 1331 3716; x_wconf 89' lang='lat' dir='ltr'>libri</span> <span class='ocrx_word' id='word_1_360' title='bbox 1363 3652 1536 3714; x_wconf 89' lang='lat' dir='ltr'>methodum</span> 
     </span>
     <span class='ocr_line' id='line_1_39' title="bbox 186 3739 1535 3824; baseline -0.002 -21"><span class='ocrx_word' id='word_1_361' title='bbox 186 3747 353 3817; x_wconf 84' lang='lat' dir='ltr'>secuturus,</span> <span class='ocrx_word' id='word_1_362' title='bbox 378 3761 481 3804; x_wconf 90' lang='lat' dir='ltr'>omnes</span> <span class='ocrx_word' id='word_1_363' title='bbox 505 3763 576 3806; x_wconf 92' lang='lat' dir='ltr'>vero</span> <span class='ocrx_word' id='word_1_364' title='bbox 599 3744 808 3824; x_wconf 87' lang='lat' dir='ltr'>philosophiae</span> <span class='ocrx_word' id='word_1_365' title='bbox 839 3749 960 3823; x_wconf 86' lang='lat' dir='ltr'>partes,</span> <span class='ocrx_word' id='word_1_366' title='bbox 996 3760 1072 3822; x_wconf 90' lang='lat' dir='ltr'>quae</span> <span class='ocrx_word' id='word_1_367' title='bbox 1105 3743 1154 3804; x_wconf 91' lang='lat' dir='ltr'>vel</span> <span class='ocrx_word' id='word_1_368' title='bbox 1185 3762 1223 3804; x_wconf 86' lang='lat' dir='ltr'>ex</span> <span class='ocrx_word' id='word_1_369' title='bbox 1254 3742 1311 3803; x_wconf 91' lang='lat' dir='ltr'>hoc</span> <span class='ocrx_word' id='word_1_370' title='bbox 1344 3749 1395 3802; x_wconf 90' lang='lat' dir='ltr'>tuo</span> <span class='ocrx_word' id='word_1_371' title='bbox 1427 3739 1535 3802; x_wconf 86' lang='lat' dir='ltr'>nuncio</span> 
     </span>
     <span class='ocr_line' id='line_1_40' title="bbox 184 3831 1536 3910; baseline -0.004 -16"><span class='ocrx_word' id='word_1_372' title='bbox 184 3833 301 3894; x_wconf 90' lang='lat' dir='ltr'>ruinam</span> <span class='ocrx_word' id='word_1_373' title='bbox 323 3831 474 3894; x_wconf 91' lang='lat' dir='ltr'>minantur</span> <span class='ocrx_word' id='word_1_374' title='bbox 496 3833 544 3894; x_wconf 85' lang='lat' dir='ltr'>vel</span> <span class='ocrx_word' id='word_1_375' title='bbox 574 3834 785 3895; x_wconf 86' lang='lat' dir='ltr'>confirmantur</span> <span class='ocrx_word' id='word_1_376' title='bbox 807 3832 857 3893; x_wconf 86' lang='lat' dir='ltr'>vel</span> <span class='ocrx_word' id='word_1_377' title='bbox 887 3831 1084 3910; x_wconf 84' lang='lat' dir='ltr'>explicantur,</span> <span class='ocrx_word' id='word_1_378' title='bbox 1108 3831 1198 3910; x_wconf 89' lang='lat' dir='ltr'>juxta</span> <span class='ocrx_word' id='word_1_379' title='bbox 1228 3836 1467 3910; x_wconf 83' lang='lat' dir='ltr'>pervagaturus:</span> <span class='ocrx_word' id='word_1_380' title='bbox 1502 3835 1536 3890; x_wconf 94' lang='lat' dir='ltr'>ut</span> 
     </span>
     <span class='ocr_line' id='line_1_41' title="bbox 182 3917 1534 4002; baseline -0.004 -21"><span class='ocrx_word' id='word_1_381' title='bbox 182 3920 256 3983; x_wconf 92' lang='lat' dir='ltr'>nihil</span> <span class='ocrx_word' id='word_1_382' title='bbox 281 3921 413 4000; x_wconf 89' lang='lat' dir='ltr'>supersit</span> <span class='ocrx_word' id='word_1_383' title='bbox 437 3922 516 4002; x_wconf 91' lang='lat' dir='ltr'>quod</span> <span class='ocrx_word' id='word_1_384' title='bbox 538 3921 682 3984; x_wconf 91' lang='lat' dir='ltr'>lectorem</span> <span class='ocrx_word' id='word_1_385' title='bbox 706 3920 913 4001; x_wconf 89' lang='lat' dir='ltr'>philosophiae</span> <span class='ocrx_word' id='word_1_386' title='bbox 937 3919 1069 3980; x_wconf 87' lang='lat' dir='ltr'>deditum</span> <span class='ocrx_word' id='word_1_387' title='bbox 1098 3937 1275 3998; x_wconf 89' lang='lat' dir='ltr'>suspensum</span> <span class='ocrx_word' id='word_1_388' title='bbox 1305 3924 1409 3979; x_wconf 91' lang='lat' dir='ltr'>teneat</span> <span class='ocrx_word' id='word_1_389' title='bbox 1431 3922 1463 3978; x_wconf 89' lang='lat' dir='ltr'>et</span> <span class='ocrx_word' id='word_1_390' title='bbox 1486 3917 1534 3976; x_wconf 91' lang='lat' dir='ltr'>vel</span> 
     </span>
     <span class='ocr_line' id='line_1_42' title="bbox 182 4007 1535 4091; baseline -0.004 -21"><span class='ocrx_word' id='word_1_391' title='bbox 182 4031 201 4070; x_wconf 90' lang='lat' dir='ltr'>a</span> <span class='ocrx_word' id='word_1_392' title='bbox 224 4009 282 4071; x_wconf 88' lang='lat' dir='ltr'>fide</span> <span class='ocrx_word' id='word_1_393' title='bbox 306 4009 362 4070; x_wconf 92' lang='lat' dir='ltr'>tibi</span> <span class='ocrx_word' id='word_1_394' title='bbox 384 4011 570 4089; x_wconf 88' lang='lat' dir='ltr'>perhibenda</span> <span class='ocrx_word' id='word_1_395' title='bbox 592 4011 753 4091; x_wconf 90' lang='lat' dir='ltr'>prohibeat</span> <span class='ocrx_word' id='word_1_396' title='bbox 775 4011 824 4072; x_wconf 92' lang='lat' dir='ltr'>vel</span> <span class='ocrx_word' id='word_1_397' title='bbox 847 4010 887 4070; x_wconf 89' lang='lat' dir='ltr'>ad</span> <span class='ocrx_word' id='word_1_398' title='bbox 909 4007 1173 4084; x_wconf 88' lang='lat' dir='ltr'>contemnendam,</span> <span class='ocrx_word' id='word_1_399' title='bbox 1198 4027 1274 4089; x_wconf 89' lang='lat' dir='ltr'>quae</span> <span class='ocrx_word' id='word_1_400' title='bbox 1297 4007 1444 4068; x_wconf 88' lang='lat' dir='ltr'>hactenus</span> <span class='ocrx_word' id='word_1_401' title='bbox 1468 4011 1535 4065; x_wconf 91' lang='lat' dir='ltr'>erat</span> 
     </span>
     <span class='ocr_line' id='line_1_43' title="bbox 183 4098 757 4179; baseline 0.003 -20"><span class='ocrx_word' id='word_1_402' title='bbox 183 4098 212 4160; x_wconf 92' lang='lat' dir='ltr'>in</span> <span class='ocrx_word' id='word_1_403' title='bbox 235 4098 343 4178; x_wconf 90' lang='lat' dir='ltr'>pretio,</span> <span class='ocrx_word' id='word_1_404' title='bbox 368 4099 588 4178; x_wconf 90' lang='lat' dir='ltr'>philosophiam</span> <span class='ocrx_word' id='word_1_405' title='bbox 612 4099 757 4179; x_wconf 89' lang='lat' dir='ltr'>impellat.</span> 
     </span>
    </p>

    <p class='ocr_par' dir='ltr' id='par_1_13' title="bbox 124 4179 1532 4881">
     <span class='ocr_line' id='line_1_44' title="bbox 269 4179 1531 4269; baseline -0.005 -21"><span class='ocrx_word' id='word_1_406' title='bbox 269 4187 401 4250; x_wconf 87' lang='lat' dir='ltr'>Primum</span> <span class='ocrx_word' id='word_1_407' title='bbox 426 4188 518 4250; x_wconf 91' lang='lat' dir='ltr'>libelli</span> <span class='ocrx_word' id='word_1_408' title='bbox 543 4187 585 4250; x_wconf 91' lang='lat' dir='ltr'>tui</span> <span class='ocrx_word' id='word_1_409' title='bbox 610 4196 700 4269; x_wconf 92' lang='lat' dir='ltr'>caput</span> <span class='ocrx_word' id='word_1_410' title='bbox 724 4187 753 4248; x_wconf 91' lang='lat' dir='ltr'>in</span> <span class='ocrx_word' id='word_1_411' title='bbox 779 4185 894 4248; x_wconf 86' lang='lat' dir='ltr'>fabrica</span> <span class='ocrx_word' id='word_1_412' title='bbox 916 4183 1080 4265; x_wconf 91' lang='lat' dir='ltr'>perspicilli</span> <span class='ocrx_word' id='word_1_413' title='bbox 1105 4190 1260 4257; x_wconf 87' lang='lat' dir='ltr'>versatur,</span> <span class='ocrx_word' id='word_1_414' title='bbox 1284 4188 1389 4244; x_wconf 88' lang='lat' dir='ltr'>tantas</span> <span class='ocrx_word' id='word_1_415' title='bbox 1413 4179 1531 4262; x_wconf 88' lang='lat' dir='ltr'>quidem</span> 
     </span>
     <span class='ocr_line' id='line_1_45' title="bbox 124 4270 1530 4356; baseline -0.007 -18"><span class='ocrx_word' id='word_1_416' title='bbox 124 4343 126 4348; x_wconf 68' lang='lat'>,</span> <span class='ocrx_word' id='word_1_417' title='bbox 181 4275 355 4348; x_wconf 89' lang='lat' dir='ltr'>efficaciae,</span> <span class='ocrx_word' id='word_1_418' title='bbox 373 4283 420 4337; x_wconf 83' lang='lat' dir='ltr'>¹ut</span> <span class='ocrx_word' id='word_1_419' title='bbox 443 4295 506 4339; x_wconf 91' lang='lat' dir='ltr'>rem</span> <span class='ocrx_word' id='word_1_420' title='bbox 529 4278 681 4356; x_wconf 88' lang='lat' dir='ltr'>spectanti</span> <span class='ocrx_word' id='word_1_421' title='bbox 703 4276 812 4338; x_wconf 87' lang='lat' dir='ltr'>millies</span> <span class='ocrx_word' id='word_1_422' title='bbox 838 4274 980 4335; x_wconf 87' lang='lat' dir='ltr'>exhibeat</span> <span class='ocrx_word' id='word_1_423' title='bbox 1001 4273 1108 4352; x_wconf 86' lang='lat' dir='ltr'>majori</span> <span class='ocrx_word' id='word_1_424' title='bbox 1132 4271 1274 4352; x_wconf 87' lang='lat' dir='ltr'>planitie,</span> <span class='ocrx_word' id='word_1_425' title='bbox 1300 4271 1379 4352; x_wconf 92' lang='lat' dir='ltr'>quod</span> <span class='ocrx_word' id='word_1_426' title='bbox 1402 4277 1465 4331; x_wconf 91' lang='lat' dir='ltr'>tum</span> <span class='ocrx_word' id='word_1_427' title='bbox 1487 4270 1530 4342; x_wconf 89' lang='lat' dir='ltr'>lit,</span> 
     </span>
     <span class='ocr_line' id='line_1_46' title="bbox 179 4357 1532 4445; baseline -0.004 -21"><span class='ocrx_word' id='word_1_428' title='bbox 179 4364 206 4426; x_wconf 90' lang='lat' dir='ltr'>si</span> <span class='ocrx_word' id='word_1_429' title='bbox 225 4365 372 4427; x_wconf 86' lang='lat' dir='ltr'>diameter</span> <span class='ocrx_word' id='word_1_430' title='bbox 400 4365 503 4426; x_wconf 87' lang='lat' dir='ltr'>tricies</span> <span class='ocrx_word' id='word_1_431' title='bbox 529 4365 574 4426; x_wconf 91' lang='lat' dir='ltr'>bis</span> <span class='ocrx_word' id='word_1_432' title='bbox 598 4371 841 4445; x_wconf 87' lang='lat' dir='ltr'>repraesentetur</span> <span class='ocrx_word' id='word_1_433' title='bbox 863 4361 988 4442; x_wconf 83' lang='lat' dir='ltr'>longior.</span> <span class='ocrx_word' id='word_1_434' title='bbox 1028 4360 1146 4432; x_wconf 79' lang='lat' dir='ltr'>Quodsi</span> <span class='ocrx_word' id='word_1_435' title='bbox 1167 4361 1297 4423; x_wconf 84' lang='lat' dir='ltr'>facultas</span> <span class='ocrx_word' id='word_1_436' title='bbox 1323 4357 1532 4422; x_wconf 88' lang='lat' dir='ltr'>aestimatoria</span> 
     </span>
     <span class='ocr_line' id='line_1_47' title="bbox 178 4445 1531 4539; baseline -0.005 -24"><span class='ocrx_word' id='word_1_437' title='bbox 178 4460 280 4517; x_wconf 90' lang='lat' dir='ltr'>manet</span> <span class='ocrx_word' id='word_1_438' title='bbox 302 4453 333 4515; x_wconf 91' lang='lat' dir='ltr'>in</span> <span class='ocrx_word' id='word_1_439' title='bbox 357 4453 509 4539; x_wconf 68' lang='lat' dir='ltr'>sententia</span> <span class='ocrx_word' id='word_1_440' title='bbox 539 4461 701 4516; x_wconf 89' lang='lat' dir='ltr'>consuetae</span> <span class='ocrx_word' id='word_1_441' title='bbox 723 4450 951 4532; x_wconf 85' lang='lat' dir='ltr'>magnitudinis,</span> <span class='ocrx_word' id='word_1_442' title='bbox 980 4469 1105 4512; x_wconf 86' lang='lat' dir='ltr'>necesse</span> <span class='ocrx_word' id='word_1_443' title='bbox 1129 4459 1178 4512; x_wconf 89' lang='lat' dir='ltr'>est</span> <span class='ocrx_word' id='word_1_444' title='bbox 1200 4447 1228 4511; x_wconf 91' lang='lat' dir='ltr'>ei</span> <span class='ocrx_word' id='word_1_445' title='bbox 1251 4457 1323 4512; x_wconf 91' lang='lat' dir='ltr'>tunc</span> <span class='ocrx_word' id='word_1_446' title='bbox 1350 4467 1413 4512; x_wconf 91' lang='lat' dir='ltr'>rem</span> <span class='ocrx_word' id='word_1_447' title='bbox 1436 4445 1531 4508; x_wconf 89' lang='lat' dir='ltr'>videri</span> 
     </span>
     <span class='ocr_line' id='line_1_48' title="bbox 177 4536 1532 4623; baseline -0.005 -20"><span class='ocrx_word' id='word_1_448' title='bbox 177 4543 281 4606; x_wconf 88' lang='lat' dir='ltr'>tricies</span> <span class='ocrx_word' id='word_1_449' title='bbox 303 4541 351 4604; x_wconf 91' lang='lat' dir='ltr'>bis</span> <span class='ocrx_word' id='word_1_450' title='bbox 374 4541 556 4623; x_wconf 88' lang='lat' dir='ltr'>propiorem.</span> <span class='ocrx_word' id='word_1_451' title='bbox 603 4541 790 4605; x_wconf 89' lang='lat' dir='ltr'>Distantiam</span> <span class='ocrx_word' id='word_1_452' title='bbox 814 4541 892 4603; x_wconf 90' lang='lat' dir='ltr'>enirn</span> <span class='ocrx_word' id='word_1_453' title='bbox 915 4539 1018 4604; x_wconf 87' lang='lat' dir='ltr'>oculus</span> <span class='ocrx_word' id='word_1_454' title='bbox 1041 4557 1099 4600; x_wconf 77' lang='lat' dir='ltr'>non</span> <span class='ocrx_word' id='word_1_455' title='bbox 1122 4539 1225 4611; x_wconf 91' lang='lat' dir='ltr'>videt,</span> <span class='ocrx_word' id='word_1_456' title='bbox 1255 4539 1309 4600; x_wconf 90' lang='lat' dir='ltr'>sed</span> <span class='ocrx_word' id='word_1_457' title='bbox 1331 4536 1474 4618; x_wconf 88' lang='lat' dir='ltr'>conjicit,</span> <span class='ocrx_word' id='word_1_458' title='bbox 1498 4542 1532 4597; x_wconf 91' lang='lat' dir='ltr'>ut</span> 
     </span>
     <span class='ocr_line' id='line_1_49' title="bbox 179 4623 1531 4712; baseline -0.004 -22"><span class='ocrx_word' id='word_1_459' title='bbox 179 4629 287 4693; x_wconf 91' lang='lat' dir='ltr'>docent</span> <span class='ocrx_word' id='word_1_460' title='bbox 310 4629 412 4712; x_wconf 91' lang='lat' dir='ltr'>optici.</span> <span class='ocrx_word' id='word_1_461' title='bbox 460 4630 520 4693; x_wconf 74' lang='lat' dir='ltr'>Da&#39;</span> <span class='ocrx_word' id='word_1_462' title='bbox 541 4629 619 4694; x_wconf 91' lang='lat' dir='ltr'>enim</span> <span class='ocrx_word' id='word_1_463' title='bbox 650 4629 809 4692; x_wconf 89' lang='lat' dir='ltr'>hominem&#39;</span> <span class='ocrx_word' id='word_1_464' title='bbox 832 4629 961 4709; x_wconf 90' lang='lat' dir='ltr'>aliquem</span> <span class='ocrx_word' id='word_1_465' title='bbox 992 4629 1101 4690; x_wconf 89' lang='lat' dir='ltr'>abesse</span> <span class='ocrx_word' id='word_1_466' title='bbox 1132 4625 1219 4692; x_wconf 81' lang='lat'>3200</span> <span class='ocrx_word' id='word_1_467' title='bbox 1242 4625 1402 4707; x_wconf 87' lang='lat' dir='ltr'>passibus,</span> <span class='ocrx_word' id='word_1_468' title='bbox 1436 4623 1531 4686; x_wconf 91' lang='lat' dir='ltr'>videri</span> 
     </span>
     <span class='ocr_line' id='line_1_50' title="bbox 178 4713 1530 4800; baseline -0.001 -24"><span class='ocrx_word' id='word_1_469' title='bbox 178 4731 249 4780; x_wconf 87' lang='lat' dir='ltr'>vero</span> <span class='ocrx_word' id='word_1_470' title='bbox 273 4719 329 4782; x_wconf 85' lang='lat' dir='ltr'>s&#39;ub</span> <span class='ocrx_word' id='word_1_471' title='bbox 352 4719 463 4798; x_wconf 81' lang='lat' dir='ltr'>angulo</span> <span class='ocrx_word' id='word_1_472' title='bbox 488 4717 531 4784; x_wconf 81' lang='lat'>32</span> <span class='ocrx_word' id='word_1_473' title='bbox 554 4721 675 4800; x_wconf 87' lang='lat' dir='ltr'>maj0ri‚</span> <span class='ocrx_word' id='word_1_474' title='bbox 701 4737 790 4800; x_wconf 91' lang='lat' dir='ltr'>qnam</span> <span class='ocrx_word' id='word_1_475' title='bbox 812 4718 930 4780; x_wconf 90' lang='lat' dir='ltr'>videtur</span> <span class='ocrx_word' id='word_1_476' title='bbox 954 4717 1030 4778; x_wconf 89' lang='lat' dir='ltr'>alins</span> <span class='ocrx_word' id='word_1_477' title='bbox 1054 4717 1119 4779; x_wconf 87' lang='lat' dir='ltr'>sine</span> <span class='ocrx_word' id='word_1_478' title='bbox 1142 4713 1316 4796; x_wconf 88' lang='lat' dir='ltr'>perspicillo</span> <span class='ocrx_word' id='word_1_479' title='bbox 1342 4713 1405 4779; x_wconf 85' lang='lat'>100</span> <span class='ocrx_word' id='word_1_480' title='bbox 1427 4713 1530 4794; x_wconf 88' lang='lat' dir='ltr'>passi-</span> 
     </span>
     <span class='ocr_line' id='line_1_51' title="bbox 177 4803 1529 4881; baseline -0.001 -13"><span class='ocrx_word' id='word_1_481' title='bbox 177 4805 233 4870; x_wconf 90' lang='lat' dir='ltr'>bus</span> <span class='ocrx_word' id='word_1_482' title='bbox 264 4805 394 4871; x_wconf 86' lang='lat' dir='ltr'>absens:</span> <span class='ocrx_word' id='word_1_483' title='bbox 428 4825 494 4870; x_wconf 90' lang='lat' dir='ltr'>cum</span> <span class='ocrx_word' id='word_1_484' title='bbox 518 4817 633 4873; x_wconf 90' lang='lat' dir='ltr'>certum</span> <span class='ocrx_word' id='word_1_485' title='bbox 665 4805 778 4871; x_wconf 85' lang='lat' dir='ltr'>habeat</span> <span class='ocrx_word' id='word_1_486' title='bbox 809 4806 932 4881; x_wconf 88' lang='lat' dir='ltr'>oculos,</span> <span class='ocrx_word' id='word_1_487' title='bbox 965 4805 1115 4870; x_wconf 89' lang='lat' dir='ltr'>hominem</span> <span class='ocrx_word' id='word_1_488' title='bbox 1138 4805 1223 4870; x_wconf 90' lang='lat' dir='ltr'>illum</span> <span class='ocrx_word' id='word_1_489' title='bbox 1245 4812 1393 4868; x_wconf 88' lang='lat' dir='ltr'>remotum</span> <span class='ocrx_word' id='word_1_490' title='bbox 1417 4803 1529 4868; x_wconf 87' lang='lat' dir='ltr'>habere</span> 
     </span>
    </p>
   </div>
   <div class='ocr_carea' id='block_1_7' title="bbox 0 0 1852 5528">
    <p class='ocr_par' dir='ltr' id='par_1_14' title="bbox 0 0 1852 5528">
     <span class='ocr_line' id='line_1_52' title="bbox 0 0 1852 5528; baseline 0 7"><span class='ocrx_word' id='word_1_491' title='bbox 0 0 1852 5528; x_wconf 95' lang='lat' dir='ltr'> </span> 
     </span>
    </p>
   </div>
  </div>
 </body>
</html>
