3718 5528
308 258 374 330 322
799 267 973 318 musaeum
991 263 1053 316 rur
1072 263 1171 332 opaea

399 441 540 506 Mercurii
563 442 633 505 nodi
655 443 684 504 in
700 443 791 506 Tauri
811 449 843 505 et
857 441 1030 524 Scorpionis
1054 441 1199 524 principio
1223 443 1271 504 vel
1286 441 1403 504 Arietis
1426 448 1458 505 et
1475 441 1590 506 Librae
1609 444 1667 505 dne

310 537 396 606 eunt,
430 539 614 612 possuntque
644 532 732 593 hodie
761 553 797 594 ac
828 533 889 594 iere
926 534 1063 595 omnibus
1099 532 1284 610 temporibus
1317 532 1473 611 planetam
1502 533 1581 594 hunc
1603 531 1668 594 sub

311 619 414 682 Solem
437 620 587 682 invehere.
635 618 702 690 Quo
726 621 822 682 miuus
846 621 1021 696 mirandum,
1048 621 1178 702 quodie
1202 621 1267 682 vita
1286 619 1390 684 Caroli
1409 619 1514 699 Magni
1538 619 1667 702 legimus

310 709 348 770 ad
374 727 481 769 annum
504 705 579 772 807.
605 718 781 771 annotatum
805 710 853 771 his
882 711 999 773 verbis:
1026 719 1117 775 Stella
1137 719 1267 774 Mercurii
1290 721 1334 774 16.
1351 719 1411 773 Cal.
1426 719 1518 789 April.
1540 720 1603 773 risa
1625 726 1671 774 est

308 800 337 856 in
357 799 422 854 Sele
442 798 521 870 quasi
541 815 631 870 parva
659 802 770 855 macula
790 801 889 873 nigra:
920 809 1014 856 tamen
1039 801 1123 872 paulo
1149 799 1276 870 superins
1306 799 1395 854 medic
1421 807 1516 854 eenme
1530 799 1669 870 ejusaem

309 886 424 951 sidens3
446 903 517 959 quae
542 889 659 944 oetotles
683 882 733 950 (ut
755 897 812 958 ego
837 881 904 960 lego
929 881 1066 954 barbare,
1091 898 1149 942 non
1174 887 1243 942 octo
1267 879 1348 952 dies)
1379 905 1398 944 a
1426 888 1505 943 nobis
1534 889 1576 943 ite
1605 905 1669 944 eon·

309 973 408 1102 speot‘a
436 974 508 1102 {Mt
531 969 586 1024 Sed
612 973 720 1040 quando
747 970 864 1041 primum
893 971 1009 1027 intrarit
1033 971 1079 1025 vel
1108 969 1198 1035 exiit,
1228 970 1347 1025 nubibus
1376 968 1589 1040 impedientibus
1614 985 1670 1024 nen

310 1055 388 1120 poem
423 1063 441 1102 a
478 1049 560 1104 nari.

398 1125 515 1189 Auctor
544 1126 746 1189 astronomiae
780 1129 895 1208 peritus
928 1128 997 1202 init,
1029 1127 1109 1208 quod
1141 1134 1269 1209 apparet
1295 1146 1334 1188 ex
1366 1127 1594 1208 consignatione
1622 1134 1671 1190 tol

310 1213 477 1295 eclipsinm,
503 1223 535 1277 et
557 1215 637 1297 quod
660 1215 800 1295 copulam
824 1217 905 1280 Solis
928 1225 961 1279 et
983 1216 1126 1279 Mercurii
1150 1217 1401 1289 calculotenuit,
1426 1237 1464 1280 es
1488 1235 1545 1298 quo
1569 1216 1669 1292 scivit,

310 1303 458 1368 maculam
490 1304 573 1367 illam
607 1322 675 1366 esee
705 1305 896 1370 Mercurium.
950 1306 1057 1369 Annus
1090 1312 1192 1368 tamen
1229 1305 1331 1367 nescio
1366 1323 1423 1386 quo
1455 1325 1528 1368 essu
1561 1303 1670 1368 vitiose

310 1393 500 1472 conscriptus
524 1401 582 1456 est.
627 1393 700 1456 Fuit
723 1395 801 1456 enim
824 1415 903 1458 anno
926 1393 1002 1459 866.
1031 1390 1080 1457 16.
1107 1393 1174 1457 Cal.
1198 1395 1297 1474 April.
1329 1395 1423 1468 (forte
1451 1395 1531 1476 quod
1559 1413 1672 1458 annum

311 1481 506 1545 sPaeehate
539 1482 688 1558 inchoat).
735 1483 815 1546 Nam
843 1485 907 1564 ejus
939 1485 998 1546 diei
1030 1483 1196 1546 meridiana
1223 1484 1298 1546 hora
1324 1483 1355 1544 in
1377 1482 1578 1562 Regiomenta
1603 1483 1671 1546 cal·

312 1571 396 1634 culus
420 1571 599 1634 Prutenicus
633 1571 757 1634 exhibet
788 1573 888 1636 locum
910 1572 992 1636 Solis
1016 1570 1055 1638 0⁰
1077 1568 1132 1638 45¹
1155 1572 1201 1650 Υ,
1229 1571 1370 1648 Mercurii
1393 1569 1434 1634 00
1457 1570 1511 1636 31¹
1534 1571 1580 1649 Υ,
1603 1591 1672 1634 cum

312 1661 367 1724 lat.
390 1657 431 1722 20
454 1657 496 1736 9⁴,
522 1679 611 1741 quam
643 1661 833 1732 latitudinem
867 1670 980 1726 certum
1005 1671 1095 1725 esta
1118 1659 1294 1724 Ptolemaeo
1328 1661 1405 1722 citra
1427 1660 1673 1724 observationum

312 1748 425 1812 indicia
448 1749 493 1811 sic
516 1750 695 1825 ordinatam,
720 1769 757 1812 ne
781 1751 836 1814 hoa
859 1752 934 1814 duos
964 1753 1105 1831 planetes
1129 1751 1186 1814 sub
1209 1749 1312 1812 Solem
1335 1749 1500 1812 induceret.
1542 1750 1588 1812 At
1606 1749 1673 1829 jam

317 1837 430 1900 dietum
454 1845 512 1914 est,
536 1838 626 1902 hodie
650 1838 759 1902 nodum
781 1840 812 1902 in
836 1841 952 1904 Arietis
974 1841 1031 1904 line
1060 1859 1144 1915 esse,
1167 1847 1202 1902 ut
1223 1858 1284 1902 non
1305 1846 1426 1920 praeter
1448 1839 1598 1902 rationem
1620 1837 1672 1914 sit,

317 1935 387 1991 tunc
410 1926 504 1989 luisse
529 1929 609 1990 cirea
631 1927 748 1990 initium
771 1929 858 2010 hujus
883 1929 970 2010 signi.

403 2016 476 2078 Jsm
506 2016 598 2096 igitur
629 2036 687 2079 nou
718 2019 846 2098 amplius
878 2019 934 2080 soli
958 2018 1086 2082 Averroi
1119 2018 1155 2080 de
1185 2017 1242 2078 hoc
1275 2017 1480 2098 phaenomeno
1513 2015 1672 2090 credimus,

313 2111 475 2185 postquem
499 2103 691 2168 Christianae
714 2107 912 2186 professionis
935 2107 1023 2170 homo
1048 2127 1134 2170 sunm
1158 2125 1274 2189 quoque
1299 2105 1446 2168 caleulum
1469 2105 1565 2168 addit.
1578 2098 1623 2180 00)

405 2193 511 2256 Lunae
534 2213 625 2274 super
646 2195 723 2258 lixas
746 2195 900 2274 ingressus
923 2215 1000 2276 pene
1027 2196 1193 2276 quotidiani
1217 2203 1299 2270 sunt,
1331 2194 1491 2275 solentque
1512 2193 1675 2274 diligenter

313 2281 454 2344 annotari
487 2283 525 2344 ab
559 2283 752 2347 astronomis.
799 2283 852 2347 Sic
881 2285 1035 2366 Agrippas
1067 2286 1217 2368 Bithynus
1242 2293 1273 2348 et
1296 2283 1489 2346 Timochares
1519 2283 1675 2354 Pleiadas,

315 2371 474 2434 Menelaus
497 2370 653 2435 Romanus
687 2373 815 2436 frontem
835 2373 968 2454 Scorpii,
1002 2375 1151 2456 iidemque
1184 2382 1323 2437 auctores
1352 2391 1410 2434 non
1434 2373 1526 2436 semel
1559 2372 1675 2454 spicam

314 2459 460 2540 Virginis,
486 2461 590 2543 Tycha
611 2462 713 2524 Brahe
738 2469 770 2524 et
794 2461 979 2543 Cepernious
1002 2464 1185 2539 Palilicium,
1215 2481 1272 2543 ego
1295 2481 1347 2525 eor
1369 2461 1488 2543 Scorpii
1510 2465 1676 2541 (utsupra

313 2567 380 2630 cap.
410 2549 447 2626 V,
471 2549 545 2614 Nro.
570 2547 600 2626 5,
625 2570 655 2631 p.
681 2547 757 2616 266.
782 2552 924 2629 dictum),
949 2553 1132 2616 Maestliuns
1160 2553 1357 2616 creberrimas
1381 2551 1474 2614 etiam
1497 2550 1675 2614 minutiores

314 2638 461 2702 occultari
484 2660 503 2701 a
525 2639 614 2702 Luna
634 2641 721 2704 vidit.

402 2727 454 2790 Ita
477 2725 640 2792 Saturnum
664 2751 684 2791 a
706 2730 794 2793 Luna
822 2735 936 2793 tectum
959 2730 1138 2794 waltherus
1167 2728 1286 2792 notavit
1315 2727 1397 2802 (vide
1425 2728 1505 2792 inira
1528 2747 1594 2810 cap.
1616 2725 1674 2804 XI,

314 2815 412 2898 probi.
428 2813 507 2893 30.),
531 2816 640 2881 Jovem
654 2819 823 2882 Monachus
846 2819 1010 2882 historicus
1034 2839 1112 2884 anno
1134 2818 1249 2884 Christi
1263 2815 1338 2881 807.
1362 2817 1519 2892 anuario,
1543 2820 1676 2882 Martem

313 2905 499 2970 Aristoteles
523 2915 555 2968 et
577 2907 770 2984 Maestlinus,
795 2908 947 2972 Venerem
971 2908 1156 2989 Cepernicus
1180 2907 1233 2971 lib.
1249 2907 1290 2969 V.
1314 2925 1383 2988 cap,
1406 2903 1460 2970 23.

405 2995 512 3057 Verba
535 2996 713 3060 Aristotelis
741 2998 794 3062 lib.
818 2998 857 3061 11.
881 2999 917 3061 de
941 2999 1042 3073 coelo,
1065 3017 1132 3079 cap.
1161 2995 1210 3060 12.
1242 3007 1350 3064 Lunam
1370 3007 1443 3064 enirn
1462 3005 1593 3072 emimus,
1614 3023 1676 3062 eum

315 3084 447 3140 bifariam
460 3084 503 3140 ita
522 3087 613 3142 divisa
632 3095 717 3153 esset,
739 3095 771 3144 ut
785 3089 878 3144 altera
891 3107 929 3144 ex
942 3095 1024 3160 parte
1045 3091 1250 3153 obscuraretur,
1272 3106 1310 3144 ex
1323 3090 1418 3144 altera
1436 3089 1552 3152 luceret,
1574 3087 1677 3144 sensim

316 3165 447 3238 congredi
468 3182 528 3222 curn
549 3167 642 3234 stella,
664 3185 736 3239 quae
757 3169 856 3224 Martis
878 3169 986 3234 dieitur,
1008 3175 1038 3224 et
1058 3187 1119 3225 eam
1141 3171 1257 3241 quidem,
1279 3186 1340 3224 cnm
1360 3171 1479 3226 obseura
1497 3167 1572 3224 illins
1593 3173 1677 3238 parte

316 3259 454 3324 occupata
474 3255 581 3321 fuisset,
604 3275 642 3312 ex
661 3263 743 3328 parte
764 3257 838 3312 illius
860 3258 953 3314 lucida
973 3275 1126 3331 emergere.
1167 3248 1243 3311 Nou
1266 3249 1366 3328 potuit
1397 3247 1489 3329 igitur
1519 3246 1575 3310 hoc
1607 3265 1676 3308 esse

316 3331 378 3394 alio
402 3339 549 3411 tempore,
575 3353 665 3413 quam
690 3354 768 3397 anno
792 3337 883 3398 tertio
907 3335 1097 3420 Olympiadis
1123 3336 1306 3400 centesimae
1331 3337 1465 3418 quintae,
1487 3342 1557 3398 ante
1583 3331 1676 3398 Chri·

317 3416 1100 3505 stumann0357s1nnocted.April.,Solem
1128 3420 1193 3488 160
1200 3425 1299 3502 Taum
1323 3425 1412 3488 Luna
1434 3444 1501 3488 curn
1521 3423 1677 3488 Martem

320 3505 360 3574 30
384 3511 408 3586 Q
431 3508 591 3573 latitudine
616 3512 739 3588 eadem3
763 3531 831 3574 cum
849 3514 1067 3578 Aristotcles
1054 3515 1173 3596 Juvenie
1197 3511 1237 3578 21
1264 3535 1407 3578 annorum
1430 3514 1549 3579 audiret
1569 3513 1678 3578 Eudo-

316 3615 398 3675 xum,
422 3606 457 3661 ut
478 3617 518 3660 ex
540 3599 666 3664 Laertio
689 3609 802 3665 nolum.

410 3685 611 3753 Commendat
643 3689 684 3754 ihi
712 3691 898 3755 Aristoteles
929 3690 1151 3758 Chaldaeorum
1181 3692 1377 3770 industriam,
1402 3693 1551 3774 aquibus
1582 3689 1679 3754 multa

319 3775 396 3840 talia
417 3777 457 3840 ad
480 3775 618 3844 Graecos
639 3780 817 3860 pervenisse
840 3780 924 3844 dicit.

888 4367 1009 4467 Caput
1034 4364 1104 4441 IX.

836 4541 893 4605 De
915 4539 1161 4608 Paratomos.

410 4695 548 4778 Corpora
569 4698 688 4780 itaque,
713 4717 836 4782 quorum
859 4701 977 4782 speeies
1000 4711 1033 4766 et
1055 4702 1247 4767 dimetientes
1279 4701 1464 4766 astronomia
1493 4699 1681 4777 considerat,

273 4767 402 4858 'eunt
427 4785 472 4848 uti
496 4785 634 4863 diximus,
658 4785 722 4862 Sol,
746 4790 834 4854 Luna
856 4798 889 4853 et
911 4791 1038 4853 stellae:
1064 4791 1170 4872 quibus
1194 4794 1342 4856 accedunt
1360 4791 1491 4854 Telluris
1513 4789 1681 4870 Lunaeque
