3464 5524
658 211 689 264 do
706 211 780 262 rebar
798 209 899 276 Opttotr.
1410 211 1451 278 31

122 401 237 446 mensura
258 382 338 446 haee
363 385 460 462 dicet,
485 386 516 447 in
531 385 644 447 vertice
668 385 841 448 sumendam
857 405 924 448 esse
947 393 1064 468 partem
1086 385 1281 452 horizontalis
1295 389 1458 452 retractio-

123 475 158 534 nis
174 473 368 536 nullesimam.

192 561 391 626 Exerceamur
416 563 446 624 in
471 562 528 624 hoo
551 563 756 644 problemate:
782 565 824 626 sit
845 564 999 643 proportio
1023 563 1214 627 retractionis
1239 565 1268 628 iu
1294 563 1319 628 G
1343 566 1383 628 ad
1406 585 1458 629 re-

125 651 275 714 tractionem
305 652 338 712 in
362 651 465 724 E·ea,
498 670 575 732 qnae
600 649 643 715 60
668 648 783 715 01113.
830 652 928 715 Aufer
956 653 995 713 ab
1019 653 1075 714 hac
1107 655 1331 734 proportionem
1355 654 1458 732 anguli

664 736 698 788 00
737 736 771 788 ra
881 736 947 803 aar,
1387 739 1466 805 arr·

124 774 195 836 snt:
222 775 256 837 ad
290 775 436 856 angulum
463 775 564 851 EDO,
596 796 638 838 sc.
663 795 771 878 ζόη-ὀ
800 786 848 839 cst
880 809 967 878 ‘0‘’
1008 797 1080 858 ergo
1113 776 1264 840 residuum
1297 779 1356 841 erit
1387 812 1458 881 -59-

187 896 230 948 rm

127 935 248 1040 aelst-5.
289 935 466 1013 Longitudo
498 933 592 1014 igitur
622 934 766 996 linearum
790 931 860 1008 DC,
895 933 951 995 DE
975 935 1119 997 statuitur
1144 932 1221 1010 118,
1248 933 1329 1012 129;
1363 957 1459 1019 quae-

130 1059 194 1122 ritur
212 1059 272 1121 BD.
314 1059 365 1120 lta
387 1059 493 1138 posita
517 1058 710 1120 inclinatione
733 1057 808 1133 DE,
833 1059 881 1120 rel
905 1059 1014 1138 angulo
1033 1059 1116 1120 BDE
1137 1055 1206 1134 70⁰,
1232 1059 1334 1141 'tycho
1359 1061 1461 1140 prodit

131 1149 316 1210 retractionem
338 1149 368 1209 in
393 1149 421 1210 Ε
445 1147 488 1224 θ’,
514 1147 542 1210 10
568 1146 593 1211 C
618 1145 682 1211 30‘.
729 1148 795 1210 Hoc
815 1148 880 1226 jam
903 1147 1016 1209 nullam
1040 1147 1174 1209 admittit
1197 1151 1458 1225 mensurationem,

134 1237 212 1297 debet
229 1255 336 1316 nempe,
362 1239 467 1318 optica
490 1237 627 1311 docente,
653 1237 795 1298 retractio
819 1237 849 1297 in
873 1236 938 1316 ipso
962 1238 1084 1298 tandem
1099 1237 1212 1298 vertice
1235 1239 1354 1318 penitus
1371 1240 1460 1300 anui·

133 1323 214 1387 hilari.
251 1325 326 1406 Ergo
351 1345 407 1387 nos
432 1333 614 1399 statuamus,
638 1325 848 1404 retractionem
872 1325 944 1386 1οΕ
968 1346 1035 1388 esse
1061 1323 1103 1461 ἔξ),
1126 1326 1203 1406 quod
1228 1326 1350 1388 tolerari
1369 1327 1461 1406 juxta

51 1492 52 1501 ,
133 1451 309 1529 experimenta
339 1450 493 1531 ‘tychonis
526 1456 638 1528 potest.
685 1449 781 1511 Aufer
813 1449 1036 1530 proportionem
1059 1484 1095 1494 —-
1118 1471 1137 1511 a
1159 1451 1350 1531 proportione
1366 1415 1461 1552 3L⁰vel

50 4184 57 4427 l

1060 1500 1095 1551 110

50 1590 52 1657 ἶ
133 1567 175 1710 3³5,
194 1616 279 1672 restat
300 1570 342 1710 ἕο.
390 1608 532 1680 Qualium
565 1629 637 1690 ergo
668 1606 725 1671 DC
759 1606 800 1672 70
833 1611 897 1682 (vel
923 1608 1017 1688 178),
1050 1610 1153 1673 talium
1177 1609 1233 1672 DE
1266 1611 1410 1674 statuitur
1440 1608 1459 1676 ³

134 1771 184 1842 (rel
207 1767 224 1830 'l
248 1731 309 1871 ξ).
346 1767 383 1830 Si
407 1789 479 1850 ergo
502 1770 559 1831 hoo
582 1777 672 1850 pacto
686 1767 742 1830 BD
762 1787 881 1847 semper
904 1768 1008 1830 eadem
1032 1769 1143 1850 prodit,
1166 1777 1238 1832 tunc
1261 1769 1336 1834 haee
1359 1769 1461 1852 posita

50 1874 52 1929 ³
133 1911 251 1958 10001101
269 1892 462 1960 retractionis
485 1892 647 1956 conciliata
671 1899 720 1954 est
743 1909 810 1952 cum
835 1891 1047 1973 experimentis
1070 1893 1232 1976 tychonis.

205 2033 283 2086 Litoris
298 2033 428 2086 Maestlini
446 2033 572 2099 respondit
587 2033 710 2098 Keplerus
729 2033 753 2082 d.
772 2031 814 2081 22.
835 2033 897 2083 Dec.
920 2029 987 2082 1616
1003 2034 1070 2086 huno
1087 2035 1114 2084 tn
1131 2035 1248 2086 modam:

204 2141 312 2206 literas
337 2151 419 2218 toas,
445 2141 620 2204 Clarissima
644 2141 699 2214 vir,
721 2139 773 2204 tt.
791 2140 879 2221 Sept.
904 2148 936 2203 et
959 2141 989 2203 5.
1005 2141 1073 2204 001.
1098 2142 1227 2224 scriptas
1252 2141 1356 2223 accepi
1380 2143 1459 2224 legi·

130 2249 177 2310 que
196 2251 295 2312 magna
316 2252 385 2294 cum
409 2231 577 2310 voluptate.
623 2229 692 2292 Etsi
711 2249 782 2292 vero
805 2229 1023 2309 posterioribus
1043 2231 1205 2311 adjunctae
1220 2233 1340 2294 luerunt
1354 2232 1461 2294 literae

127 2339 258 2397 0110100,
280 2322 388 2402 quibus
412 2319 547 2400 pericula
570 2319 801 2380 continebantur
825 2327 857 2380 et
881 2319 1048 2381 calumniae
1071 2319 1324 2383 sceleratissimae
1349 2329 1381 2382 et
1403 2340 1461 2401 po-

126 2408 211 2470 tentia
229 2410 468 2472 aduersariorum
492 2417 523 2470 et
546 2427 650 2468 cursus
669 2407 809 2487 justitiae
829 2407 1010 2470 intercisus:
1035 2409 1141 2489 quibus
1164 2409 1289 2488 tragicis
1308 2409 1461 2472 narratio-

125 2497 202 2558 nibus
221 2499 331 2560 animns
356 2498 501 2578 abreptus
524 2497 576 2557 vix
599 2497 636 2556 ad
660 2496 900 2576 respondendum
916 2516 948 2558 se
964 2497 1133 2577 recolligit:
1159 2506 1269 2573 tamen,
1295 2499 1364 2577 qnia
1387 2497 1460 2560 mit·-

37 2578 39 2607 ’
125 2586 220 2648 tendus
241 2595 285 2648 est
307 2587 502 2661 tabellarius,
535 2585 684 2664 piaculum
717 2584 842 2647 videbar
865 2585 1095 2660 commissurus,
1130 2587 1155 2652 si
1189 2587 1262 2650 nihil
1294 2587 1461 2668 responde-

123 2693 187 2736 rem.
221 2675 323 2750 (Venit
345 2676 465 2740 interea
488 2675 583 2737 trater
606 2692 689 2735 meus
704 2692 770 2735 cum
789 2682 894 2749 matre,
919 2675 1022 2756 itaque
1046 2695 1104 2737 non
1128 2675 1187 2740 olio
1209 2676 1370 2738 tabellario
1385 2694 1461 2756 opus

122 2762 226 2836 babai.)

202 2853 256 2916 Pro
286 2853 438 2916 solutione
469 2850 666 2932 problematis
695 2849 839 2930 simplicis
863 2869 919 2930 ago
945 2852 1080 2931 gratias,
1113 2850 1172 2914 etsi
1202 2871 1240 2914 ex
1263 2869 1320 2932 quo
1353 2848 1461 2931 scripsi

122 2949 211 3003 totam
242 2941 317 3006 hanc
355 2942 592 3023 speculationem
632 2939 740 3019 abjeci.
786 2938 904 3002 Nititur
941 2941 1019 3002 enim
1057 2960 1139 3003 mera
1176 2939 1336 3024 hypothesi
1375 2959 1461 3002 com-

119 3029 242 3108 prandi,
272 3032 319 3094 cui
350 3031 394 3092 rei
427 3030 521 3110 ipsius
554 3028 627 3090 nihil
660 3028 774 3090 subest.
821 3027 913 3090 Posui
943 3028 1031 3104 enim,
1064 3037 1182 3092 tantam
1207 3048 1274 3091 esse
1299 3029 1461 3092 densitatis

119 3117 364 3182 meditationem
388 3120 420 3181 in
444 3117 579 3200 quolibet
602 3117 713 3179 extimo
736 3129 848 3197 puncto
872 3118 1038 3197 superficiei
1058 3118 1147 3194 atris,
1173 3125 1286 3201 quanta
1310 3118 1461 3182 est‘ratio

121 3205 302 3286 longitudinis
335 3210 433 3272 lineae
466 3227 504 3269 ex
527 3207 612 3278 oculo
646 3206 685 3268 ad
714 3206 787 3268 illud
810 3215 962 3285 punctum.
1008 3199 1104 3288 Atq'ui
1137 3208 1247 3270 scimus
1277 3227 1316 3270 ex
1339 3206 1460 3288 optinis,

116 3296 295 3360 renaotonis
319 3297 446 3376 angulos
470 3295 591 3358 tormari
614 3296 644 3356 in
668 3294 736 3372 ipsa
758 3294 924 3374 superficie,
959 3315 1013 3358 nec
1037 3295 1196 3359 immisceri
1224 3296 1461 3376 profunditatem

117 3385 206 3446 medii
225 3386 321 3460 densi,
346 3405 414 3448 cum
437 3385 539 3446 radius
562 3383 592 3444 in
616 3383 714 3444 medio
738 3383 831 3445 denso
855 3402 913 3444 non
938 3383 1035 3446 minas
1059 3385 1100 3446 sit
1123 3393 1238 3461 rectus,
1264 3402 1350 3464 quam
1376 3384 1459 3448 toris.

200 3473 398 3538 Illustrobitur
422 3483 522 3536 autem
546 3473 682 3534 detectus
707 3472 794 3551 hujus
830 3471 1035 3552 hypotheseos
1066 3474 1228 3537 collatione
1257 3473 1461 3555 hypotheseos

116 3561 245 3625 rerion's.
289 3565 324 3626 In
349 3561 458 3642 upticis
489 3569 561 3642 post
584 3561 727 3640 plurimas
749 3567 885 3622 tentatas
913 3562 1136 3642 suppositiones
1159 3563 1282 3625 tandem
1303 3563 1461 3624 devolutus

117 3653 237 3714 samad
259 3653 345 3714 hanc.
393 3649 479 3724 Cum,
514 3669 571 3732 qno
595 3649 692 3732 nraj'or
724 3657 772 3711 est
794 3647 884 3710 medii
909 3649 1056 3727 densitas,
1089 3652 1146 3715 hoo
1175 3651 1272 3730 major
1304 3651 1463 3730 contingat

117 3737 144 3798 in
167 3741 229 3820 ejus
250 3740 406 3822 superficie
427 3741 579 3816 retractio,
605 3758 662 3819 quo
678 3737 800 3800 densius
823 3739 914 3817 igitur
929 3741 1058 3802 occurrit
1071 3753 1160 3803 ununr'
1184 3748 1215 3802 et
1233 3739 1311 3802 idem
1329 3737 1460 3800 mediam

118 3828 198 3890 radio
218 3830 421 3910 refringendo,
450 3830 507 3891 hoe
531 3829 628 3908 major
651 3835 699 3890 est
722 3827 864 3889 retractio
888 3826 968 3890 illius
997 3848 1153 3905 occursus,
1187 3835 1261 3911 puta
1288 3845 1377 3888 unum
1408 3844 1459 3888 re-

121 3916 266 3980 tractionis
289 3919 479 3980 elementum.
526 3917 572 3979 At
604 3916 766 3978 densitatis
799 3924 991 3996 augmentum
1023 3936 1077 3998 per
1103 3919 1205 3980 varios
1234 3933 1374 3978 occursus
1408 3933 1460 3976 se-

122 4007 211 4083 quitur
246 4007 471 4089 proportionem
512 4014 679 4068 secantum.
736 4003 805 4066 Sint
850 4004 929 4066 enim
1142 4058 1170 4108 Fi
1222 4055 1252 4104 Π

123 4095 188 4157 duae
207 4097 370 4176 parallelae
386 4096 454 4166 AB,
469 4093 538 4164 OD,
563 4113 686 4176 quarum
710 4093 858 4155 distantia
871 4091 924 4155 ΒΟ
1172 4071 1197 4122 α’
1254 4089 1261 4103 ’

125 4183 261 4249 adumbrat
293 4184 385 4248 nobis
423 4184 611 4245 latitudinem
643 4183 720 4245 radii
755 4182 926 4264 physicam;
1410 4238 1421 4282 ὶ

124 4275 179 4353 tria
204 4275 346 4340 retractio
380 4292 441 4334 000
474 4272 620 4352 contingit
648 4272 759 4345 radiis,
792 4280 827 4333 ut
858 4277 928 4332 sunt

53 4434 54 4447 χ
124 4363 217 4442 lineae,
242 4366 299 4430 sed
324 4373 362 4427 ut
386 4367 462 4423 snut
484 4363 583 4442 aliqua
601 4361 772 4440 superficies
794 4377 926 4440 perpen-

121 4455 267 4524 diculariter
281 4461 399 4518 erecta
414 4467 504 4528 saper
517 4450 649 4513 densum.
686 4449 769 4528 Ergo
783 4448 809 4509 si
824 4448 927 4510 radius

117 4548 251 4616 lidreeta
276 4539 479 4609 occurrisset
504 4540 601 4602 medio
623 4539 717 4600 denso
740 4535 815 4612 AO,
849 4536 927 4599 ratio
1034 4527 1055 4574 B

115 4645 158 4730 rjus
177 4634 350 4710 densitatis
379 4625 561 4690 adumbrata
584 4628 691 4690 luisset
711 4627 741 4688 in
765 4626 822 4688 hoo
845 4633 928 4686 recto
979 4644 1007 4694 A
1068 4661 1084 4712 ο
1385 4665 1389 4676 .

51 4696 55 4825 i
112 4758 215 4818 0111110,
249 4743 318 4816 per
354 4713 438 4790 ΒΟ,
472 4724 504 4777 at
533 4717 601 4798 quia
631 4715 687 4779 DC
712 4713 841 4778 occurrit
871 4710 930 4796 ipsi
