3694 5528
311 261 377 334 506
492 250 497 254 ’
750 243 900 318 nunciaret
918 279 974 318 m
991 263 1216 320 1111111111.

311 442 414 504 Lunas
437 439 724 502 circum-Martiales
743 440 1079 520 111111111-111111111,
1105 443 1132 504 si
1156 461 1230 524 quas
1245 440 1384 504 Galilaea
1399 441 1469 504 olim
1492 440 1663 522 depreben-

312 549 399 592 surus
423 547 466 601 es,
490 527 631 591 facillime
654 530 834 591 locaturum.

400 617 510 678 Tecum
534 615 672 680 Galilaee
696 617 807 696 incepi,
830 625 930 680 tecum
953 619 1040 680 finem
1064 619 1182 680 faciam.
1228 615 1352 679 Miraris
1374 634 1434 679 nou
1458 619 1665 692 irnstrafcnr

311 712 397 768 tanto
424 704 592 766 discrimine
621 699 835 785 magnitudinis
858 705 998 768 Medicea
1024 707 1126 768 sidera
1149 725 1220 768 snas
1248 713 1366 768 mutent
1389 706 1493 769 iacies.
1542 705 1664 769 Causas

311 813 386 874 quas
409 791 593 856 comminisci
612 795 677 874 quis
696 803 801 873 posset
820 801 882 856 tras
900 795 1001 874 rejicis
1026 803 1131 875 argute
1151 802 1184 857 et
1200 794 1425 857 mathematice.
1463 794 1556 858 Ponis
1574 813 1665 856 unam

310 881 464 962 physicam
487 888 521 944 nt
548 883 737 961 possibilem,
771 884 807 945 de
841 901 900 963 qua
930 891 1047 963 tempus
1080 883 1210 945 docebit.
1229 879 1270 956 ¹⁸)
1317 880 1456 946 Occurrit
1484 901 1556 945 vero
1589 883 1663 945 mihi

310 971 389 1032 ista:
414 969 440 1030 11
459 977 587 1048 quatuor
608 971 639 1032 hi
657 971 799 1051 planetas
824 969 899 1032 disci
914 971 1009 1033 forma
1031 972 1121 1050 plano
1136 973 1175 1032 ad
1188 971 1294 1033 Jovem
1309 989 1454 1034 converso
1469 971 1664 1048 circumeant,

310 1066 344 1120 ut
367 1057 404 1118 ad
428 1075 570 1120 excursus
594 1060 741 1122 maximos
768 1058 854 1121 nobis
878 1067 910 1122 et
933 1058 997 1121 Soli
1021 1061 1201 1139 objiciantur
1224 1069 1258 1121 ut
1279 1059 1392 1135 lineae,
1417 1079 1508 1140 snpra
1531 1067 1562 1122 et
1583 1060 1666 1123 inira

310 1145 490 1208 irradientur
511 1148 799 1227 perpendiculariter
820 1149 1038 1228 videantnrque
1062 1148 1172 1227 magni,
1198 1157 1230 1210 11
1248 1149 1325 1210 forte
1349 1148 1579 1212 diversicolores
1601 1149 1665 1210 sint

230 1233 233 1240 '
309 1253 363 1314 pro
391 1233 568 1297 diversitate
595 1237 797 1316 planitierum.
844 1235 982 1298 Sufficiat
1004 1237 1165 1298 monuisse.
1191 1269 1232 1280 -
1273 1233 1362 1306 Quod
1395 1244 1535 1318 superest
1566 1237 1663 1299 vehe-

310 1329 427 1385 menter
449 1324 504 1385 abs
527 1331 558 1384 11
581 1333 652 1404 peto
677 1323 816 1388 Galilaea
841 1324 1043 1398 celeberrime,
1068 1324 1155 1386 1111
1179 1324 1367 1387 observando
1396 1331 1516 1388 strenue
1540 1343 1662 1405 pergas,

310 1429 444 1493 quaeque
468 1411 656 1474 observando
681 1413 772 1476 fueris
796 1421 967 1487 assecutus,
992 1412 1079 1476 nobis
1102 1413 1198 1492 primo
1223 1431 1338 1495 quoqne
1368 1421 1502 1492 tempore
1526 1429 1663 1476 commu·

310 1499 410 1574 nicee,
444 1500 570 1579 deniqne
602 1501 807 1584 prolixitatem
839 1502 917 1563 hauc
949 1519 1047 1562 meam
1077 1501 1254 1581 dicendique
1282 1503 1320 1564 de
1347 1509 1457 1564 natura
1490 1502 1666 1564 libertatem

309 1587 379 1650 boni
403 1589 555 1649 consulas.
602 1589 692 1651 Vale.
739 1591 857 1669 Pragae
885 1586 934 1652 19.
959 1589 1075 1670 Aprilis
1102 1586 1197 1652 16111.

398 1676 651 1754 Postscripta.
698 1675 732 1738 Si
756 1697 844 1740 uuum
867 1678 964 1739 adhuc
992 1679 1071 1741 diem
1099 1686 1340 1758 exspectassem,
1365 1675 1506 1740 Galilaeo
1530 1685 1665 1740 mutuum

311 1764 474 1843 rependere
497 1765 673 1844 potuissem.
711 1765 800 1829 Nova
824 1766 912 1840 enim,
937 1783 995 1827 non
1018 1773 1053 1828 11
1068 1765 1199 1830 Galilaei
1221 1765 1399 1846 probabilia,
1424 1765 1496 1828 licet
1518 1765 1666 1839 inaudita,

311 1853 365 1914 sed
389 1859 494 1914 contra
517 1854 605 1934 louge
635 1833 858 1928 absurdissima,
883 1855 955 1916 licet
977 1873 1068 1934 saepe
1088 1855 1190 1934 jactat
1191 1876 1218 1929 a,
1177 1855 1348 1917 tretulit
1369 1855 1526 1938 catalogus
1553 1855 1666 1917 nundi-

310 1960 416 2003 narum
448 1942 766 2017 Francoiordensium,
808 1943 952 2004 Thomam
990 1945 1136 2024 quendam
1171 1943 1482 2026 Gephyrandrum
1520 1942 1667 2006 circulum

310 2029 487 2109 quadrasse.
533 2031 626 2093 Nulla
648 2031 729 2092 hic'
718 2050 780 2110 Jam
803 2032 878 2093 fides
902 2031 1006 2106 oculis,
1032 2034 1110 2094 ratio
1132 2051 1203 2094 vero
1227 2051 1316 2094 aures
1339 2031 1378 2093 ad
1400 2031 1528 2112 primam
1552 2032 1667 2095 lamam

311 2117 474 2179 obturavit.

399 2205 500 2278 Alius,
522 2203 725 2306 wolfgangus
753 2203 943 2266 Satlerus
955 2161 1152 2280 Β1111111111,
1185 2151 1364 2269 Mercurium
1395 2208 1483 2282 (et
1474 2226 1572 2288 ipsum
1599 2209 1667 2288 jam

311 2290 381 2353 olim
404 2292 537 2353 Deorum
566 2293 705 2355 nuncium
732 2292 894 2368 creditum)
923 2293 982 2356 emi
983 2295 1053 2368 1111,
1089 2295 1286 2375 significatum
1321 2295 1503 2376 astrologis,
1536 2297 1667 2376 triginta

310 2380 455 2460 graduum
480 2387 635 2460 aspectum
658 2381 812 2443 efficacem
835 2401 912 2444 esse.
960 2379 1141 2445 Gratulor'
1133 2385 1192 2463 rpsi
1214 2385 1251 2444 de
1280 2383 1387 2462 agnita
1414 2385 1493 2447 domi
1521 2385 1663 2448 veritate.

309 2467 396 2530 Foris
427 2470 457 2529 in
488 2475 576 2547 parte
616 2469 711 2532 falsus
742 2477 790 2530 est
825 2470 970 2533 nuncius:
1009 2479 1093 2533 errat
1123 2473 1152 2533 in
1191 2471 1286 2552 primo
1323 2472 1489 2534 inventore.
1545 2474 1667 2536 Monuit

310 2555 492 2622 Maestliuus
515 2557 664 2620 Γ1111111111
695 2557 759 2619 1111
782 2556 820 2619 (11
849 2566 981 2620 motuum
1013 2559 1214 2622 varietates.
1242 2556 1336 2622 1606.
1366 2561 1464 2624 editis.
1512 2562 1665 2642 Usnrpavi

310 2661 365 2724 ego
396 2644 474 2707 hunc
506 2653 662 2726 aspectum
695 2645 733 2706 ab
761 2665 789 2708 a.
816 2643 911 2711 1603.
958 2647 1109 2710 Videatur
1131 2659 1163 2710 et
1192 2649 1669 2725 111111Τ11111111111111111111,

309 2732 356 2794 his
375 2732 483 2796 iisdem
505 2733 644 2797 nundinis
666 2735 818 2814 prodiens.
864 2733 983 2798 Nomen
1005 2735 1168 2799 semisexto
1192 2737 1271 2799 dedi.
1318 2737 1482 2800 1111111111
1506 2741 1569 2821 ejus
1592 2741 1665 2819 pul-

310 2821 488 2884 cherrimam
511 2822 691 2902 pollicentur
713 2843 781 2886 mea
803 2823 997 2888 Harmonice.
1016 2819 1058 2899 ¹²)
