3648 5530
343 1139 514 1216 NOBILI
540 1140 604 1214 ET
631 1139 1097 1220 EXCELLENTISSIMO
1126 1145 1324 1220 DOMINO

276 1293 796 1396 GALILAuo
870 1298 1389 1402 GALILAao

610 1477 788 1600 ιιιιιιιιιιι
816 1479 1069 1578 iterumue,

238 1631 510 1696 PROFESSORI
545 1633 802 1697 MATHESEOS
839 1637 885 1698 [N
922 1635 1146 1700 GYMNASIO
1189 1635 1419 1718 PATAVINO,
1546 1643 1549 1654 '

555 1789 791 1886 tolllll
827 1791 1107 1888 llllllll

622 1945 655 2008 S.
681 1944 717 2010 Ο.
741 1947 785 2008 Μ.
809 1945 1046 2010 Mathematicus

752 2085 785 2150 S.
809 2087 844 2150 P.
870 2087 909 2148 D.

243 2225 312 2288 Jam
334 2226 450 2306 pridem
475 2227 555 2289 domi
578 2245 663 2288 meae
684 2195 889 2300 ¹consederam
913 2229 1047 2299 otiosus,
1085 2228 1159 2290 nihil
1195 2228 1253 2290 nisi
1291 2237 1321 2290 te
1358 2233 1507 2312 cogitans,

156 2312 294 2377 Galilaea
316 2315 587 2396 praestantissime,
611 2325 739 2396 tuasque
772 2317 888 2378 literas.
935 2318 1056 2379 Emisso
1080 2318 1158 2378 enim
1191 2317 1393 2396 superioribus
1427 2342 1505 2383 nnn-

152 2403 230 2467 dinis
253 2405 281 2466 in
306 2405 456 2485 publicum
488 2405 563 2467 libro
597 2423 682 2476 meo,
715 2403 938 2467 Commentaria
970 2407 1007 2467 de
1041 2407 1170 2468 motibus
1203 2406 1312 2467 Martis
1348 2408 1504 2489 inscripto,

150 2495 309 2556 multorum
332 2513 474 2556 annorum
494 2494 605 2568 labore,
630 2513 724 2574 exque
741 2513 775 2555 eo
795 2503 939 2573 tempore,
954 2496 1040 2574 quasi
1055 2495 1104 2575 qni
1120 2495 1298 2556 difficillima
1312 2500 1503 2575 expeditione

151 2583 261 2645 bellica
283 2583 397 2662 gloriae
416 2583 492 2646 satis
509 2582 704 2661 peperissem,
729 2583 888 2644 vacatione
913 2585 1056 2646 nonnulla
1078 2583 1188 2645 studiis
1212 2583 1287 2644 meis
1311 2583 1501 2666 interposita,

152 2673 214 2734 fore
237 2673 392 2752 putabam,
416 2680 450 2733 ut
464 2671 545 2733 inter
567 2681 684 2732 ceteros
705 2678 736 2733 et
751 2669 908 2733 Galilaeus
932 2671 1059 2735 maxime
1083 2671 1215 2734 omniurn
1238 2671 1363 2736 idoneus
1387 2693 1502 2736 mecum

55 2827 62 2844 .
151 2762 188 2823 de
211 2780 287 2823 novo
313 2760 515 2824 astronomiae
540 2779 591 2821 sen
615 2759 758 2840 physicae
782 2759 924 2822 coelestis
948 2778 1057 2838 genere
1090 2760 1281 2840 promulgato
1312 2780 1367 2841 per
1399 2764 1505 2825 literas

153 2851 305 2914 conferret
327 2849 588 2928 intermissumque
612 2849 651 2910 ab
675 2849 760 2910 annis
787 2847 828 2912 12
852 2849 1024 2912 institutum
1048 2857 1224 2912 resumeret.

237 2940 318 3002 Ecce
350 2957 421 3000 vero
450 2938 505 3000 tibi
538 2956 576 2998 ex
603 2937 758 3014 inopinato
790 2938 871 3000 circa
901 2938 971 2998 [dns
995 2938 1125 2999 Martias
1156 2937 1286 2999 celerum
1309 2955 1403 3016 opera
1425 2959 1504 3000 non-

150 3029 262 3091 ciatum
285 3028 314 3090 in
340 3027 536 3090 Germaniam
560 3024 693 3088 Galilaei
716 3027 792 3103 mei,
826 3045 880 3106 pro
915 3026 1043 3088 lectione
1067 3026 1160 3088 alieni
1185 3025 1253 3088 libri
1277 3028 1504 3105 occupationem

149 3116 301 3198 propriam
324 3114 550 3180 insolentissimi
573 3115 752 3195 argumenti,
777 3115 813 3176 de
837 3111 1004 3192 dplanetis
1028 3123 1121 3176 antea
1146 3114 1308 3194 incognitis
1333 3117 1382 3188 (ut
1402 3123 1506 3179 cetera

150 3207 243 3268 libelli
279 3206 382 3285 capita
417 3206 621 3285 praeteream)
658 3223 714 3265 usu
751 3202 915 3284 perspieilli
952 3204 1096 3283 duplicati
1133 3203 1286 3265 inventis:
1326 3203 1404 3283 qnod
1434 3222 1501 3267 cum

150 3294 282 3356 Illustris
306 3294 339 3358 S.
372 3293 406 3358 O.
437 3295 481 3356 M.
515 3291 714 3355 Consiliarins
747 3299 778 3354 et
801 3292 834 3355 S.
859 3293 1026 3371 imperialis
1051 3290 1233 3355 consistorii
1256 3291 1503 3367 Refereudarius‚

149 3383 188 3445 D.
211 3382 261 3446 Jo.
285 3383 502 3446 Matthaeus
525 3379 772 3444 Wackherius
797 3403 816 3442 a
838 3381 1104 3444 Wahhenielss
1137 3382 1173 3442 de
1211 3399 1300 3442 curru
1335 3382 1407 3444 mihi
1432 3391 1503 3445 ante

149 3472 367 3535 habitationem
390 3491 485 3534 meam
516 3470 710 3544 nunciasset,
743 3479 831 3532 tanta
863 3489 910 3531 me
942 3470 1068 3532 incessit
1101 3469 1260 3531 admiratio
1292 3471 1502 3532 absurdissimi

151 3563 332 3624 acroamatia
355 3559 612 3633 consideratione,
637 3559 715 3620 tanti
739 3559 798 3621 orti
822 3559 987 3620 animorum
1011 3565 1109 3620 motus
1134 3557 1258 3639 (qnippe
1282 3577 1321 3619 ex
1344 3559 1501 3638 inopinato
1604 3557 1607 3564 ’

150 3650 254 3712 decisa
277 3651 399 3732 antiqua
420 3651 500 3712 inter
522 3667 577 3710 noa
600 3646 745 3723 liticula),
771 3655 805 3710 ut
827 3647 877 3708 ille
902 3648 1029 3726 gaudio,
1055 3647 1265 3725 ego=rubore,
1291 3647 1352 3708 risu
1376 3655 1502 3726 uterque

149 3740 189 3801 ob
212 3740 377 3802 novitatem
401 3737 526 3811 confusi,
551 3737 602 3798 ille
626 3737 786 3809 narrando,
810 3754 866 3816 ego
891 3735 1037 3798 audiendo
1061 3735 1113 3796 vix
1131 3735 1346 3796 sufficeremus.
1393 3735 1502 3812 Auge-

149 3829 204 3890 bat
227 3836 378 3907 stuporem
401 3847 497 3890 meum
515 3823 690 3888 Waclrherii
714 3824 911 3900 asseveratio,
936 3825 1016 3887 viros
1039 3842 1108 3886 esee
1132 3821 1326 3896 clarissima,
1352 3821 1500 3897 doctrina,

148 3916 320 3996 gravitate,
355 3917 529 3979 constantia
561 3931 653 3992 snpra
684 3915 860 3993 popularem
883 3913 1048 3974 vanitatem
1073 3911 1247 3991 longissime
1279 3919 1420 3985 evectos,
1452 3910 1503 3990 qui

147 4007 223 4068 haec
247 4006 284 4066 de
301 4005 440 4068 Galilaeo
454 4002 653 4084 perscribant,
680 4003 814 4083 adeoque
835 4001 900 4080 jam
923 4001 1030 4064 librum
1054 3999 1110 4062 sub
1131 3999 1235 4078 praelo
1258 3999 1374 4094 versari
1397 3998 1501 4079 proxi·

151 4095 267 4174 mleque
290 4094 426 4156 cursibus
449 4095 618 4155 affuturum.

240 4184 300 4259 Me,
326 4191 359 4246 ut
381 4181 506 4263 primum
531 4180 569 4242 ab
592 4197 644 4240 ore
669 4177 842 4240 Wackherii
866 4177 1010 4250 discessi,
1037 4174 1169 4238 Galilaei
1192 4175 1383 4255 potissimum
1407 4175 1502 4238 movit

149 4272 330 4348 auctoritas,
359 4271 464 4352 judicii
494 4266 674 4332 rectitudine
706 4266 874 4346 ingeniique
898 4266 1022 4327 solertia
1051 4270 1150 4344 parta.
1198 4265 1304 4342 Itaque
1336 4261 1501 4325 meditatus

149 4380 265 4425 mecum
288 4381 363 4435 snm,
389 4359 439 4441 qui
462 4359 561 4439 possit
584 4355 686 4435 aliqua
716 4355 778 4416 lieri
811 4354 945 4417 accessio
970 4354 1008 4414 ad
1031 4353 1220 4431 planetarum
1238 4369 1392 4414 numerum
1415 4353 1501 4414 salvo
1581 4397 1588 4420 ,

148 4469 215 4514 meo
238 4451 387 4531 Mysterio
402 4443 669 4528 Cosmographico,
694 4443 771 4522 qnod
794 4451 865 4504 ante
889 4463 984 4505 annor
1011 4437 1050 4503 13
1073 4440 1103 4502 in
1127 4441 1222 4503 lucem
1241 4439 1319 4516 dedi,
1343 4438 1373 4502 in
1398 4457 1456 4520 quo
1480 4437 1500 4503 5

147 4539 218 4603 illae
243 4538 378 4602 Euclidis
408 4539 541 4618 figurae,
575 4551 650 4613 quas
683 4532 807 4594 Procius
831 4551 869 4593 ex
892 4532 1067 4613 Pythagora
1097 4535 1131 4590 et
1157 4529 1285 4590 Platone
1317 4529 1500 4591 cosmicae

150 4629 295 4708 appellat,
318 4628 461 4708 planetae
483 4627 566 4690 circa
588 4618 690 4683 Solem
713 4639 773 4682 non
795 4620 896 4700 plures
919 4639 975 4682 sex
998 4617 1171 4680 admittunt.

238 4712 378 4797 Apparet
400 4724 503 4778 antem
525 4735 564 4777 ex
592 4709 780 4790 praelatione
812 4709 893 4770 illius
930 4707 1016 4782 libri,
1054 4714 1086 4769 et
1122 4723 1170 4768 me
1206 4711 1278 4768 tunc
1314 4705 1501 4786 quaesivisse

147 4802 251 4884 plures
273 4805 356 4869 circe
379 4801 483 4868 Solem
504 4803 655 4886 planetas,
680 4796 734 4859 sed
758 4797 880 4860 frustra.
