3718 5528
729 303 733 310 ·
768 283 940 350 (laputVffl.
960 281 985 338 ³.
1490 282 1556 348 317

196 459 337 524 circellus
361 459 452 522 fuerit
474 467 643 540 superstes,
668 468 700 522 et
723 481 781 524 uon
805 460 905 542 potius
929 480 968 522 ex
991 460 1089 522 altera
1115 467 1202 539 parte
1230 460 1425 524 tenuissimus
1449 481 1554 542 margo

197 549 411 620 corniculatae,
435 550 565 611 nondum
587 550 708 630 penitus
733 551 899 630 conjunctis
922 551 1044 612 centris.
1083 549 1162 612 Nem
1185 549 1250 611 fieri
1273 559 1384 629 potest,
1408 559 1443 612 ut
1465 552 1557 614 aliter

197 637 272 700 haec
296 638 382 700 initio
413 638 524 700 luerint
555 638 747 718 consignata,
783 640 872 702 aliter
895 659 914 700 a
937 637 1044 704 Clario
1076 637 1277 718 transcripta,
1311 659 1364 700 seu
1393 641 1554 702 memoriae

202 727 302 805 lapsu,
332 747 387 790 seu
415 734 611 807 praepostero
639 728 877 807 consignationis
905 728 1080 790 intellectu:
1108 727 1287 806 praesertim
1318 729 1343 788 ai
1369 726 1493 790 Clavins
1517 730 1555 790 ab

198 815 265 877 aliis
289 815 357 878 visa
385 824 607 880 commemoret.
653 817 800 898 Equidem
824 816 943 897 etipse
967 817 1106 878 dubitans
1130 817 1224 892 addit,
1241 827 1268 880 id
1282 827 1401 882 femmae
1416 843 1556 900 uunquam

197 911 283 962 autea
304 905 465 978 contigisse.
1216 929 1221 941 ·

285 1001 382 1082 Atqui
405 1011 457 1064 eat
478 1001 668 1066 considerate
694 1000 832 1066 Clarium
855 1003 911 1064 hoc
933 1003 1161 1083 phaenomeuon
1190 1003 1351 1065 memoriae
1375 1003 1555 1083 prodidisse,

196 1091 356 1170 perpensis
380 1090 627 1166 circumstantiis,
658 1091 868 1154 demonstrant
890 1091 965 1153 haec
993 1093 1062 1171 ipsa
1091 1093 1223 1154 auctoris
1247 1090 1349 1156 verba.
1397 1087 1498 1162 Quare
1522 1100 1557 1154 ut

196 1180 235 1242 de
260 1199 293 1242 re
316 1179 406 1260 plane
430 1180 601 1247 certissima
624 1180 668 1244 sic
692 1181 888 1260 disputemus.

285 1285 329 1347 Et
351 1285 445 1366 primo
478 1285 597 1366 quidem
627 1305 686 1348 nou
716 1285 845 1356 inficior,
879 1285 1063 1367 hypotheses
1095 1287 1281 1367 quorundam
1317 1293 1556 1349 astronomorum

197 1375 242 1436 sic
267 1393 335 1436 esse
358 1382 563 1454 comparatas,
585 1373 688 1438 ntScl
710 1375 870 1456 perigaeus
891 1396 910 1435 a
924 1374 1011 1435 Luna
1035 1394 1172 1454 apogaea
1195 1377 1224 1437 iu
1248 1376 1325 1438 hunc
1350 1376 1469 1436 modum
1493 1379 1555 1454 tegi

195 1464 307 1543 possit,
332 1463 438 1526 relicto
462 1464 553 1525 limbo
576 1464 775 1544 prominente.
814 1466 892 1526 Nam
909 1482 998 1543 quern
1022 1483 1113 1544 supra
1137 1465 1283 1544 suspicati
1307 1485 1409 1526 snmus
1430 1462 1556 1525 aCleo-

197 1553 284 1613 mede
316 1551 434 1627 taxari,
468 1552 670 1614 multitudinis
702 1554 812 1628 verbo,
843 1552 1037 1632 Sosigeuem,
1067 1553 1095 1614 ei
1118 1575 1137 1614 a
1158 1553 1268 1615 Proclo
1291 1553 1448 1615 Diadocho
1478 1553 1555 1614 haec

199 1641 296 1704 forma
323 1649 428 1720 aperte
459 1641 614 1714 tribuitur,
643 1651 877 1704 commemorata
905 1643 988 1721 prius
1016 1642 1183 1702 Ptolemaei
1213 1643 1374 1704 sententia.
1426 1641 1556 1703 Dixerat

201 1728 405 1802 Ptolemaeus,
437 1747 492 1809 per
514 1731 679 1811 Hipparchi
709 1732 858 1812 dioptram
881 1731 938 1792 hoc
968 1738 1080 1791 certum
1113 1731 1231 1806 haberi,
1266 1729 1347 1792 Solis
1377 1730 1553 1792 diametrum

202 1818 240 1880 ab
265 1836 400 1899 apogaeo
423 1819 453 1880 in
483 1820 657 1900 perigaeum
686 1821 725 1882 ad
753 1837 872 1881 sensum
896 1837 954 1879 non
977 1819 1102 1894 variari,
1127 1820 1181 1880 sed
1204 1819 1307 1881 eodem
1332 1820 1441 1899 angulo
1466 1839 1555 1900 spec-

202 1907 284 1969 tari:
307 1908 412 1969 Lunae
436 1926 507 1969 vero
531 1909 711 1970 diametrum
734 1916 797 1970 tum
821 1909 938 1970 demum
963 1908 1109 1970 diametro
1127 1907 1208 1970 Solis
1232 1909 1388 1988 aequalem
1412 1907 1556 1987 spectari,

199 2015 267 2060 cnm
291 1995 377 2058 Luna
408 1996 501 2076 plena
530 1997 560 2059 iu
593 2015 730 2077 apogaeo
761 1999 807 2059 sui
841 1998 966 2078 epicyoli
998 1997 1040 2058 sit
1070 1997 1254 2059 constituta:
1290 2008 1323 2058 at
1352 1998 1382 2058 iu
1414 1997 1556 2076 perigaeo

203 2085 322 2147 Lunam
345 2085 440 2146 videri
464 2085 618 2165 majorem.
664 2087 788 2148 Procius
812 2085 903 2166 igitur
927 2084 1064 2146 adhaec
1088 2085 1192 2162 addit:
1216 2097 1277 2149 Hoc
1307 2095 1330 2149 si
1360 2113 1471 2161 verum,
1502 2114 1556 2150 non

200 2181 247 2230 eat
265 2191 370 2240 rerum,
393 2177 463 2245 qnod
484 2175 634 2247 Sosigenes
662 2183 761 2231 namot
787 2176 1001 2247 peripateticus,
1028 2176 1057 2229 iu
1077 2175 1116 2229 eis
1133 2193 1204 2246 quae
1225 2177 1259 2229 de
1276 2177 1494 2230 revolutionibus
1514 2177 1556 2230 in·

200 2255 326 2327 scripsit,
347 2254 440 2312 Solem
459 2254 488 2311 in
508 2257 650 2328 perigaeis
678 2257 827 2328 eclipsibus
849 2255 930 2310 lactis
957 2255 1079 2326 spectari
1100 2273 1154 2309 non
1176 2263 1264 2310 toturn
1286 2257 1312 2309 in
1334 2257 1474 2311 anteriora
1493 2271 1557 2326 pro-

200 2351 356 2400 currentem
380 2334 532 2414 (intelligo
556 2344 628 2414 post
650 2334 767 2398 Lunam
789 2353 857 2396 sese
881 2334 1103 2414 recipientem),
1137 2347 1186 2399 sed
1220 2345 1249 2398 in
1283 2345 1414 2400 extremis
1445 2345 1557 2400 circum·

200 2425 337 2480 terentiae
367 2424 453 2495 ipsius
484 2425 615 2480 circulum
642 2427 739 2480 Lunae
770 2427 901 2490 eradere,
933 2441 966 2480 ae
986 2425 1094 2480 minime
1124 2426 1283 2495 impeditum
1310 2426 1404 2481 lumen
1430 2428 1506 2481 dare.
1519 2421 1557 2495 Π)

112 2525 120 2538 ·
199 2505 343 2584 Apparet
364 2485 674 2583 Hipparchum'idem
697 2504 828 2578 dixisse,
857 2505 935 2584 quod
959 2505 1151 2566 Ptolemaeus
1175 2505 1212 2565 de
1237 2504 1393 2566 diametris
1417 2504 1557 2566 luminum

199 2593 286 2666 dixit,
309 2591 489 2672 Sosigenem
512 2611 584 2654 vero
612 2592 766 2654 addidisse
795 2593 872 2654 hauc
900 2591 1200 2671 interpretationem:
1230 2591 1256 2653 si
1285 2592 1397 2654 lunrina
1420 2610 1558 2675 apogaea

200 2689 377 2762 spectentur
400 2680 504 2744 eodem
528 2681 649 2760 angulo,
672 2689 754 2744 certe
778 2680 881 2744 Solem
904 2680 1076 2762 perigaenm
1099 2689 1269 2759 spectatum
1293 2679 1328 2741 iri
1351 2681 1471 2759 majori,
1497 2680 1558 2742 etsi

197 2770 255 2832 hoc
278 2789 331 2850 per
354 2770 506 2850 dioptram
529 2770 567 2832 ob
591 2769 759 2833 exilitatem
783 2789 841 2832 uon
865 2769 1117 2848 deprehendatur.
1163 2769 1244 2831 Fieri
1268 2769 1369 2848 itaque
1392 2787 1500 2848 posse,
1524 2777 1559 2830 nt

198 2857 265 2921 Soli
287 2858 428 2939 perigaeo
452 2859 540 2922 Luna
561 2857 697 2939 dropace
721 2859 820 2921 etita
843 2858 950 2920 minori
974 2856 1083 2937 angulo
1108 2857 1277 2936 objiciatur,
1303 2865 1336 2918 et
1358 2857 1403 2918 sic
1420 2856 1475 2919 Sol
1498 2874 1557 2918 non

198 2955 283 3010 totus
306 2966 360 3028 per
383 2966 487 3010 omnes
521 2949 732 3011 extremitates
763 2955 894 3027 tegatur.
942 2947 1109 3026 Propterea
1134 2946 1257 3007 Proclns
1291 2945 1393 3006 addit:
1428 2955 1501 3010 Nam
1534 2953 1558 3008 ai

198 3037 334 3110 quispiam
358 3037 412 3093 hoc
433 3037 589 3104 admiserit.
618 3039 667 3094 Sol
688 3037 871 3094 differentiam
900 3036 985 3092 halet
1014 3035 1208 3106 apparentium
1238 3035 1440 3092 diametrorum.
1492 3034 1557 3095 Imo

198 3147 270 3191 vero
299 3126 492 3209 respondebit
514 3127 621 3190 Proclo
645 3125 825 3205 Sosigenes,
857 3124 927 3206 qnia
955 3123 1072 3187 omnino
1096 3121 1199 3186 Solem
1228 3141 1353 3185 necessa
1383 3130 1431 3184 eet
1459 3139 1556 3201 appa·

198 3217 329 3280 rentium
352 3217 565 3278 diametrorum
589 3215 787 3278 differentiam
812 3214 932 3287 tacere;
957 3212 1076 3275 accedit
1098 3213 1177 3276 euim
1202 3219 1234 3273 et
1256 3210 1384 3285 recedit,
1411 3211 1478 3273 ideo
1503 3211 1558 3272 hoc

200 3325 258 3386 ego
282 3305 352 3368 duxi
376 3304 604 3366 admittendum.
642 3304 693 3365 Ita
716 3322 771 3366 nos
786 3302 911 3365 Proolus
931 3303 1031 3374 docet,
1055 3301 1202 3364 statuisse
1226 3299 1415 3381 Sosigenem‚
1440 3297 1558 3360 omnino

199 3393 296 3456 videri
322 3393 403 3456 tales
434 3393 577 3472 eclipses,
610 3393 727 3473 qualern
757 3393 844 3454 uobis
873 3389 997 3455 Clavins
1026 3410 1114 3454 uuam
1147 3389 1290 3469 prodidit.
1338 3387 1406 3458 Quo
1439 3387 1559 3468 quidem

202 3484 269 3548 loco
293 3482 351 3544 sibi
381 3482 440 3562 ipsi
462 3482 587 3544 Procius
612 3482 890 3561 interpretationem
923 3481 1010 3542 affert
1033 3480 1113 3558 ejus,
1148 3479 1226 3559 qnod
1251 3499 1270 3540 a
1292 3476 1436 3560 principio
1466 3476 1560 3539 libelli

199 3573 457 3654 Hypotyposeon,
481 3569 659 3632 mirabilium
693 3569 902 3649 quaestionum
935 3568 1039 3649 quinta
1068 3568 1194 3630 dixerat.
1241 3577 1308 3632 cnm
1332 3578 1432 3640 etiem,
1454 3565 1560 3645 inquit,

199 3663 298 3717 Lunae
319 3659 498 3732 inperfectis
518 3659 663 3716 Solarihus
685 3659 834 3730 eclipsibus
855 3661 991 3729 quaedam
1012 3663 1168 3720 cernantur,
1180 3657 1369 3713 differentiae:
1395 3673 1460 3712 uam
1480 3661 1557 3709 totns

200 3743 350 3814 aliquando
370 3741 420 3795 Sol
439 3740 537 3812 obtegi
562 3740 721 3810 conspectui
751 3739 859 3794 ridetur
888 3747 1001 3794 nostro:
1032 3739 1181 3809 aliquando
1202 3738 1311 3807 inipso
1339 3736 1473 3800 articulo,
1505 3751 1559 3804 quo

200 3830 297 3877 centra
311 3823 363 3876 duo
378 3827 408 3874 et
422 3820 519 3874 oculus
533 3821 562 3875 iu
582 3822 698 3876 eandem
711 3819 835 3875 incidunt
855 3819 966 3883 lineam,
987 3819 1070 3874 Luna
1083 3819 1158 3872 iutra
1171 3817 1243 3872 Solis
1258 3817 1391 3873 ambitum
1404 3821 1557 3888 spectatur.

201 3900 355 3970 Ostendit,
378 3899 509 3980 inquam,
535 3900 600 3961 loco
624 3898 706 3978 prius
731 3897 878 3973 adducto,
902 3917 935 3959 se
959 3898 1008 3960 hic
1031 3897 1112 3978 loqui
1134 3915 1194 3958 non
1218 3895 1254 3958 de
1279 3895 1479 3978 experientia,
1504 3892 1560 3954 sed

200 4009 238 4052 ex
261 3987 419 4070 Sosigeuis
452 3987 674 4050 traditionibus.
720 3988 801 4050 Nam
824 3987 850 4048 si
873 4005 990 4060 eorum,
1025 4005 1101 4066 quae
1124 3982 1173 4046 hio
1205 3985 1296 4061 dixit,
1327 3983 1482 4066 propriam
1505 3988 1560 4043 aut

200 4080 311 4142 saltem
334 4083 450 4141 certam
472 4075 630 4146 habuisset
652 4076 877 4156 experientiam,
902 4093 1053 4155 uunquam
1067 4074 1129 4148 illa,
1154 4091 1229 4153 quae
1253 4074 1350 4155 primo
1369 4074 1435 4136 loco
1461 4069 1559 4132 addu-

199 4167 308 4243 ximus,
331 4167 362 4228 in
381 4185 448 4228 enm
467 4165 588 4228 modurn
611 4165 838 4246 subjunxisset:
863 4183 1014 4246 nunquam
1029 4183 1074 4238 ea,
1101 4181 1176 4242 quae
1192 4160 1356 4244 Sosigenes
1378 4159 1558 4234 tradiderat,

201 4255 230 4318 in
254 4255 375 4319 dubium
399 4262 551 4323 vocasset,
575 4261 679 4334 utpote
705 4253 893 4336 experientia
916 4271 969 4334 per
993 4273 1025 4314 se
1050 4251 1235 4314 confirmata.

287 4371 339 4434 An
362 4370 456 4451 igitur
479 4371 554 4431 haec
578 4368 723 4432 aOlavio
748 4370 848 4432 relata
871 4367 993 4447 eclipsis
1016 4385 1070 4447 per
1085 4366 1288 4427 Ptolomeicus
1313 4363 1497 4447 hypotheses
1521 4359 1560 4422 ab

201 4460 374 4540 Hipparcho
402 4466 435 4520 et
457 4457 605 4538 Sosigeue
638 4465 841 4522 transsumtas
869 4457 968 4536 possit
999 4454 1161 4518 excusari?
1194 4453 1328 4516 Minime.
1375 4452 1507 4515 Primum
1531 4449 1560 4510 iu

202 4549 269 4630 ipsa
299 4545 487 4628 longitudine
521 4548 621 4610 media
650 4547 709 4610 fuit
736 4547 840 4621 Luna,
873 4545 971 4625 major
1003 4544 1150 4606 hamster
1177 4543 1295 4616 Lunae,
1330 4558 1420 4622 quam
1443 4537 1561 4602 Solaria

202 4637 294 4700 etiam
323 4657 475 4718 nsprpsrce.
520 4635 638 4699 Deinde
663 4634 717 4697 Sol
740 4636 805 4715 ipse
839 4651 944 4698 versus
976 4649 1143 4714 apogaeum
1173 4631 1253 4705 ibat,
1287 4637 1319 4692 at
1340 4647 1417 4710 pane
1439 4627 1561 4689 minimo

202 4727 313 4806 angulo
347 4725 555 4807 spectabatur.
611 4721 713 4786 Causa
745 4722 838 4804 igitur
870 4719 1070 4803 phaenomeui
1102 4720 1163 4783 alia
1193 4726 1241 4782 est
1277 4717 1458 4799 quaerenda.
1514 4714 1562 4777 aa

201 4814 313 4891 nescio,
339 4833 380 4878 au
408 4829 473 4874 eam
497 4811 679 4877 Plutarchus
702 4811 805 4878 libello
830 4812 922 4874 toties
940 4810 1005 4891 iam
1026 4808 1147 4890 pulsato
1171 4807 1208 4871 de
1230 4805 1309 4874 reete
1338 4806 1444 4870 Lunae
1472 4805 1563 4887 plane
