3718 5528
774 307 855 374 caus
870 306 943 360 rur.
963 307 988 358 r.
1495 299 1561 370 313

201 505 260 550 non
286 485 323 548 de
346 486 472 566 partiali
495 485 599 568 eclipsi
623 487 714 569 loqui,
738 487 767 548 in
792 487 851 568 qna
870 485 924 550 Sol
946 485 975 547 iu
995 487 1115 548 Lauare
1139 503 1231 547 cornu
1254 483 1345 547 fuerit
1367 489 1560 546 attenuatus:

204 577 258 638 sed
283 576 374 657 plane
400 577 436 638 de
467 577 570 652 totali,
600 575 651 638 nbi
675 576 730 639 Sol
758 576 865 638 deinde
894 595 948 656 per
978 575 1094 656 specics
1118 576 1221 636 Lunae
1254 573 1408 636 nascentis
1438 573 1561 635 exordio

206 672 295 745 capto
327 665 421 727 fuerit
449 665 556 727 iterum
586 665 740 744 impletus,
771 666 936 745 cujusmodi
968 665 1129 746 descriptio
1157 665 1237 726 infra
1265 681 1303 724 ex
1329 664 1394 724 vita
1416 661 1562 724 Ludovici

207 759 356 834 sequetur.
404 754 484 818 Nam
509 773 574 815 oum
597 764 669 834 post
692 772 786 816 annos
810 762 928 834 septem
951 773 1068 816 rursum
1091 753 1213 834 eclipsis
1235 751 1391 814 incidisset
1413 771 1472 813 nou
1496 771 1562 813 ruo-

204 844 272 905 dica
285 843 338 904 sed
354 852 471 923 septem
488 844 660 922 digitorum,
684 851 827 924 quantam
842 843 1022 904 Maestlinus
1039 863 1077 904 ex
1090 843 1260 906 Prutenicis
1274 840 1397 915 invenit,
1419 841 1560 903 distincte

204 941 305 995 lamen
329 940 435 994 auctor
455 933 491 994 de
512 953 548 993 ea
571 933 711 1014 loquitur.
741 947 784 999 De
805 945 870 999 Sole
891 945 1025 999 nonnulla
1045 961 1111 1016 pars
1133 944 1242 1008 defecit,
1265 931 1376 1001 eilanes
1390 949 1417 991 τι
1440 929 1561 1010 ἐγενετο,

204 1021 351 1096 iudicans,
376 1041 435 1083 non
460 1029 557 1084 totum
583 1021 739 1085 defecisse.
786 1025 844 1085 Hic
868 1023 1044 1103 simpliciter
1068 1020 1084 1084 ὁ
1108 1019 1187 1102 ἣλιος
1210 1019 1331 1095 ἐξελιπε.
1375 1017 1437 1082 Cur
1461 1027 1564 1080 autem

204 1111 331 1172 adderet
354 1109 407 1172 illa
429 1133 581 1190 γινομενας
604 1118 769 1190 purcardus,
802 1133 894 1174 eausa
922 1112 1042 1176 videtur
1070 1115 1190 1186 eadem,
1223 1131 1298 1192 quae
1322 1109 1441 1190 impulit
1463 1109 1561 1187 ipsum

201 1199 278 1262 haec
309 1200 433 1273 addere,
466 1209 554 1266 rideri
581 1202 638 1263 sihi
668 1202 817 1263 defectum
841 1200 924 1264 Solis
953 1212 981 1266 iu
1012 1214 1071 1267 solo
1101 1212 1240 1266 novilunio
1273 1227 1356 1280 posse
1386 1209 1558 1279 confingere.

203 1287 443 1350 Confirmaturus
467 1289 544 1350 enim
569 1289 646 1352 hanc
671 1310 756 1352 suam
780 1289 964 1370 opinionem,
995 1293 1074 1371 quod
1097 1293 1186 1353 Luna
1209 1289 1308 1352 Solari
1333 1288 1435 1350 lumini
1460 1287 1564 1349 obstet

203 1377 233 1438 in
258 1377 362 1458 eclipsi
388 1379 591 1450 (astronomia
614 1387 684 1441 tunc
708 1379 787 1442 inter
802 1378 938 1442 Graecos
962 1382 1092 1443 nondum
1112 1381 1247 1451 exculta)
1273 1377 1359 1439 addit
1377 1395 1453 1457 quae
1473 1376 1561 1438 vide·

205 1466 254 1540 rit,
279 1464 381 1528 Solem
405 1466 522 1528 scilicet
544 1464 691 1547 paulatim
714 1477 749 1530 ut
771 1470 849 1531 alias
873 1470 960 1531 Luna
983 1470 1064 1530 solet
1087 1471 1193 1532 iterum
1217 1467 1389 1546 impletum,
1414 1466 1481 1546 ipso
1505 1464 1561 1526 de·

205 1557 286 1616 lectu
310 1563 341 1616 et
364 1557 497 1616 cavitate
522 1575 578 1618 sua
600 1558 706 1619 Lunae
729 1559 947 1620 rotunditatem
970 1559 1141 1637 prodidisse
1165 1557 1224 1620 sibi
1247 1558 1429 1618 obstantem.

292 1644 396 1705 Livius
425 1644 476 1706 lib.
503 1643 555 1720 37,
581 1642 611 1708 4.
657 1657 743 1711 Lucio
765 1657 845 1712 Corn.
867 1657 995 1727 Scipione
1016 1663 1046 1710 et
1063 1658 1093 1712 C.
1121 1656 1219 1711 Laelio
1242 1655 1317 1709 Coss.
1348 1670 1399 1723 per
1419 1670 1467 1706 eos
1494 1652 1561 1716 dies,

203 1733 302 1805 quibus
323 1734 464 1804 profectus
491 1738 524 1789 od
550 1737 655 1791 bellum
676 1738 736 1792 Cos.
757 1738 829 1791 ludis
850 1737 1060 1808 Apollinaribus
1082 1754 1108 1791 a.
1130 1739 1156 1792 d.
1179 1737 1213 1790 V.
1234 1735 1273 1790 Id.
1307 1733 1452 1797 Quintiles,
1483 1734 1561 1786 coelo

202 1839 300 1878 sereno
327 1823 447 1878 interdiu
472 1825 622 1880 obscurata
649 1829 699 1881 lux
729 1835 787 1892 est;
819 1845 878 1882 oum
905 1829 988 1882 Luna
1015 1827 1066 1881 sub
1092 1829 1186 1880 orbem
1206 1825 1278 1880 Solis
1307 1822 1447 1878 subiisset.
1491 1812 1563 1873 Fuit

204 1921 300 1962 annus
331 1897 362 1964 2.
411 1901 529 1984 Olymp.
566 1901 637 1969 147.
683 1907 771 1969 Luna
808 1927 826 1968 a
855 1906 996 1986 perigaeo
1033 1904 1243 1984 consurgebat.
1295 1903 1405 1964 Forma
1439 1900 1563 1962 Juliaua

207 1987 236 2053 3.
261 1990 365 2052 Martii
389 2001 459 2053 ante
485 1991 637 2056 Christum
662 2015 738 2056 anno
766 1993 838 2060 190.

293 2097 421 2160 Biennio
445 2105 515 2178 post
543 2101 622 2162 idem
646 2101 750 2164 Livius
781 2103 833 2165 lib.
858 2101 915 2177 38,
949 2098 1003 2164 37.
1039 2101 1123 2174 „luce
1148 2099 1227 2161 inter
1256 2098 1361 2159 horam
1384 2097 1507 2158 tertiam
1532 2103 1563 2157 et

207 2194 345 2266 quartam
370 2189 512 2249 tenebras
536 2189 680 2251 obortas“
706 2191 766 2265 ait3
797 2193 903 2273 quibus
926 2191 1110 2269 temporibus
1134 2189 1267 2249 calculus
1295 2185 1420 2264 eclipsin
1451 2185 1563 2246 nullam

208 2275 342 2337 exhibet.
389 2276 560 2355 Prodigium
593 2279 685 2358 igitur
719 2281 784 2342 fuit.
831 2277 1001 2358 Buntingus
1033 2277 1157 2356 eclipsin
1191 2271 1373 2358 producit3
1403 2273 1573 2354 digitorum·

204 2363 337 2442 ineptam
359 2365 398 2426 ad
422 2365 564 2428 tenebras
587 2368 752 2442 faciendas,
776 2370 844 2449 quin
869 2377 900 2430 et
922 2370 996 2430 hora
1015 2369 1085 2443 alia,
1109 2386 1215 2446 nempe
1231 2363 1262 2429 9.
1286 2366 1361 2426 hora
1385 2364 1443 2424 diei
1468 2365 1563 2436 (more

206 2451 360 2528 Romano)
385 2452 498 2516 incidit.

292 2542 498 2605 Memorabilis
522 2551 569 2606 est
601 2546 737 2626 inprimis
767 2546 821 2608 illa
847 2546 986 2625 eclipsis,
1022 2565 1110 2625 quam
1132 2542 1325 2623 Hipparchus
1358 2541 1388 2602 in
1420 2540 1496 2602 libro
1525 2541 1562 2601 de

203 2630 459 2709 magnitudinibus
492 2642 523 2693 et
552 2633 720 2697 intervallis
753 2635 946 2710 adhibuerat,
977 2635 1124 2696 incertum
1157 2653 1176 2693 a
1208 2651 1240 2692 se
1270 2651 1308 2692 au
1340 2652 1360 2693 a
1383 2629 1562 2692 Timochare

206 2719 410 2793 observatam,
435 2739 500 2782 cum
524 2722 729 2786 Alexandriae
754 2724 902 2785 scribatur
927 2726 1108 2784 observata:
1131 2720 1261 2795 Etenim,
1286 2728 1319 2780 ut
1344 2721 1381 2780 de
1406 2737 1443 2780 ea
1467 2716 1560 2779 Cleo·

204 2808 309 2870 medes
332 2810 438 2884 refert,
475 2822 523 2876 Sol
558 2829 633 2877 totus
667 2823 695 2878 iu
729 2824 913 2893 Hellesponto
949 2822 1075 2877 deficiens
1111 2824 1274 2876 observatus
1300 2825 1346 2873 est
1372 2817 1562 2872 Alexandriae

205 2897 304 2972 quinta
322 2905 404 2968 parte
425 2901 551 2956 diametri
572 2905 660 2969 salva,
682 2905 792 2974 reliqua
812 2905 938 2958 deficere.

298 2993 438 3057 Meminit
471 2999 536 3079 ejus
565 2999 759 3063 Ptolemaeus
787 3000 838 3062 lib.
865 3001 905 3062 V.
940 2999 1045 3080 Magni
1071 2997 1197 3079 Operis,
1232 3016 1298 3077 cap.
1322 2993 1378 3058 Xl.
1404 3002 1435 3056 et
1458 2993 1562 3056 Theon

204 3083 234 3143 in
264 3081 486 3148 Commentario
515 3107 604 3168 super
631 3090 687 3151 hoc
715 3089 815 3150 uerbis
844 3089 1045 3150 notabilibus:
1086 3098 1218 3161 Assumit,
1240 3085 1349 3166 inquit,
1388 3094 1504 3164 eclipsin
1534 3093 1562 3148 iu

204 3171 287 3239 locis,
309 3191 379 3245 quae
401 3183 466 3230 sunt
486 3178 559 3232 circa
578 3179 800 3250 Hellespontum,
823 3180 850 3234 in
871 3187 931 3234 toto
951 3181 1015 3237 Sole
1038 3185 1168 3235 accurate
1190 3179 1309 3241 factam,
1331 3182 1364 3229 ut
1384 3175 1453 3228 nihil
1474 3177 1507 3228 de
1529 3193 1562 3228 eo

205 3270 366 3332 appareret.
411 3255 479 3316 Non
505 3265 620 3318 tantum
646 3259 702 3320 hoc
726 3259 866 3334 affirmat,
891 3267 988 3320 totum
1013 3257 1115 3320 Solem
1138 3257 1168 3318 in
1191 3257 1390 3336 Hellesponto
1416 3253 1561 3314 latuisse:

206 3343 261 3402 sed
285 3342 374 3402 etiam
398 3343 589 3406 latitudinem
613 3347 657 3407 illi
680 3347 885 3426 phaenomeno
910 3347 1029 3421 tribuit,
1055 3357 1083 3411 in
1103 3357 1170 3410 locis
1203 3343 1338 3425 inquiens
1367 3352 1562 3422 circumjacen-

206 3441 291 3494 tibus.
327 3431 405 3492 Hiuc
434 3443 496 3508 est,
529 3435 608 3513 quod
632 3433 809 3497 Cleomedes
833 3437 884 3498 lib.
910 3437 949 3498 Π.
975 3437 1069 3498 refert
1091 3435 1196 3516 procul
1225 3433 1313 3495 dubio
1346 3451 1383 3492 ex
1415 3432 1471 3492 hoc
1494 3431 1562 3510 ipso

205 3519 371 3597 Hipparchi
396 3521 475 3596 ¹000,
500 3533 574 3588 hauc
599 3537 723 3589 umbram
749 3536 812 3606 plus
841 3551 924 3606 quam
948 3541 1046 3607 quater
1072 3536 1147 3590 mille
1169 3533 1262 3590 stadis
1282 3549 1427 3602 occupare.
1470 3529 1562 3585 Omnis

206 3609 279 3662 eninr
308 3609 399 3674 locus,
431 3611 459 3666 iu
489 3631 542 3684 quo
571 3613 619 3668 Sol
649 3633 703 3668 non
733 3615 854 3670 cernitur
878 3617 959 3671 Luua
989 3617 1229 3678 subtercurrente,
1259 3613 1359 3667 umbra
1383 3613 1480 3666 Lunae
1510 3615 1562 3663 est.

206 3687 310 3748 Theon
335 3687 414 3749 enim
437 3693 545 3764 refert,
570 3693 777 3772 Hipparchum
800 3695 914 3756 exilia
938 3695 1043 3773 eclipsi
1068 3696 1225 3773 collegisse
1259 3690 1434 3752 distantiam
1458 3689 1563 3748 Lunae

207 3776 341 3837 citimam
366 3775 405 3839 71
432 3781 743 3856 semidiametrorum,
773 3783 909 3844 ultimam
933 3779 996 3855 83,
1021 3784 1156 3863 quamvis
1180 3789 1287 3862 postea
1311 3777 1501 3840 descenderit
1524 3776 1562 3837 ob

208 3883 316 3926 causas
353 3865 429 3928 alias
455 3887 473 3928 a
497 3865 539 3930 62
573 3870 611 3930 ad
641 3863 738 3952 727,
786 3868 901 3941 Quodsi
935 3873 1081 3933 diameter
1113 3871 1218 3933 Lunae
1248 3874 1418 3929 assumatur
1447 3861 1501 3928 30‘
1533 3865 1562 3924 in

208 3971 361 4033 apogaeo,
393 3957 471 4035 quod
495 3957 668 4037 Hipparcho
699 3959 813 4036 visum,
843 3961 896 4023 fiet
920 3961 948 4021 in
972 3959 1114 4040 perigaeo
1139 3957 1200 4034 35,
1229 3977 1283 4038 per
1306 3954 1563 4016 eccentricitatem

207 4041 464 4122 Hipparchiauam
488 4047 637 4108 excedens
661 4047 840 4111 diametrum
864 4049 965 4124 Solis,
998 4057 1111 4129 quanta
1134 4049 1172 4110 ab
1196 4045 1369 4126 Hipparcho
1393 4042 1562 4122 usurpaba-

208 4139 271 4204 tur,
296 4128 338 4194 5¹.
384 4133 428 4196 Ut
451 4142 551 4196 autem
581 4153 688 4216 corpus
717 4137 747 4198 in
778 4139 835 4200 hae
865 4138 1050 4202 sublimitate
1074 4136 1112 4199 71
1141 4136 1427 4198 semidiametrorum
1451 4131 1562 4192 Terrae

207 4228 357 4298 permutet
384 4221 481 4284 locum
512 4223 636 4303 per5‘,
670 4244 746 4306 opus
777 4234 825 4287 est
855 4235 890 4288 ut
918 4245 972 4306 per
996 4225 1035 4290 6ο
1058 4227 1160 4289 circuli
1191 4224 1313 4287 Terreni
1344 4230 1430 4283 eatur
1454 4243 1473 4282 a
1496 4221 1562 4281 loco

209 4307 257 4369 ubi
277 4308 365 4371 Luna
387 4312 564 4373 verticalis:
590 4323 621 4374 et
644 4314 724 4376 circa
741 4315 973 4394 Hellespontum
997 4317 1025 4377 in
1051 4317 1104 4378 alt.
1145 4313 1184 4393 Θ
1205 4316 1234 4376 in
1255 4327 1287 4380 ee
1313 4309 1374 4374 71ο
1397 4329 1451 4390 per
1469 4301 1562 4390 672⁰.

210 4395 265 4457 Illa
289 4417 358 4460 vero
390 4407 494 4461 aetate
518 4401 737 4463 Eratosthenes
767 4403 943 4466 definiverat
971 4405 1116 4467 ambitum
1139 4405 1251 4467 Terrae
1275 4397 1408 4464 250000
1444 4397 1562 4461 stadio-

210 4503 291 4548 rum:
316 4489 353 4548 de
378 4488 484 4569 quibus
503 4486 591 4552 4000
614 4491 704 4570 plane
724 4487 763 4554 6⁰
785 4491 928 4556 efficiunt.
963 4492 1035 4555 Sive
1059 4495 1152 4574 igitur
1174 4511 1212 4553 ex
1234 4489 1362 4568 simplici
1387 4486 1563 4550 considera-

212 4573 288 4636 tione
312 4577 405 4655 spatii
430 4577 606 4650 Terrarum,
635 4597 692 4658 per
715 4581 793 4660 quod
816 4589 900 4643 totus
924 4580 978 4644 Sol
1001 4583 1030 4643 in
1055 4583 1112 4643 hac
1137 4581 1242 4660 eclipsi
1266 4579 1405 4650 latuerit,
1437 4576 1502 4639 sive
1525 4591 1564 4636 ex

211 4661 265 4724 hac
283 4665 349 4744 jam
373 4665 515 4744 expedita
537 4668 769 4730 ratiocinatione
793 4671 985 4751 Hipparchus
1008 4672 1062 4732 illa
1084 4668 1172 4734 4000
1195 4669 1295 4731 stadia
1328 4666 1500 4738 deduxerit,
1525 4665 1562 4725 de

209 4751 315 4830 quibus
340 4752 540 4818 cleomedes:
569 4765 695 4836 utroque
719 4759 837 4820 nomine
859 4761 959 4822 valide
984 4759 1186 4829 convincitur,
1217 4757 1344 4820 totalem
1368 4755 1462 4817 fuisse
1484 4755 1563 4815 hanc

210 4841 344 4920 eclipsin,
369 4841 444 4904 Sole
467 4844 678 4922 post‘Luuam
701 4865 769 4908 cum
792 4849 893 4928 aliqua
916 4865 1000 4910 mora
1023 4849 1149 4909 latente.
