3672 5528
769 272 851 337 Caput
869 267 913 324 tv.
933 271 958 322 d.
1215 255 1218 263 ¹
1264 213 1268 222 0
1481 275 1543 343 199

185 456 300 514 annm
330 449 562 526 retractionem,
596 469 673 530 quae
701 467 817 512 omnem
850 448 1067 529 dispersionem
1092 450 1166 514 lucis
1199 451 1296 526 sistit,
1333 437 1430 533 quare
1448 455 1554 518 lucem*

186 537 474 619 perpendiculariter
497 539 679 602 descendere
699 537 774 600 tacit
787 546 820 599 ει
842 557 960 600 onruem
983 547 1113 618 occupat
1135 539 1366 604 incidentiarum
1390 544 1543 622 angulum,

185 627 257 692 nihil
286 627 379 707 igitur
408 627 552 708 relinquit
579 627 747 690 secantium
775 626 970 708 proportioni.
1021 627 1100 690 Nam
1129 646 1184 707 per
1211 631 1410 708 praemissam
1441 633 1545 712 anguli

186 716 342 796 sabaque
365 723 512 796 perpetuo
536 716 612 779 recti
636 723 732 786 eruut,
757 734 829 794 ergo
853 735 960 778 secans
990 724 1135 796 perpetuo
1160 717 1248 780 idem.
1295 721 1447 784 Remenet
1471 741 1543 802 ergo

187 805 251 869 sola
272 804 457 868 incidentiae
482 804 645 885 proportio.
692 805 737 866 At
760 803 811 866 ubi
833 823 929 884 parva
956 805 1112 880 retractio,
1138 825 1191 887 per
1214 808 1413 888 praemissam
1435 829 1544 889 parum

187 893 278 956 etiam
310 893 455 956 adimitur
487 894 647 974 quadranti
676 912 730 976 pro
759 892 873 956 ultimis
889 893 1078 961 ,secantibus
1112 896 1307 974 quaerendis,
1339 897 1457 977 quando
1477 899 1543 978 jam

188 982 381 1046 vehementer
403 991 553 1046 crescunt.
602 981 718 1046 Contra
741 983 791 1045 ubi
814 1001 924 1061 inagna
953 981 1104 1058 densitas,
1137 1003 1248 1064 magna
1271 995 1320 1048 est
1349 987 1544 1050 horizontalis
1658 1011 1659 1014 ¹

187 1071 329 1134 retractio
358 1080 391 1133 et
418 1070 544 1134 multum
575 1071 704 1134 demitur
732 1071 892 1151 quadranti
920 1089 974 1150 pne
1004 1073 1199 1152 excerpendis
1228 1074 1399 1136 ultimarum
1428 1076 1543 1138 retrac-

188 1161 301 1224 tionum
324 1160 510 1222 secantibus.
549 1160 618 1222 Illic
642 1160 735 1238 igitur
756 1159 880 1222 ultimae
904 1160 1101 1222 retractiones
1121 1162 1152 1222 in
1176 1181 1287 1241 magna
1310 1171 1449 1226 crescunt
1471 1184 1544 1244 pro-

188 1248 339 1330 portione,
363 1248 413 1310 bic
436 1247 467 1310 in
490 1248 605 1312 minori.
652 1249 789 1329 Denique
814 1248 838 1309 si
863 1247 995 1310 maxima
1021 1249 1164 1312 retractio
1195 1251 1284 1314 medii
1313 1271 1417 1332 parum
1446 1253 1542 1327 densi,

188 1346 220 1400 ut
242 1337 332 1409 aeris.
358 1345 407 1400 εει
429 1347 493 1400 tarn
517 1337 674 1418 multiplex
697 1337 888 1400 retractionis
910 1335 1142 1400 inclinationum
1166 1347 1198 1402 et
1221 1341 1410 1404 retractionis
1434 1361 1544 1404 secan·

188 1427 261 1490 tiurn
293 1426 460 1489 minorum:
491 1435 540 1489 est
572 1445 643 1488 vero
667 1435 701 1489 ut
727 1427 848 1508 ponitur
879 1425 947 1507 ipsa
979 1427 1157 1507 perexigua,
1192 1428 1250 1490 erit
1278 1449 1349 1510 engo
1378 1449 1459 1510 pars·
1479 1431 1545 1509 ejus
1628 1463 1637 1482 x

188 1516 341 1596 aliquota,
370 1533 447 1595 quae
467 1515 613 1595 competit
633 1514 879 1578 inclinationibus
902 1516 1032 1578 nondum
1054 1516 1144 1596 plane
1168 1517 1420 1594 horizontalibus,
1454 1521 1546 1582 multo

189 1603 284 1666 minus
308 1603 472 1666 sensibilis.
500 1605 627 1683 ltaque
651 1604 737 1666 tarde
763 1613 795 1665 et
817 1604 898 1666 circa
920 1605 1008 1667 finem
1032 1605 1151 1667 demum
1174 1605 1298 1688 incipiet
1321 1608 1437 1670 sentiri.

274 1692 499 1773 Propositio
523 1693 625 1756 VHI.‘
660 1693 822 1755 Problema
844 1694 867 1766 l.
904 1693 959 1754 Ex
982 1693 1138 1773 cognita
1160 1695 1409 1777 cojuscunque
1434 1697 1543 1759 incli-

189 1781 354 1846 nationis
386 1782 616 1845 retractione
653 1782 862 1860 composita
897 1781 1028 1844 venari
1068 1784 1317 1846 retractionis
1354 1784 1544 1848 elementa
1644 1815 1652 1862 ς
1724 1855 1730 1863 ,

188 1881 227 1933 ει
256 1869 511 1934 retractiones
542 1869 823 1934 inclinationum
854 1879 1063 1933 ceterarum
1093 1873 1324 1952 compositas
1354 1893 1417 1936 seu
1448 1875 1544 1936 iute-

189 1979 284 2040 gras.
337 1958 387 2022 Sit
419 1959 550 2024 medium
581 1979 674 2040 aqua,
708 1959 863 2021 inclinatio
891 1956 964 2023 800.
1014 1959 1171 2023 Retractio
1204 1981 1242 2023 err
1274 1963 1442 2026 Vitellione
1476 1960 1544 2027 30⁰.

189 2049 277 2112 Hanc
311 2067 466 2112 maumam
497 2057 531 2111 nt
561 2049 750 2129 grandiorem
782 2047 938 2128 minusque
971 2049 1000 2111 in
1033 2049 1219 2129 experientia
1251 2051 1401 2114 fallacem.
1453 2051 1545 2130 Ergo,

189 2138 238 2218 qni
271 2137 327 2200 sub
360 2157 441 2218 aqua
473 2146 534 2210 est,
572 2138 600 2201 is
637 2134 698 2202 50⁰
738 2136 899 2200 inclinatur
936 2139 975 2198 ad
1016 2137 1276 2220 perpendiculum.
1319 2140 1405 2220 cnjus
1444 2141 1545 2220 anguli

187 2245 296 2288 secans
322 2221 462 2290 155572.
510 2227 555 2290 Ut
576 2226 625 2288 bic
649 2226 688 2288 ad
719 2233 873 2288 secantem
902 2225 1003 2307 anguli
1027 2223 1063 2302 0,
1092 2227 1123 2288 id
1151 2235 1200 2289 est
1223 2229 1262 2290 ad
1292 2229 1391 2292 sinum
1419 2236 1544 2303 rectum,

188 2315 230 2378 sic
252 2315 395 2379 retractio
415 2315 585 2395 composita
605 2309 667 2379 300
686 2316 725 2377 ad
744 2314 955 2377 retractionem
975 2315 1230 2395 proportionalem
1251 2317 1455 2380 inclinationis
1474 2313 1545 2381 80⁰.

187 2403 265 2467 Nam
290 2404 530 2468 demonstratum
560 2405 616 2466 lroc
645 2413 694 2466 est
722 2403 753 2466 in
784 2402 998 2483 superioribus.
1045 2403 1127 2483 Ergo
1161 2407 1304 2470 rel'raotin
1335 2407 1465 2487 simplex
1491 2425 1546 2468 sen

188 2492 421 2573 proportionalis
445 2493 648 2556 inclinationis
671 2487 733 2556 800
755 2500 803 2554 εει
829 2489 888 2556 190
913 2488 974 2567 170,
999 2492 1046 2554 cni
1072 2488 1208 2556 100430
1233 2496 1361 2571 accedit,
1384 2502 1548 2576 propterea

189 2583 267 2664 qnod
291 2581 421 2644 medinm
444 2582 576 2645 retracto
600 2582 656 2644 snb
679 2601 759 2662 aqua
783 2581 906 2642 densius
930 2581 1073 2657 occurrit,
1098 2601 1187 2662 qnam
1210 2583 1340 2658 directo,
1365 2585 1394 2646 in
1419 2603 1547 2664 propor-

189 2672 267 2735 tione
293 2689 368 2750 qnae
393 2677 442 2732 est
468 2668 597 2734 155572
612 2671 652 2732 ad
670 2668 809 2734 100000.
847 2669 963 2732 Habita
986 2669 1167 2732 retractione
1191 2671 1320 2752 simplici
1344 2672 1547 2735 inclinationis

187 2756 258 2834 80⁰,
290 2761 343 2820 liat
372 2758 545 2822 distributio
579 2760 608 2821 in
638 2759 849 2822 inclinationes
886 2767 1021 2833 ceteras,
1061 2758 1131 2839 qnia
1162 2758 1290 2840 simplex
1323 2761 1466 2823 retractio
1499 2770 1548 2823 est

187 2847 431 2912 inclinationibus
446 2847 690 2928 proportionalis,
711 2847 839 2928 angulus
854 2847 983 2928 angulis.
1022 2847 1138 2910 Deinde
1158 2849 1311 2928 quaelibet
1329 2849 1548 2930 multiplicetur

188 2936 399 3000 irrsecantenr
428 2937 551 3000 retracti
585 2938 715 3000 nondum
748 2937 836 3016 plene
872 2936 997 3017 cogniti.
1049 2937 1211 3018 Totiesqne
1238 2939 1366 3000 iteretur
1393 2937 1548 3018 inquisitio

188 3026 337 3101 secantis,
370 3026 467 3088 donec
498 3026 593 3089 nulle·
611 3025 653 3088 eit
684 3025 806 3088 residua
838 3025 1053 3105 discrepantia.
1100 3027 1160 3090 Per
1188 3046 1307 3089 cossam
1331 3025 1362 3089 id
1385 3027 1487 3102 fleret,
1522 3027 1547 3088 si

188 3115 279 3178 etiam
311 3134 332 3176 a
351 3115 455 3196 ⁸rectis
493 3115 532 3176 ad
569 3134 677 3177 curvas
715 3123 797 3176 esset
832 3115 979 3176 transitus
1012 3115 1042 3176 in
1078 3114 1203 3177 cassicis
1243 3115 1547 3182 denominationibus.

187 3203 327 3283 Exempli
351 3223 455 3266 causa.
501 3203 694 3266 inclinationi
718 3198 780 3267 500
802 3203 879 3266 radii
907 3221 961 3283 per
984 3209 1085 3265 adrem
1113 3204 1242 3284 ingressi
1271 3223 1308 3266 ex
1337 3203 1547 3268 distributione

189 3292 380 3355 retractionis
404 3291 550 3372 simplicis
578 3293 765 3355 obvenerunt
787 3311 841 3372 pro
866 3291 996 3372 simplici
1024 3293 1205 3355 retractione
1234 3289 1290 3356 120
1313 3290 1356 3358 40.
1402 3294 1450 3357 nt
1472 3294 1548 3355 haec

189 3381 318 3444 nondum
342 3389 391 3443 εει
414 3382 518 3444 totalis
542 3381 694 3444 retractio.
733 3380 832 3461 Agam
856 3387 959 3442 tamen
980 3399 1016 3442 ae
1036 3381 1062 3443 si
1080 3389 1166 3443 esset
1189 3383 1296 3444 totalis
1316 3390 1348 3445 et
1370 3383 1547 3445 subtraham

189 3467 302 3545 250⁰,
336 3477 456 3532 restant
478 3465 540 3534 370
562 3466 625 3547 560,
660 3469 746 3550 cujus
773 3489 882 3532 secans
913 3464 1040 3533 126767
1071 3489 1124 3534 seu
1157 3490 1300 3534 excessus
1329 3489 1418 3551 super
1451 3472 1548 3534 sinum

189 3565 284 3622 totum
309 3555 418 3622 26787
443 3558 660 3640 multiplicatus
684 3559 714 3620 in
741 3555 799 3622 120
821 3555 854 3622 40
879 3567 910 3621 ει
933 3557 1047 3621 divisus
1074 3579 1128 3639 per
1158 3560 1256 3622 sinum
1285 3568 1383 3623 totum
1413 3559 1549 3622 ostendit

188 3643 226 3710 30
251 3644 305 3710 140
329 3665 384 3727 pro
406 3653 493 3727 parte
525 3648 729 3722 retractionis,
765 3666 841 3728 quae
866 3655 916 3709 est
937 3667 975 3709 ex
1008 3648 1196 3724 secantibus,
1226 3668 1302 3730 qnae
1330 3649 1414 3729 prius
1442 3648 1548 3710 itidem

189 3744 254 3799 erat
286 3735 496 3800 subtrahenda
527 3759 546 3798 a
576 3727 648 3800 50⁰5
703 3735 909 3800 Subtrahatur
939 3736 1031 3815 igitur
1064 3757 1083 3798 a
1110 3738 1175 3817 jam
1208 3737 1355 3800 diminuto
1388 3733 1450 3798 370
1482 3730 1546 3799 560.

188 3825 412 3906 Relinquuntur
445 3820 507 3888 340
535 3821 601 3889 420.
652 3823 746 3904 Cujus
778 3825 913 3888 secantis
944 3841 1087 3888 excessus
1119 3844 1210 3905 super
1243 3824 1339 3886 sinum
1372 3833 1469 3886 totum
1500 3832 1547 3884 est

189 3909 315 3986 21633,
348 3913 397 3996 qui
428 3913 644 3994 multiplicatus
669 3915 699 3976 in
726 3911 785 3977 120
806 3911 853 3988 40,
877 3913 1014 3976 ostendit
1036 3910 1076 3976 20
1099 3909 1326 3989 370,·ιιίιιιίιιιιι
1359 3929 1431 3990 ergo
1464 3911 1548 3992 prius

189 4011 263 4078 erat,
287 4023 357 4066 curn
382 4000 422 4065 30
447 3999 498 4068 140
523 4003 779 4069 subtraheremus.
825 4002 907 4084 Ergo
932 4023 951 4064 a
974 4000 1035 4066 370
1058 3999 1113 4066 560
1138 4003 1202 4080 jam
1232 4003 1308 4064 bunc
1332 3999 1447 4064 20370
1474 4000 1547 4064 sub-

189 4093 282 4168 trahe,
303 4092 485 4172 relinquitur
499 4089 561 4155 350
577 4089 638 4166 190,
664 4093 748 4172 cujus
763 4093 898 4154 secantis
912 4109 1054 4154 excessus
1069 4087 1188 4162 22554,
1209 4090 1259 4170 qui
1278 4089 1413 4151 ostendit
1427 4085 1546 4152 20430.

189 4179 246 4254 ttoi
270 4182 438 4246 etiamnum
463 4201 482 4242 a
505 4177 544 4243 20
566 4174 620 4243 370
645 4179 807 4261 discrepat
846 4179 998 4243 Subtrehe
1025 4198 1096 4259 ergo
1120 4201 1139 4240 a
1162 4175 1224 4242 370
1247 4175 1301 4242 560
1325 4179 1402 4240 bunc
1425 4175 1464 4239 20
1482 4175 1546 4250 430,

188 4280 305 4334 restant
338 4267 403 4334 350
430 4269 491 4341 130,
523 4269 608 4348 cujus
641 4270 775 4332 secantis
810 4289 953 4332 excessus
985 4264 1096 4331 22402
1130 4268 1157 4328 in
1185 4263 1297 4331 12040
1329 4265 1547 4346 multiplicatus

186 4361 320 4424 camma
345 4357 386 4424 20
404 4355 470 4421 420.
507 4356 587 4428 Quia
610 4375 684 4438 ergo
701 4357 749 4419 hie
769 4345 881 4422 20420
905 4378 924 4419 a
942 4357 1041 4438 priore
1065 4353 1103 4420 20
1121 4354 1176 4420 430
1200 4355 1416 4419 insensibiliter
1436 4355 1545 4428 differt,

184 4451 230 4514 bic
253 4451 381 4532 quiesco
401 4456 434 4510 et
453 4446 530 4520 dico,
553 4447 764 4510 retractionem
782 4447 820 4510 ob
841 4456 980 4510 secantes
1001 4446 1032 4508 in
1051 4445 1243 4507 inclinatione
1258 4439 1320 4508 500
1339 4463 1406 4506 εεεε
1426 4442 1465 4506 20
1481 4440 1545 4515 420,

182 4548 347 4623 propterea
373 4545 483 4608 totam,
505 4535 612 4598 addita
634 4536 850 4616 proportionali
877 4530 991 4610 12040,
1017 4553 1085 4596 εεεε
1113 4530 1171 4596 140
1190 4529 1255 4596 460.
1299 4531 1431 4613 Snbjieio
1456 4533 1547 4614 igitur
1624 4555 1625 4560 ¹

180 4631 332 4712 integram
374 4625 521 4688 tabellam
562 4619 778 4688 retractionem
817 4643 914 4705 aquae
952 4633 983 4686 et
1024 4623 1102 4684 addo
1149 4621 1287 4701 proditas
1321 4641 1340 4682 a
1377 4621 1545 4684 Vitellione

179 4719 396 4792 rebactiones,
422 4733 498 4795 quas
521 4714 718 4778 instrumento
742 4734 797 4777 sno
819 4711 998 4794 exploravit,
1022 4717 1056 4772 nt
1071 4717 1226 4790 appareat
1248 4728 1423 4775 consensus.
