3652 5532
747 312 829 379 θῦνε*
845 313 910 366 ffl-
1436 245 1498 379 dili

65 545 69 556 .
146 487 236 569 plane
259 487 356 550 nullas
379 487 494 551 invenit
514 496 726 572 praeterquam
749 493 803 554 hos
818 499 886 554 octo
902 491 1041 572 globulos
1054 489 1083 552 in
1098 489 1251 571 ipsissimo
1271 497 1302 552 et
1314 489 1502 571 penitissima

147 576 310 640 vacuitatis
334 577 420 658 hujus
444 585 558 642 εεειεε.

234 665 283 728 Ex
307 666 396 730 dictis
418 675 514 748 patet,
540 676 797 750 quantumcunque
821 665 887 750 quis
910 669 1050 731 mundum
1065 674 1210 739 assumet,
1234 683 1299 729 eam
1315 676 1416 730 ιεεεεε
1433 687 1501 730 εεεε

146 756 291 819 rationem
315 755 522 836 dispositionis
545 757 670 822 fixarum
693 759 759 819 visu
783 767 886 821 nostro
909 757 1022 834 indice,
1051 765 1085 819 ut
1111 756 1159 818 hic
1183 765 1285 818 noster
1313 757 1397 819 locus
1425 755 1503 819 inter

29 860 31 873 “
144 847 220 908 lixas
243 843 313 906 illas
337 845 487 927 peculiare
511 847 582 928 quid
605 847 742 911 obtineat
766 847 955 930 evidentique
987 855 1059 908 nota
1089 847 1181 926 (quae
1205 853 1253 907 est
1276 867 1294 908 a
1313 846 1411 908 stellis
1434 847 1501 908 fixis

145 935 247 1016 ampla
268 934 421 1010 vacuitas)
446 935 486 998 sit
510 957 529 997 a
551 937 634 1013 loco,
657 955 712 1018 per
735 956 821 1017 quem
845 937 916 999 illae
940 935 1155 998 disseminatae
1179 943 1262 1004 suut,
1287 933 1456 998 distinctus.

231 1023 291 1086 Est
322 1023 415 1102 igitur
445 1034 576 1102 certum,
609 1027 770 1090 introrsum
801 1045 906 1091 versus
930 1023 1031 1088 Solem
1055 1035 1086 1087 et
1117 1024 1257 1104 planetas
1290 1025 1406 1086 finitum
1435 1044 1501 1086 esse

26 1131 31 1172 ,ι
143 1113 282 1176 mundum
315 1121 346 1174 et
378 1113 593 1193 quodammodo
627 1124 815 1178 excavatum.
881 1113 969 1186 Quod
1009 1115 1153 1194 reliquum
1193 1121 1256 1188 est,
1294 1112 1502 1194 metaphysica

28 1227 31 1264 a
142 1209 343 1284 superstmat.
388 1203 469 1266 Nam
492 1203 518 1264 si
542 1203 615 1268 talis
638 1214 686 1268 est
709 1205 793 1268 locus
814 1205 843 1267 iu
858 1203 971 1267 infinito
995 1204 1104 1286 aliquo,
1130 1201 1208 1284 quod
1232 1203 1340 1278 ferunt,
1366 1220 1499 1282 corpore,

142 1291 258 1354 medius
282 1291 374 1371 igitur
397 1292 454 1354 erit
477 1291 572 1356 totius
596 1294 745 1374 corporis,
776 1302 807 1356 et
837 1313 913 1375 quae
937 1293 1133 1356 circumstant
1155 1291 1232 1354 fixae
1265 1311 1323 1354 εοε
1348 1291 1501 1354 habebunt

142 1381 267 1444 eandem
292 1380 454 1454 rationem,
488 1381 531 1445 sic
555 1390 589 1446 ut
611 1383 726 1464 passim
750 1384 829 1446 tales
852 1383 914 1446 siut
937 1383 1054 1455 muudi,
1088 1379 1185 1462 qualis
1218 1389 1265 1442 est
1297 1381 1345 1443 hic
1379 1388 1499 1456 noster;

140 1471 196 1533 sed
219 1469 444 1534 circumdabunt
466 1469 536 1532 illae
559 1473 636 1536 huuc
660 1474 757 1535 locum
781 1473 811 1535 in
836 1473 933 1534 forma
966 1471 1138 1552 sphaerica,
1175 1469 1205 1531 iu
1238 1489 1306 1532 sese
1339 1478 1498 1532 coeuntes:

139 1558 269 1622 maxime
293 1567 324 1621 et
347 1559 593 1624 manifestissime
616 1562 668 1624 via
690 1562 790 1624 lactea
812 1562 891 1624 inter
904 1562 988 1642 ipsas
1009 1559 1135 1634 consita,
1162 1577 1238 1640 quae
1256 1579 1313 1622 non
1328 1559 1498 1640 interrupto

140 1649 250 1711 circulo
273 1648 401 1710 medium
423 1649 549 1713 lixamm
572 1652 674 1715 orbern
697 1658 841 1731 permeat,
866 1651 963 1712 medio
983 1669 1038 1711 nos
1052 1647 1209 1728 complexu
1227 1656 1342 1712 tenens.
1390 1649 1498 1728 Itaque

140 1746 173 1800 et
193 1725 268 1800 haec
291 1745 323 1799 et
344 1738 422 1800 fixae
446 1738 592 1803 rationem
615 1740 816 1804 extremitatis
839 1740 961 1802 habent.
1008 1737 1183 1800 Terminant
1197 1738 1273 1800 enim
1288 1737 1346 1800 hoc
1361 1745 1497 1800 nostrum

141 1826 271 1908 spatium
304 1832 335 1888 et
366 1825 396 1888 in
427 1827 492 1906 ejus
525 1837 631 1893 exortu
662 1829 793 1892 vicissim
826 1829 1032 1892 terminantur.
1080 1827 1130 1904 Ap
1159 1825 1251 1906 igitur
1278 1825 1420 1889 credibile
1444 1826 1495 1900 sit,

141 1917 209 1978 illas
232 1913 302 1978 hinc
324 1915 502 1979 terminatas
525 1918 594 1982 inde
617 1938 789 1999 procurrere
814 1919 843 1981 in
867 1917 1032 1982 infinitum?
1069 1914 1225 1988 Quomodo
1250 1924 1350 1978 autem
1373 1916 1402 1977 in
1427 1915 1496 1978 inh-

141 2005 205 2068 uito
228 2004 356 2067 medium
380 2003 559 2083 inveniatur,
585 2009 663 2090 quod
687 2007 786 2070 estin
811 2007 925 2070 infinito
949 2007 1078 2086 ubique?
1115 2003 1320 2085 Quodcunque
1345 2004 1424 2068 euim
1448 2006 1496 2066 iu-

143 2093 219 2156 hniti
242 2100 382 2174 puuctum
406 2103 578 2176 susceptum
601 2098 639 2158 ab
662 2098 817 2165 extremis.
843 2116 919 2178 quae
942 2095 1056 2158 infinite
1080 2095 1210 2167 distant,
1239 2095 1415 2176 aequaliter,
1441 2095 1497 2157 hoc

141 2193 190 2246 est
212 2181 325 2246 infinite
349 2184 446 2245 abest.
486 2185 572 2249 Unde
588 2185 743 2256 efficietur,
767 2196 800 2248 ut
814 2186 891 2248 idem
916 2194 947 2247 et
970 2184 1012 2248 sit
1031 2185 1160 2246 medium
1183 2192 1215 2245 et
1229 2203 1286 2246 uon
1301 2184 1342 2245 sit
1356 2184 1494 2258 medium,

139 2281 170 2334 et
193 2273 288 2334 multa
311 2271 371 2334 alia
394 2275 637 2352 contradictoria,
662 2296 737 2356 quae
761 2275 929 2338 rectissime
946 2273 1011 2356 quis
1031 2271 1201 2348 evitaverit,
1225 2271 1261 2349 εἰ,
1286 2273 1414 2334 ειίειεε
1430 2279 1494 2334 ιεε-

138 2360 282 2424 minatum
305 2361 420 2424 invenit
443 2364 560 2426 coelum
582 2365 724 2438 harum,
748 2365 792 2428 sic
816 2365 888 2428 foris
912 2364 1005 2426 etiam
1027 2362 1176 2426 terminet.

227 2450 311 2530 Cape
342 2469 414 2512 vero
447 2461 479 2514 ει
512 2453 568 2516 hoc
601 2459 809 2534 argumentum
843 2453 885 2518 ab.
914 2460 1041 2534 aspectu
1073 2452 1205 2515 ductum.
1252 2449 1285 2513 Si
1309 2457 1358 2512 εει
1380 2449 1496 2512 infinita

23 2587 28 2622 ,
137 2540 284 2621 sphaerae
307 2540 431 2602 lixarum
455 2539 597 2618 altitudo,
629 2544 660 2605 id
684 2552 732 2606 est
754 2544 780 2605 si
803 2543 879 2606 fixae
904 2543 1021 2624 aliquae
1046 2549 1117 2604 sunt
1139 2539 1252 2602 infinite
1276 2539 1375 2614 altae,
1409 2547 1496 2601 erunt

138 2629 222 2708 ipsae
246 2628 275 2690 iu
299 2649 332 2690 se
354 2627 429 2710 ipsis
452 2629 567 2694 infinita
590 2631 681 2695 etiam
704 2633 781 2695 mole
806 2651 972 2712 corporum.
1019 2631 1113 2708 Finge
1138 2647 1265 2710 namque
1289 2628 1411 2689 stellam
1434 2629 1493 2690 ali-

139 2737 244 2798 quam,
277 2737 351 2798 quae
386 2718 504 2782 videtur
531 2728 614 2784 certo
645 2721 700 2785 sub
725 2721 847 2803 angulo,
871 2731 947 2802 puta
969 2715 1011 2795 4’,
1035 2717 1203 2800 hujusmodi
1226 2717 1360 2796 corporis
1383 2717 1493 2798 ampli-

22 2797 23 2808 ’
137 2807 210 2868 tudo
233 2825 352 2886 semper
375 2815 422 2868 est
444 2808 603 2873 millesima
626 2811 806 2880 distantiae,
840 2812 918 2892 quod
950 2809 1151 2872 certissimum
1183 2814 1231 2868 est
1254 2826 1292 2868 ex
1315 2807 1491 2888 geometria.

137 2893 221 2975 Ergo
244 2895 271 2958 si
294 2895 440 2958 distantia
463 2907 511 2960 εει
533 2899 658 2976 infinita,
684 2901 830 2962 diameter
852 2899 944 2981 igitur
966 2900 1074 2961 stellae
1098 2904 1146 2958 est
1168 2895 1275 2960 infiniti
1296 2913 1368 2976 pars
1391 2896 1492 2958 mille-

23 3019 24 3022 *
138 2983 223 3048 sima
270 2985 316 3047 At
338 3004 441 3047 omnes
463 2985 568 3050 infiniti
592 2998 695 3070 partes
718 2991 869 3072 aliquotae
893 2989 1026 3052 infinitae
1050 2995 1081 3050 ει
1100 2986 1188 3070 ipsae
1216 2992 1287 3047 sunt
1310 2984 1491 3048 necessario.

23 3071 24 3076 ’
137 3072 237 3137 Stella
260 3073 352 3152 igitur
375 3074 543 3155 hujusmodi
566 3079 625 3142 erit
648 3079 773 3142 infinita.
819 3079 865 3142 At
892 3079 980 3141 simul
1009 3085 1041 3140 et
1067 3077 1168 3151 linita,
1193 3075 1262 3156 quia
1284 3075 1427 3155 figurata,
1461 3082 1493 3136 ει

136 3162 232 3224 curnis
247 3163 350 3243 ligura
372 3162 479 3227 finibus
502 3165 679 3247 quibusdam
703 3176 751 3231 est
773 3167 1015 3249 circumscripta,
1046 3166 1102 3228 hoc
1126 3172 1174 3226 εει
1195 3163 1280 3226 linita
1302 3163 1351 3225 vel
1374 3163 1489 3227 finiens.

22 3309 23 3324 ,
134 3252 275 3332 Figuram
299 3259 399 3315 autem
422 3254 449 3316 ei
473 3254 617 3333 dedimus,
642 3257 711 3320 dum
727 3255 876 3320 visibilem
894 3256 1048 3338 posuimus
1067 3262 1150 3317 certo
1165 3255 1285 3333 angulo.
1316 3251 1360 3314 At
1379 3253 1489 3332 quidsi

22 3337 23 3344 '
134 3341 261 3424 iuqnias,
285 3342 382 3404 minor
404 3341 445 3406 sit
468 3363 555 3424 quam
578 3353 612 3408 ut
634 3345 728 3410 videri
752 3345 869 3428 possit?
902 3348 1036 3426 laquem,
1057 3363 1106 3407 res
1121 3343 1225 3404 eodem
1240 3341 1327 3404 redit.
1365 3341 1490 3406 Partem

135 3431 214 3494 enim
237 3431 402 3512 aliquotam
426 3431 683 3498 circumferentiae
711 3444 837 3517 occupet
864 3454 988 3498 necesse
1019 3441 1066 3496 est
1097 3451 1151 3512 per
1174 3452 1207 3494 se
1231 3431 1398 3496 traductae.
1445 3432 1491 3494 At

135 3520 390 3595 circumferentia,
422 3521 506 3602 cujus
530 3531 579 3586 est
600 3524 718 3588 infinita
740 3526 921 3600 diametros,
953 3522 1070 3587 infinita
1093 3528 1125 3584 et
1146 3521 1215 3601 ipsa
1239 3529 1296 3583 est.
1343 3521 1391 3583 lta
1415 3539 1488 3582 cou-

135 3607 279 3689 sequitur,
303 3609 415 3672 nullam
438 3612 573 3690 stellam,
598 3633 653 3676 seu
674 3615 812 3678 videatur
835 3633 888 3676 seu
911 3614 950 3676 ob
974 3611 1141 3676 exilitatem
1165 3617 1336 3684 evanescat,
1362 3630 1381 3670 a
1404 3608 1489 3672 uobis

136 3697 249 3762 infinito
273 3697 431 3762 intervallo
455 3699 573 3765 abesse.

222 3785 314 3862 Esto,
347 3796 383 3850 ut
413 3789 509 3852 locum
532 3790 597 3853 sine
620 3792 719 3859 stellis
743 3791 773 3854 in
796 3791 941 3855 infinitum
965 3790 1127 3861 extendas,
1159 3793 1240 3849 certe
1268 3785 1434 3867 ubicunque
1457 3785 1488 3848 iu

135 3895 170 3938 eo
194 3876 315 3938 stellam
337 3877 484 3955 posueris,
510 3898 638 3962 eousque
662 3891 693 3943 et
715 3881 827 3944 finitum
853 3889 901 3944 est
923 3876 1123 3947 intervallum,
1147 3885 1178 3938 et
1197 3894 1252 3955 per
1267 3875 1388 3936 stellam
1403 3875 1489 3937 finita

134 3965 391 4028 circumferentia:
424 3975 459 4028 ut
490 3971 660 4049 oppositum
692 3971 775 4034 dicat
798 3971 827 4032 in
852 3970 983 4052 adjecto,
1016 3967 1065 4048 qui
1088 3965 1213 4028 fixarum
1236 3964 1396 4043 sphaeram
1419 3963 1486 4026 inh-

133 4055 230 4118 uitam
253 4053 336 4116 dicit.
383 4053 464 4118 Sane
488 4075 525 4118 ne
549 4059 732 4140 cogitatione
756 4059 874 4140 quidem
897 4055 1106 4136 comprehendi
1128 4060 1232 4135 potest
1253 4052 1401 4114 infinitum
1416 4071 1486 4114 cor-

132 4165 199 4226 pus.
244 4143 325 4208 Nam
346 4154 509 4226 conceptus
532 4149 639 4211 mentis
662 4149 699 4209 de
723 4147 836 4211 infinito
860 4155 914 4210 aut
935 4153 1007 4208 sunt
1029 4143 1066 4206 de
1090 4142 1172 4204 vocis
1200 4140 1307 4204 infiniti
1330 4141 1485 4221 significa·

132 4235 224 4307 tione,
248 4242 302 4296 aut
325 4234 361 4296 de
385 4237 540 4316 co,·quod
562 4257 732 4302 mensuram
755 4256 871 4300 omnem
894 4235 1058 4316 cogitatam
1081 4230 1207 4305 numeri,
1242 4237 1342 4293 tactus
1365 4229 1484 4293 risusve

134 4323 267 4386 excedit:
292 4322 371 4404 quod
394 4342 452 4387 non
476 4325 580 4390 statim
603 4335 634 4390 et
657 4334 727 4390 actu
749 4325 894 4390 inlinitum
918 4333 979 4396 est,
1003 4321 1074 4404 quia
1096 4319 1212 4383 infinita
1236 4337 1376 4382 mensura
1391 4319 1484 4407 cogi-

133 4419 216 4476 tatur
237 4431 398 4494 uunquam.
999 4429 1008 4448 .
