3694 5528
475 1129 838 1220 rouuura
898 1073 1273 1220 uuruuur

545 1303 592 1394 IN
624 1301 905 1396 DIOPTRICEN
936 1302 1215 1418 PRAEFATIO,

266 1466 321 1531 DE
343 1466 427 1532 USU
449 1467 504 1529 ET
525 1465 824 1530 PRAESTANTIA
847 1467 1112 1531 PERSPICILLI
1140 1465 1284 1530 NUPER
1306 1467 1485 1531 INVENTI

359 1554 503 1628 DEQUE
525 1553 660 1620 NOVIS
685 1554 973 1620 COELESTIBUS
998 1556 1080 1618 PER
1102 1556 1147 1616 ID
1171 1553 1389 1619 DETEOTIS.

288 1717 437 1780 Libellum
461 1715 598 1790 exhibeo,
623 1715 718 1777 lector
737 1714 842 1789 amice,
865 1715 1121 1784 mathematicum,
1146 1715 1203 1776 hoc
1222 1724 1270 1776 est
1290 1722 1379 1794 captu
1398 1733 1456 1777 uon
1477 1717 1552 1778 adeo

201 1804 335 1879 facilem,
361 1804 465 1886 etqui
489 1823 547 1866 non
571 1811 687 1865 tantum
715 1802 865 1882 ingenium
888 1804 916 1865 iu
941 1803 1055 1864 lectore
1083 1802 1230 1882 requirat,
1257 1804 1310 1864 sed
1335 1804 1426 1865 etiam
1450 1811 1552 1866 atten-

201 1895 315 1957 tionem
330 1893 440 1956 mentis
454 1893 646 1973 praeeipuam
654 1899 686 1953 et
695 1891 891 1970 cupiditatem
901 1891 1105 1954 incredibilem
1119 1892 1319 1969 cognoscendi
1328 1910 1552 1956 remmoausas.

289 1981 355 2044 Hoc
380 1981 448 2044 dum
470 1982 633 2062 perpendo,
658 1980 754 2042 visum
778 1989 828 2043 est
847 1981 949 2060 aliqua
972 1978 1166 2042 commentari
1190 1980 1226 2040 de
1250 1981 1440 2060 praestantia
1456 1982 1552 2060 Diop-

200 2079 315 2134 trarum
349 2089 401 2133 seu
430 2068 674 2149 Perspicillorum
707 2069 801 2148 deque
832 2068 1001 2131 admirabili
1034 2086 1135 2129 eorum
1170 2069 1278 2130 ellectu
1307 2070 1336 2130 in
1366 2070 1554 2149 proferendis

200 2157 408 2240 philosophiae
428 2157 582 2221 terminis:
606 2165 641 2220 nt
660 2156 807 2237 ingeniosi
831 2157 1042 2220 adolescentes
1062 2156 1213 2236 ceterique
1232 2158 1405 2218 matheseos
1424 2160 1554 2220 cultores

201 2248 258 2310 hoo
281 2245 423 2310 utilitatis
446 2245 540 2308 veluti
564 2245 685 2308 stimulo
715 2244 833 2308 incitati
858 2247 896 2308 ad
920 2247 1052 2309 rationes
1085 2245 1276 2313 instrumenti
1300 2263 1337 2307 ex
1365 2246 1423 2309 hoc
1454 2246 1555 2308 libello

201 2335 411 2416 percipiendas
434 2333 606 2398 incitentur.

290 2424 390 2485 Multa
418 2429 543 2486 suntet
572 2441 697 2501 magna,
729 2439 805 2502 quaa
830 2423 867 2482 de
896 2441 951 2484 usu
984 2421 1100 2502 optices
1133 2420 1292 2483 universae
1323 2422 1485 2499 praefatus
1510 2429 1558 2482 est

201 2512 222 2575 J
228 2531 364 2574 oannes
386 2511 486 2574 Pena
509 2509 631 2584 Gallus,
661 2510 761 2590 regius
791 2509 940 2591 quondam
967 2509 1211 2584 mathematicus,
1240 2510 1271 2570 in
1300 2509 1432 2571 editione
1462 2508 1555 2588 Opti-

203 2620 303 2663 corum
333 2597 634 2679 etcatoptricorum
664 2597 800 2660 Euclidis
824 2619 843 2659 a
866 2617 899 2660 se
929 2617 1098 2660 versomm:
1131 2606 1360 2677 quantacunque
1391 2607 1491 2660 tarneu
1522 2617 1558 2658 ea

203 2689 275 2764 sint,
294 2707 372 2769 ,prae
395 2687 466 2762 illis,
491 2705 567 2767 qnae
584 2680 644 2750 'hoo
662 2686 781 2748 bienmo
805 2686 988 2766 dioptramm
1012 2685 1156 2749 beneficio
1180 2695 1251 2750 sunt
1272 2686 1443 2776 patefacta,
1468 2686 1558 2767 plane

203 2777 332 2858 puerilia
353 2783 479 2856 possunt
502 2775 617 2838 haberi.

292 2862 335 2926 Et
358 2864 427 2944 quia
449 2864 554 2926 lectori
577 2862 796 2943 praelationem
819 2861 902 2925 illam
920 2864 977 2924 hac
1001 2862 1151 2923 mentione
1175 2863 1359 2937 o'omrncndo,
1386 2879 1442 2942 age
1465 2881 1557 2942 prae-

205 2953 294 3035 cipua
316 2953 382 3032 ejus
404 2951 505 3032 capita
528 2951 658 3014 strictim
680 2951 902 3025 examinemus3
926 2970 963 3012 ne
986 2969 1054 3012 cnm
1077 2949 1158 3011 veris
1178 2958 1210 3011 et
1225 2951 1401 3030 praeclaris,
1427 2967 1503 3032 quae
1527 2950 1558 3012 in

205 3061 242 3104 ea
265 3049 354 3116 sunt,
386 3041 479 3103 etiam
501 3040 592 3104 dubia
615 3048 648 3102 et
670 3040 759 3113 falsa,
783 3058 858 3119 qnae
882 3039 1069 3118 interspersa
1096 3056 1164 3100 csse
1195 3057 1305 3118 negare
1333 3057 1392 3100 non
1424 3057 1558 3118 possum,

204 3131 304 3194 sciens
328 3131 518 3209 pmdansque
542 3127 709 3191 obtrusisse
734 3128 846 3189 videar.
892 3127 952 3190 Ubi
975 3128 1031 3188 hoc
1055 3126 1228 3201 absolvero,
1254 3128 1459 3189 tum-demum
1483 3147 1559 3209 quae

204 3237 285 3282 noua
306 3217 528 3298 perspioillaria
551 3216 711 3297 disciplina
732 3216 789 3278 hoc
812 3224 947 3296 ternpore
971 3215 1122 3277 detexerit
1145 3214 1330 3295 subjungam.

292 3306 424 3370 Primum
448 3307 485 3368 de
510 3305 595 3367 coelo
620 3307 729 3384 dogma
748 3323 814 3366 cum
828 3304 912 3366 Pena
926 3311 1028 3366 statuo
1048 3323 1086 3364 ex
1100 3303 1200 3383 optica
1223 3304 1319 3366 solide
1343 3301 1558 3366 demonstrari:

205 3394 270 3458 falli
307 3394 443 3456 nimirum
480 3393 674 3456 vehementer
707 3393 850 3474 physicos
881 3393 1015 3478 adeoque
1047 3400 1078 3453 et
1112 3392 1270 3470 theologos
1303 3392 1477 3467 nonnullos,
1511 3392 1561 3471 qui

205 3491 323 3562 putant,
348 3487 454 3544 novem
476 3483 526 3544 vel
549 3482 653 3544 decem
678 3499 745 3542 esse
775 3481 942 3561 pellucidas
975 3481 1121 3560 sphaeras
1152 3481 1230 3542 harro
1252 3482 1394 3542 mundum
1426 3482 1559 3542 elemen-

205 3579 305 3632 tarem
327 3572 493 3650 amplexas,
518 3577 552 3633 ut
575 3569 675 3632 album
690 3570 739 3630 ovi
763 3569 842 3631 solet
864 3569 1005 3650 amplecti
1028 3569 1164 3631 vitellum
1179 3577 1232 3631 aut
1256 3569 1375 3631 tunicae
1399 3585 1560 3647 caeparum

207 3658 270 3723 alia
292 3658 383 3720 aliam
405 3658 649 3722 circumcludunt.
696 3656 773 3721 Cum
796 3657 876 3720 enim
898 3657 1072 3720 necessaria
1101 3656 1219 3720 ratione
1248 3664 1422 3720 statuantur
1452 3655 1562 3717 itinera

207 3747 397 3829 planetarum
421 3747 604 3820 eccentrica,
634 3755 716 3808 reete
741 3745 857 3825 colligit
879 3746 1011 3825 opticus,
1036 3744 1136 3808 radios
1160 3766 1179 3806 a
1202 3744 1300 3807 stellis
1323 3763 1377 3824 per
1398 3743 1474 3806 haec
1498 3751 1560 3806 tam

209 3835 347 3915 spatiosa
369 3834 521 3896 uolumina
544 3835 661 3914 oblique
686 3835 905 3898 descendentes
929 3835 1053 3914 (quippe
1072 3833 1103 3894 iu
1118 3833 1243 3895 Terram
1266 3841 1354 3895 extra
1376 3831 1562 3912 quorundam

207 3923 323 3986 orbium
346 3931 450 3985 centra
473 3922 684 3997 constitutam)
710 3923 776 4002 lego
800 3923 903 4002 optica
924 3923 1087 4001 refractum
1110 3920 1163 3983 iri:
1195 3939 1252 4001 quo
1277 3939 1420 3982 concesso
1446 3921 1562 3982 tollitur

208 4013 304 4074 omnis
328 4011 573 4074 observationum
596 4011 755 4086 certitudo,
781 4011 828 4073 cui
851 4019 951 4072 tamen
977 4009 1181 4072 testimouium
1203 4009 1342 4088 perhibet
1365 4007 1560 4089 experientia.

206 4098 350 4180 Sequitur
373 4099 429 4163 hoc
451 4098 530 4162 idern
554 4099 653 4162 etiam*
670 4119 708 4160 ex
734 4098 928 4179 proportione
955 4099 1089 4178 corporis
1112 4097 1241 4160 Telluris
1265 4098 1303 4158 ad
1332 4097 1433 4160 orbem
1456 4097 1562 4158 Lunae

207 4189 284 4252 satis
306 4187 505 4270 perceptibili.
550 4185 622 4250 Etsi
645 4187 721 4250 euim
753 4187 974 4250 dissimulemus
1002 4185 1090 4249 orbes
1119 4185 1302 4248 ecoentrieos
1326 4181 1509 4266 Terramque
1531 4184 1562 4246 in

208 4285 312 4340 centro
341 4277 472 4340 omnium
501 4276 616 4338 orbium
647 4277 843 4350 collocemus,
874 4293 910 4338 eo
933 4274 999 4355 ipso
1022 4283 1124 4338 tamon
1155 4275 1327 4355 superficies
1350 4274 1463 4336 Terrae
1486 4271 1562 4335 satis

208 4365 297 4446 longo
328 4365 489 4428 interuallo
513 4385 532 4426 a
556 4371 659 4428 centro
689 4365 837 4443 sphaerae
860 4363 981 4444 Lunae,
1015 4364 1093 4444 quod
1113 4359 1184 4444 ipsa
1207 4381 1261 4428 suo
1290 4369 1393 4424 centro
1424 4369 1561 4441 occupat,

208 4454 347 4517 absistit:
379 4470 553 4533 rursumque
578 4452 616 4512 ad
644 4451 830 4529 superficiem
853 4451 965 4514 Terrae
999 4470 1087 4531 quam
1114 4471 1169 4513 nos
1196 4449 1401 4514 inhabitamus
1433 4451 1562 4512 descen-

208 4542 281 4604 dent
309 4541 386 4606 radii
418 4542 592 4608 stellarum,
623 4538 742 4619 oblique
774 4546 912 4602 secantes
944 4539 1046 4602 orbem
1076 4541 1199 4616 Lunae,
1237 4539 1449 4620 contingetque
1479 4544 1513 4599 ut
1543 4537 1561 4598 ii

208 4630 331 4694 refracti
354 4630 477 4693 turbent
500 4626 711 4692 certitudinem
734 4635 885 4707 aspectus.

296 4719 437 4780 Nondum
468 4733 609 4797 egressus
631 4715 717 4776 Pena
740 4733 777 4777 ex
807 4715 895 4794 hujus
925 4713 1142 4794 pulcherrimae
1172 4714 1436 4778 demonstrationis
1464 4713 1562 4776 uesti-

211 4803 280 4866 bulo
302 4806 466 4888 improvide
489 4803 611 4867 nimium
634 4802 785 4882 impingit,
811 4802 969 4864 discrimen
994 4803 1104 4865 tollens
1123 4821 1181 4866 non
1203 4811 1321 4866 tantum
1345 4803 1461 4866 orbium
1484 4803 1564 4865 inter
