3702 5532
348 259 415 330 456
728 341 731 344 Ι
768 259 868 312 [rtem
885 254 989 323 Keplsrt
1007 257 1278 323 sbommqaa'nutcse

343 438 501 522 jurisest:
526 457 569 498 an
593 435 718 498 studio
742 432 943 496 Galilaeae
967 433 1090 495 orbem
1115 431 1322 494 deluserit?
1357 431 1701 512 Hancmihiqncestio-

347 547 416 590 nem
439 525 554 605 placuit
577 525 662 586 initio
685 531 829 598 tractare,
852 531 917 583 tum
940 521 1011 601 quia
1042 521 1221 582 vestibulum
1244 521 1415 590 obsidebat,
1452 531 1515 584 tum
1543 521 1615 600 qnia
1638 530 1702 582 tarn

345 616 434 680 multi
457 621 560 687 erant,
586 611 635 690 qui
667 611 822 672 malebant
853 611 975 672 credere
1008 618 1039 670 te
1069 609 1193 683 fallere,
1228 628 1315 688 quam
1346 627 1411 670 rem
1441 628 1551 670 novam
1584 611 1700 688 detegi.

346 705 495 768 Rationes
519 719 588 763 vero
622 719 670 762 me
702 706 734 760 et
764 699 1040 780 argumentationes
1063 697 1276 758 invictissimas
1309 705 1415 760 contre
1445 697 1522 759 bunc
1547 697 1700 760 Nuncinm

348 790 535 875 protulisse?
563 787 695 852 Hoccine
720 788 815 849 bonae
839 785 947 848 indolis
970 785 1129 860 indicium,
1164 785 1252 847 amici
1276 794 1308 846 et
1325 783 1528 847 benefactoris
1549 786 1700 848 intentum

280 883 287 893 '
346 878 544 962 pervertere?
589 875 632 937 Et
663 875 713 937 ubi
750 885 832 937 artes
866 875 1089 936 inversionem?
1136 871 1197 935 Cur
1230 894 1287 936 non
1322 875 1447 954 probat,
1486 875 1563 954 quod
1598 873 1700 936 dixit?

347 969 410 1032 Cur
432 986 489 1030 ιιοιι
513 974 652 1027 recenset
674 963 729 1024 illa
752 972 945 1042 argumenta,
979 974 1012 1024 ut
1041 982 1145 1024 omnes
1175 962 1300 1023 videant
1323 965 1458 1042 pessima
1479 964 1538 1023 fide
1562 943 1700 1024 dictum'?

346 1059 443 1120 Extat
467 1054 597 1133 epistola
619 1072 703 1126 nrea,
735 1051 789 1114 illa
814 1053 961 1131 loquatur.
1008 1051 1126 1113 Passim
1150 1069 1204 1130 per
1228 1051 1389 1131 epistolam
1412 1053 1495 1112 lusus
1519 1051 1697 1131 interspersi

288 1179 296 1200 ι
344 1146 400 1208 hoc
433 1143 574 1216 consilio,
609 1148 642 1202 ut
666 1140 802 1202 irrisores
825 1141 888 1200 risu
916 1140 1124 1219 praevenirem
1151 1137 1180 1200 in
1213 1140 1375 1200 traditione
1404 1140 1446 1201 rei
1475 1159 1572 1201 novae
1606 1149 1639 1200 et
1670 1140 1700 1201 in

346 1234 453 1314 vulgus
474 1231 632 1292 absurdae.
673 1227 796 1308 Siquis
821 1229 897 1290 forte
916 1245 1019 1309 parum
1039 1236 1175 1289 attentus
1199 1239 1237 1288 ex
1260 1229 1307 1289 his
1331 1227 1446 1290 lusibus
1470 1247 1575 1290 ansam
1607 1229 1701 1289 sumit

346 1319 496 1383 dubitanti
521 1320 557 1380 de
581 1337 648 1378 mea
671 1317 833 1390 sententia,
856 1317 905 1378 bic
928 1323 1009 1377 certe
1033 1335 1137 1378 scurra
1160 1335 1196 1376 ex
1220 1335 1320 1377 eorum
1335 1335 1457 1378 numero
1481 1337 1538 1378 non
1564 1325 1622 1390 est,
1649 1317 1700 1396 qui

347 1429 384 1471 ex
407 1408 535 1490 privatis
559 1406 632 1467 meis
657 1405 754 1466 literis
777 1405 863 1478 satis,
888 1405 958 1486 quid
982 1415 1125 1476 tenerem,
1150 1402 1207 1465 fuit
1229 1406 1363 1466 edoctus.

435 1498 521 1558 Haec
545 1503 632 1570 sunt,
658 1491 812 1568 Galilaee,
839 1511 914 1572 quae
939 1512 985 1553 me
1009 1493 1164 1567 mordent,
1188 1493 1305 1573 reliqua
1327 1493 1419 1554 rideo.
1466 1493 1544 1554 Nam
1567 1501 1699 1571 punctus

346 1579 411 1668 ejus
434 1584 638 1665 promiscuos,
667 1581 774 1661 quibus
798 1601 844 1642 me
868 1582 1005 1661 impetit,
1036 1589 1070 1641 ut
1094 1600 1214 1642 muscae
1238 1582 1365 1660 alicujus
1403 1600 1496 1661 aeque
1526 1590 1698 1642 contemno.

344 1675 411 1739 Nec
434 1692 499 1734 sum
524 1672 599 1732 adeo
623 1669 771 1750 stupidus,
798 1677 830 1731 ut
852 1689 973 1731 movear
989 1670 1170 1731 auctoritate
1194 1671 1275 1749 vulgi
1299 1669 1460 1748 negativa,
1486 1681 1539 1731 aut
1561 1669 1599 1730 ab
1633 1671 1699 1748 ejus

346 1761 509 1824 oscitantia
531 1769 562 1820 et
585 1758 784 1837 ineptitudine
804 1768 909 1820 contra
924 1758 1087 1820 astronomi
1113 1758 1327 1837 experientiam
1351 1768 1384 1818 et
1406 1759 1619 1820 dexteritatem
1643 1778 1698 1820 ra-

343 1852 480 1914 tiociner.
528 1846 608 1918 Quid
631 1845 737 1908 mirum
760 1848 947 1926 professores
972 1847 1192 1909 academiarum
1215 1844 1402 1926 promiscuos
1439 1865 1589 1927 opponere
1626 1865 1698 1906 sese
1813 1875 1814 1934 j

345 1937 510 2002 inventioni
533 1937 577 1997 rei
600 1955 696 1996 novae
720 1935 748 1994 in
773 1935 822 1996 illa
847 1934 1010 2015 provincia,
1035 1937 1064 1996 in
1089 1955 1147 2014 qua
1169 1936 1212 1996 rei
1236 1935 1414 1996 tritissimae
1438 1951 1470 1996 et
1493 1935 1573 2014 apud
1592 1953 1699 1996 omnes

347 2037 536 2090 astronomos
560 2023 854 2094 contestatissime,
877 2023 1078 2102 parallaxium
1102 2025 1227 2096 scilicet,
1253 2031 1357 2086 extent
1380 2035 1604 2103 oppugnatores
1628 2023 1697 2084 loco

345 2113 593 2187 eminentissimi,
626 2111 801 2173 eruditionis
834 2111 915 2173 fama
943 2112 1137 2174 celeberrimi.
1186 2117 1303 2185 (Spectat
1324 2120 1362 2170 his
1380 2123 1516 2171 sumniam
1533 2121 1699 2172 Laurentium

342 2211 500 2262 Poliuanam.
533 2207 617 2272 comp.
636 2222 694 2274 pag.
715 2203 770 2269 93.)
814 2200 920 2278 Neque
954 2201 1030 2262 enirn
1067 2201 1166 2262 celare
1204 2208 1233 2261 te
1271 2202 1355 2274 volo,
1398 2201 1591 2280 complurium
1624 2201 1694 2262 Ita-

345 2293 440 2353 lornm
464 2291 569 2352 literas
592 2290 722 2367 Pragam
746 2288 835 2361 ferri,
866 2288 914 2368 qui
938 2296 989 2351 tuo
1013 2289 1184 2370 perspicillo
1207 2289 1348 2368 planetas
1371 2289 1439 2350 illos
1464 2289 1558 2350 videri
1581 2307 1693 2368 perne-

345 2386 428 2460 gant.
475 2377 541 2457 Ego
566 2376 683 2457 quidem
708 2395 822 2438 mecum
857 2376 921 2455 ipse
954 2397 1062 2439 causas
1095 2377 1238 2456 dispicio,
1274 2397 1325 2438 cur
1356 2386 1418 2438 tam
1452 2379 1538 2440 multi
1570 2389 1691 2458 negent,

345 2469 437 2529 etiam
462 2465 510 2546 qui
533 2465 734 2545 perspicillum
760 2473 913 2528 tractant:
948 2476 979 2527 et
1002 2466 1028 2526 si
1051 2485 1219 2546 comparem
1248 2484 1302 2538 ea,
1336 2486 1411 2546 quae
1443 2466 1513 2528 mihi
1542 2467 1691 2528 interdum

343 2555 493 2628 eveniunt,
518 2553 605 2615 video
629 2573 686 2614 non
711 2573 778 2615 esse
802 2553 995 2633 impossibile,
1021 2563 1055 2614 nt
1077 2574 1152 2616 vinus
1176 2554 1279 2616 videat
1301 2554 1379 2634 quod
1398 2573 1455 2616 non
1480 2553 1584 2616 vident
1612 2556 1694 2616 mille

344 2645 406 2706 alii.
453 2641 505 2705 Sic
529 2641 631 2702 Varus
662 2642 714 2704 ille
747 2661 785 2703 ex
813 2642 952 2726 Drepane
984 2643 1141 2722 prospexit
1172 2642 1301 2704 classem
1334 2663 1350 2704 e
1379 2652 1467 2722 portu
1499 2641 1694 2722 Carthaginis

342 2734 509 2795 solventem
533 2730 757 2811 numeravitque
781 2749 892 2802 naves,
926 2731 1003 2811 quod
1028 2751 1113 2792 nemo
1137 2738 1203 2792 tota
1228 2728 1334 2794 Sicilia
1356 2732 1464 2810 potuit.
1514 2731 1614 2812 Saepe
1638 2751 1693 2792 usn

344 2820 440 2894 venit,
464 2827 498 2880 ut
522 2837 596 2898 quae
619 2817 690 2881 mihi
713 2827 838 2900 prosunt
851 2818 1032 2899 perspicilla,
1058 2839 1095 2879 ea
1118 2838 1175 2880 non
1199 2819 1318 2900 prosint
1340 2819 1419 2894 aliis,
1444 2827 1574 2900 atquae
1599 2820 1693 2880 ceteri

343 2910 478 2983 landant,
504 2927 540 2968 ea
563 2926 618 2986 ego
642 2907 679 2968 de
702 2907 819 2968 nebulis
842 2926 989 2971 accusem.
1036 2908 1106 2987 Ipse
1130 2927 1205 2970 unus
1229 2918 1261 2968 et
1283 2909 1371 2983 idem,
1396 2924 1462 2970 cum
1485 2907 1594 2988 incipio
1619 2928 1693 2970 con-

343 2997 494 3077 templari,
518 3013 592 3074 puro
616 2996 696 3056 fruor
715 3003 850 3074 aspectu,
873 2996 923 3057 ubi
939 2995 1121 3075 aliquantum
1137 2997 1286 3072 inurimur,
1310 2997 1426 3058 colores
1445 2997 1528 3058 iridis
1548 2997 1691 3059 oriuntur.

342 3085 440 3163 Igitur
458 3082 517 3143 etsi
535 3101 650 3142 mecum
669 3084 797 3144 nondum
817 3084 973 3164 quicquam
994 3084 1106 3158 dubito,
1129 3085 1212 3146 dolet
1230 3093 1331 3146 tamen
1350 3105 1397 3146 me
1417 3093 1480 3146 tam
1499 3085 1549 3146 diu
1570 3085 1693 3147 destitui

337 3169 525 3244 ¹testimoniis
549 3171 674 3230 aliornnr
694 3171 731 3232 ad
747 3172 834 3232 fldem
853 3172 962 3232 ceteris
982 3173 1161 3233 faciendam.
1200 3173 1252 3240 Te,
1278 3173 1425 3248 Galilaea,
1450 3191 1525 3252 rogo
1543 3181 1578 3234 nt
1597 3183 1692 3235 testes

345 3257 462 3338 aliquos
485 3257 580 3337 primo
604 3276 720 3337 quoque
744 3267 877 3338 tempore
900 3261 1060 3338 producas.
1106 3261 1154 3322 Ex
1186 3261 1284 3322 literis
1308 3261 1384 3322 enim
1410 3261 1469 3322 tuis
1494 3261 1532 3321 ad
1556 3261 1693 3324 diversos

344 3346 444 3418 didici,
469 3343 522 3406 tibi
547 3363 605 3405 non
629 3345 734 3406 deesse
758 3353 872 3406 testes:
897 3347 951 3408 sed
975 3349 1120 3409 neminem
1144 3358 1266 3428 praeter
1289 3359 1318 3410 te
1342 3350 1399 3412 hoc
1420 3352 1599 3411 referentem
1618 3369 1692 3428 pro-

346 3435 455 3497 ducere
478 3451 618 3512 possum,
644 3451 700 3511 quo
725 3435 834 3494 famam
859 3434 1006 3514 epistolae
1029 3457 1112 3498 meae
1137 3437 1304 3498 defendam.
1351 3439 1385 3499 ln
1410 3446 1440 3499 te
1463 3455 1521 3498 uno
1545 3439 1694 3499 recumbit

343 3530 411 3585 tota
434 3520 655 3582 observationis
679 3522 853 3582 auotoritas.
899 3523 965 3583 Nisi
991 3526 1068 3586 forte
1091 3525 1193 3604 placet
1216 3525 1269 3585 tibi
1299 3525 1498 3586 testimonium
1526 3526 1565 3586 ab
1593 3520 1692 3596 hoste,

344 3609 424 3691 quod
445 3609 526 3670 inter
548 3607 737 3670 scribendum
755 3607 869 3670 incidit.
893 3611 1020 3673 Fatetur
1035 3613 1195 3686 (Horltius)
1211 3631 1242 3673 se
1258 3620 1309 3674 tuo
1328 3613 1526 3676 instrumento
1546 3609 1600 3678 24.
1616 3616 1691 3693 Apr.

343 3699 457 3760 vidisse
481 3695 664 3777 2p1anetas
689 3696 770 3757 circa
793 3697 917 3768 Jovem.
943 3697 994 3762 25.
1020 3701 1095 3780 Apr.
1121 3710 1257 3780 quatuor.
1304 3701 1428 3782 Raptim
1451 3699 1577 3781 produxi
1601 3703 1691 3764 char-

344 3794 408 3848 tam
433 3795 515 3846 tuam
541 3785 579 3844 ad
602 3785 649 3845 lll.
674 3782 833 3846 Oratorem
857 3787 1076 3862 transmissam,
1102 3796 1133 3848 et
1156 3807 1225 3848 ecce
1249 3797 1281 3849 tn
1301 3807 1415 3868 quoque
1440 3791 1477 3850 ad
1502 3783 1554 3851 24.
1576 3790 1692 3869 Aprilis

344 3873 470 3935 exhibes
494 3873 579 3948 duos,
603 3872 643 3932 ad
666 3873 694 3933 d.
720 3869 772 3934 25.
797 3873 872 3952 Apr.
898 3882 1026 3953 quatuor
1049 3877 1200 3956 planetas.
1246 3877 1366 3938 Invenit
1393 3885 1493 3938 tamen
1517 3877 1578 3938 ista
1601 3897 1688 3960 syco-

344 3961 471 4041 phantia
493 3961 631 4022 naeniam
654 3960 941 4039 impudentissimam
966 3963 1002 4024 de
1026 3964 1244 4038 reflexionibus,
1271 3984 1329 4045 qua
1352 3965 1492 4044 populum
1515 3965 1690 4026 abduceret.

343 4051 462 4127 Vulgus
497 4048 575 4108 enim
608 4048 774 4127 opticarnm
806 4048 954 4110 rationum
986 4052 1156 4130 imperitum
1192 4071 1279 4113 aures
1318 4053 1447 4114 libenter
1484 4056 1692 4116 accommodat

343 4136 539 4199 obtrectatori
562 4154 601 4196 ex
623 4136 730 4214 optiois
751 4137 898 4214 loquenti:
923 4137 992 4216 quia
1011 4140 1088 4199 inter
1107 4158 1227 4200 coecum
1247 4148 1280 4200 et
1294 4139 1444 4201 videntem
1463 4141 1561 4202 nescit
1579 4141 1691 4203 distin-

342 4243 431 4304 guere
462 4223 630 4302 gaudetque
661 4223 913 4302 qualibuscunque
947 4226 1114 4304 imperitiae
1139 4246 1212 4287 suae
1236 4229 1372 4290 tribunis.
1419 4227 1504 4299 Quos
1534 4227 1560 4288 si
1580 4230 1692 4308 J'nbeas

343 4311 424 4372 adire
448 4312 609 4388 scriptores
634 4311 757 4388 optices,
784 4311 813 4372 in
836 4331 898 4372 rem
921 4323 1111 4390 praesentem
1136 4315 1247 4390 venire,
1272 4316 1403 4376 libellum
1418 4316 1629 4378 stultissimum
1654 4335 1691 4378 ex

343 4418 376 4460 se
399 4398 465 4478 ipso
488 4395 645 4469 refellere,
678 4399 858 4477 experieris,
889 4401 978 4461 malle
1002 4402 1058 4461 hoc
1083 4405 1204 4462 doctore
1229 4422 1349 4464 curvum
1374 4404 1472 4464 dicere
1495 4413 1627 4478 rectum,
1659 4413 1693 4468 ut

343 4485 483 4562 lascivire
507 4493 611 4548 contra
633 4485 851 4565 philosophiam
875 4487 1011 4565 possint,
1036 4507 1124 4568 quam
1148 4499 1181 4552 ut
1203 4491 1233 4552 id
1258 4491 1368 4552 laboris
1392 4491 1449 4552 sibi
1472 4501 1601 4555 sument.
1648 4493 1689 4553 Et

342 4569 502 4650 imperabit
524 4572 580 4633 sibi
604 4573 709 4634 doctus
733 4573 842 4652 aliquis
866 4573 953 4652 hujus
977 4574 1122 4636 scientiae
1146 4595 1276 4657 gnarus,
1302 4587 1335 4640 ut
1357 4597 1502 4661 papyrum
1526 4579 1637 4658 perdat
1660 4581 1693 4641 in

343 4661 509 4720 refutandis
540 4660 587 4719 his
610 4659 719 4738 nugis?
765 4658 983 4737 Osapicntem
1006 4662 1226 4743 Pythagoram,
1251 4665 1299 4744 qui
1326 4669 1407 4729 nulla
1430 4685 1461 4728 re
1491 4667 1552 4727 alia
1575 4667 1690 4748 majes-

345 4751 440 4804 tatem
475 4745 680 4826 philosophiae
712 4746 855 4810 oontineri
886 4749 1020 4823 censuit,
1054 4767 1142 4830 qnam
1172 4753 1312 4814 silentio!
1367 4755 1455 4816 Nunc
1488 4754 1557 4834 quia
1585 4755 1691 4834 jecisti
