3566 5536
677 316 759 382 caes
775 317 890 368 xxvnr.
1171 282 1226 338 ‘.
1390 326 1453 393 725
1592 353 1594 361 .

112 494 220 556 stellae
243 494 316 556 nibil
340 495 459 572 penitus
483 494 658 566 audiebant,
685 496 801 556 occulto
828 493 974 556 instinctu
997 515 1069 557 snae
1100 505 1224 560 naturae
1248 501 1340 581 (qnod
1364 505 1453 568 eain

112 602 220 647 novam
257 582 375 648 stellam
412 584 608 664 respiciebat)
640 584 678 645 ad
711 583 887 645 rorationes
924 584 1034 664 luisse·
1052 581 1212 664 predives.
1263 591 1364 670 Atque
1396 595 1454 656 atsi

111 691 208 734 rerum
232 671 416 752 publicamm
441 681 549 750 mutus,
574 673 651 754 qnod
676 690 784 734 causas
798 679 830 733 et
843 673 948 734 modos
970 681 1255 754 ceterasquererum
1273 678 1455 759 singularum

114 760 356 824 circumstantias
379 761 500 838 attinet,
525 781 562 823 cx
582 762 665 824 coelo
686 781 742 823 non
765 767 846 836 aunt,
871 761 943 822 nihil
962 771 1065 839 tamen
1084 764 1211 844 impedit
1224 768 1353 842 credere,
1378 772 1455 852 qnod

112 851 140 912 hi
164 850 222 930 ipsi
242 851 307 930 jam
332 851 404 914 dicti
433 860 530 914 motus
554 870 607 930 per
629 851 830 930 Hungariam,
854 847 1026 922 Austriam,
1049 851 1232 924 Moraviam,
1256 856 1453 936 Britanniam,
1494 925 1498 934 ,

111 948 143 1002 et
171 959 246 1020 qnae
280 940 429 1002 atrociora
461 959 514 1021 per
541 939 718 1015 Livoniam,
741 939 944 1014 Moscoviam,
969 941 1126 1017 Terciam,
1151 943 1305 1020 Persian,
1328 947 1453 1026 Indiam,

111 1030 245 1109 adeoque
269 1039 301 1089 et
322 1029 445 1109 propius
467 1049 522 1092 nos
545 1029 575 1092 in
599 1031 708 1092 ducatu
731 1027 945 1090 Brunsvicensi
973 1030 1175 1110 contigerunt,
1201 1051 1335 1116 quaeque
1359 1036 1454 1101 adbuc

111 1117 242 1197 gliscunt
262 1115 316 1197 pe'r
341 1116 470 1192 Gallias,
494 1118 681 1198 omniumque
704 1117 832 1179 maxime
853 1131 909 1197 per
931 1119 1052 1180 Italiam
1077 1121 1105 1181 in
1130 1122 1250 1200 negotio
1269 1124 1398 1200 Veneto,
1423 1136 1454 1191 et

111 1226 187 1287 qnae
213 1205 280 1287 jam
310 1216 380 1271 sunt
409 1205 440 1268 in
473 1207 538 1269 acie
570 1206 735 1269 novaculae
772 1225 826 1286 per
854 1206 1026 1282 Poloniam,
1056 1208 1266 1287 Lithuaniam,
1300 1213 1453 1292 Russiam,

110 1313 235 1374 magnos
258 1315 296 1357 ex
318 1297 375 1358 hac
397 1297 466 1375 ipsa
487 1297 579 1360 stella
602 1297 739 1359 stimulos
770 1296 960 1377 acceperint:
994 1299 1087 1379 usqne
1110 1300 1185 1362 adeo
1215 1309 1325 1364 cuncta
1344 1325 1452 1368 oaore-

109 1381 226 1466 ριζοηα
249 1386 423 1466 experimur.
792 1411 795 1421 ·

199 1473 278 1536 Sunt
299 1475 349 1555 qni
373 1475 447 1540 haec
470 1480 631 1547 extenuent
654 1493 709 1536 nec
732 1473 824 1554 digna
851 1473 966 1548 dicant,
998 1476 1027 1536 in
1052 1493 1127 1555 quae
1149 1477 1334 1557 significatio
1358 1499 1453 1544 novae

109 1564 219 1626 stellae
241 1563 396 1640 trahatur3
421 1583 488 1626 cnm
510 1563 660 1625 atrociora
683 1563 864 1642 contigerint
887 1563 968 1633 olim,
992 1565 1109 1645 qnando
1133 1584 1229 1647 neque
1252 1585 1332 1630 nova
1354 1571 1454 1633 sidera

112 1653 251 1714 fulserint
272 1671 368 1734 neque
390 1653 513 1715 comitia
535 1653 722 1732 planetarum
746 1653 930 1730 superiorum
957 1652 1077 1715 inerint.
1125 1654 1189 1734 Ego
1212 1675 1283 1718 vero
1306 1659 1372 1736 jam
1397 1678 1453 1724 non

110 1743 241 1822 disputo,
265 1743 311 1806 cui
336 1743 378 1804 rei
403 1761 531 1804 accensa
554 1743 596 1802 sit
617 1742 708 1804 stella
731 1741 798 1814 (fiet
819 1742 850 1804 id
872 1745 1009 1821 postea),
1041 1744 1093 1804 sed
1126 1745 1195 1824 qnid
1226 1747 1403 1810 naturaliter
1424 1749 1454 1810 in

111 1833 252 1894 naturam
274 1831 465 1894 sublunarem
484 1850 522 1892 ex
535 1827 630 1892 novae
653 1831 761 1892 stellae
786 1831 911 1892 fulsione
932 1829 1016 1911 aequi
1041 1831 1082 1893 sit
1096 1843 1338 1911 consentaneum,
1363 1837 1453 1900 etiarn

111 1921 175 1981 sine
200 1939 344 2000 expressa
365 1930 462 1982 novae
481 1921 587 1982 stellae
607 1911 726 1982 notitia.
763 1917 822 1990 Qui
842 1938 912 1980 vero
929 1920 1043 1982 minora
1066 1921 1140 1983 haec
1164 1923 1347 2000 existimant,
1367 1944 1455 2006 quam

111 2019 144 2070 ut
163 2009 191 2070 in
211 2009 248 2070 iis
269 2028 431 2090 agnoscere
454 2009 573 2091 possint
595 2010 743 2070 occultam
758 2009 907 2089 quandam
931 2009 1205 2073 exstimulatinnem
1220 2014 1333 2076 ardoris
1357 2015 1455 2078 honri·

14 2147 15 2174 ,
111 2117 191 2171 num,
215 2117 274 2160 non
298 2117 372 2178 quae
397 2099 523 2162 consilio
541 2098 583 2161 sit
605 2107 746 2178 suscepta
768 2107 892 2178 propter
914 2097 1034 2176 objecta
1057 2099 1145 2162 obvia
1170 2109 1201 2161 et
1224 2112 1376 2178 consueta,
1402 2106 1456 2166 sed

14 2237 16 2272 ρ
112 2205 188 2266 quae
212 2187 250 2250 ab
274 2187 412 2252 interiore
437 2189 538 2270 aliqua
561 2197 735 2258 naturarum
758 2187 923 2250 acerbitate
946 2189 1039 2250 fluat:
1063 2188 1100 2250 iis
1114 2209 1170 2270 ego
1189 2191 1235 2252 sio
1255 2193 1455 2257 sentientibus

110 2277 189 2338 idem
212 2277 349 2339 accidere
376 2287 465 2358 puto,
497 2277 626 2362 quodie
656 2277 766 2338 nebula
798 2277 1038 2352 ambulantibus,
1074 2286 1107 2340 nt
1134 2280 1308 2361 quantisper
1338 2282 1396 2361 ipsi
1420 2299 1453 2344 se

109 2373 212 2428 mutuo
236 2365 441 2446 conspiciunt,
470 2375 587 2430 tantam
611 2367 737 2428 nebulae
765 2366 1012 2442 crassitudinem,
1046 2386 1106 2446 qna
1127 2369 1365 2444 circumdantur,
1397 2391 1454 2434 non

14 2531 15 2540 ρ
109 2455 291 2530 aestiment;
315 2456 363 2518 nbi
386 2474 457 2518 vero
480 2455 619 2516 nebulam
643 2455 756 2528 eminus
780 2455 990 2534 conspexerint
1012 2455 1069 2534 ipsi
1094 2456 1122 2517 in
1142 2459 1215 2518 sudo
1239 2467 1366 2535 stantes,
1384 2455 1454 2522 ‘tum

109 2544 227 2608 demum
251 2545 433 2608 densitatem
454 2545 520 2623 ejus
539 2543 640 2604 oculos
664 2543 840 2604 subeuntem
863 2543 1058 2606 admirantur.
1096 2543 1147 2607 Sic
1166 2546 1273 2609 turbas
1293 2539 1452 2612 hodiernos

109 2642 273 2704 extenuent
296 2634 345 2712 qni
368 2634 478 2695 velint:
502 2640 614 2695 certum
637 2639 699 2704 est,
723 2631 771 2692 nbi
795 2638 913 2712 tempus
937 2633 1057 2712 aliquod
1084 2636 1275 2713 praeterierit
1297 2637 1452 2717 omniaque

110 2741 185 2802 quae
201 2723 288 2784 bodio
303 2730 445 2802 geruntur
468 2720 579 2782 fuerint
597 2727 753 2794 annotata,
778 2720 906 2783 lectores
925 2721 969 2784 sic
987 2721 1185 2801 judicaturos,
1210 2725 1328 2786 omnino
1344 2728 1454 2789 tumul-

110 2821 199 2874 tuosa
223 2811 314 2874 fuisse
338 2811 399 2872 ista
422 2818 559 2887 tempora
580 2827 656 2889 prae
675 2808 794 2871 ceteris.

143 2943 148 2954 .
200 2899 290 2964 Auno
314 2899 431 2979 quidem
458 2895 559 2972 1572,
583 2905 749 2977 postquam
767 2895 880 2959 affulsit
902 2896 955 2958 illa
979 2879 1173 2978 Cassiopeiae
1198 2902 1303 2978 stella,
1335 2904 1454 2983 quietae

109 2997 197 3051 erant
220 2987 432 3068 utplurimum
455 2985 625 3066 provinciae
653 2985 778 3048 ceteris:
804 2993 837 3048 at
858 2985 888 3046 in
912 2986 1017 3064 Belgio
1041 2996 1073 3050 et
1093 2987 1203 3052 Galliis
1226 3011 1294 3053 cnm
1315 2993 1396 3054 circa
1418 3013 1455 3056 ea

109 3087 248 3158 tempora
281 3096 330 3140 res
363 3077 501 3140 turbatae
534 3083 651 3148 essent,
685 3083 772 3136 tanta
799 3095 837 3137 ex
868 3093 903 3136 eo
936 3093 1013 3138 anno
1046 3079 1205 3140 commotio
1234 3081 1270 3142 de
1300 3100 1376 3143 novo
1407 3091 1455 3144 est

111 3177 225 3244 secuta,
250 3185 308 3228 non
324 3185 382 3228 nno
401 3166 518 3246 quidem
533 3165 604 3238 ictu,
619 3165 673 3226 sed
687 3183 740 3245 per
756 3165 874 3244 longam
889 3165 991 3238 telam,
1011 3175 1044 3226 ut
1058 3175 1141 3229 totae
1160 3168 1292 3230 illustres
1313 3170 1452 3245 familiae,

109 3259 193 3319 totae
217 3255 404 3338 respublicae
432 3262 637 3316 everterentur
665 3253 797 3315 funditus
827 3271 980 3333 novaeque
1008 3257 1226 3328 exorirentnra
1241 3277 1363 3338 quarum
1386 3269 1452 3322 tur·

109 3347 212 3408 barum
235 3345 363 3408 nondum
395 3343 471 3419 linis,
495 3361 561 3406 cum
580 3343 642 3423 jam
666 3341 839 3423 paucissimi
860 3343 1020 3422 supersint,
1045 3345 1095 3425 qui
1117 3346 1221 3426 primis
1244 3346 1337 3410 initiis
1357 3349 1452 3411 inter·

110 3435 210 3509 iuere3
243 3433 375 3514 utrisque
404 3433 533 3514 partium
566 3431 694 3513 pessime
724 3431 875 3505 multatis,
907 3431 944 3494 iis
968 3431 1077 3510 etiam,
1109 3436 1158 3516 qui
1182 3445 1298 3498 mature
1322 3457 1355 3500 se
1379 3440 1451 3518 fuga

111 3523 323 3586 subtraxerunt
344 3523 431 3602 inque
455 3521 523 3584 aliis
546 3519 715 3601 regionibus
739 3521 946 3596 consederunt,
969 3521 1082 3586 invidia
1109 3524 1274 3588 incolarum
1296 3533 1328 3588 et
1350 3527 1451 3607 inopia

111 3612 219 3674 misere
244 3611 371 3674 vexatis.
419 3609 487 3682 Qua
510 3610 594 3673 unius
617 3609 746 3690 exempli
776 3609 945 3673 inductione
973 3611 1036 3674 sive
1065 3613 1140 3676 bene
1174 3624 1363 3696 argumenter
1386 3617 1450 3678 sive

111 3701 253 3776 futiliter,
279 3701 353 3762 illud
375 3707 456 3762 certe
479 3719 568 3764 noum
591 3700 667 3762 citra
689 3700 827 3762 damnum
851 3699 955 3777 iniero,
968 3701 1119 3780 ,arbitrari
1142 3722 1199 3778 me,
1228 3721 1326 3766 rerum
1351 3704 1452 3784 publi-

111 3809 213 3852 carum
240 3789 444 3852 moderatores
475 3789 615 3868 ipsosque
644 3785 923 3854 adea‘ntonarehas
953 3789 1061 3852 debere
1090 3793 1191 3854 oculos
1224 3791 1450 3875 animosquein

110 3879 168 3942 hoc
192 3878 370 3959 exemplum.
391 3877 523 3940 intentos
555 3877 665 3940 habere
697 3878 914 3964 diligenterque
945 3878 1115 3958 providere,
1149 3899 1186 3942 ne
1214 3881 1308 3960 major
1331 3883 1387 3944 lide
1411 3883 1452 3945 sit

110 3967 256 4032 hodierna
279 3966 482 4030 universitatis
506 3967 654 4028 homiuum
678 3965 887 4040 exacerbati03
915 3985 992 4028 neve
1014 3966 1105 4030 etiam
1131 3987 1207 4031 nunc
1230 3970 1346 4034 semina
1364 3971 1451 4051 jacta

108 4059 174 4122 sint
205 4054 445 4138 longissimamm
476 4054 681 4116 calamitatum
711 4064 773 4115 tam
804 4054 885 4116 intra
915 4053 1107 4118 Germaniam
1141 4077 1229 4138 qnam
1260 4059 1291 4122 in
1324 4059 1451 4134 vicinia;

108 4167 187 4213 neve
207 4167 253 4223 ea,
278 4145 326 4208 nbi
345 4145 432 4225 jacta
445 4143 539 4206 videri
563 4149 699 4222 possunt,
724 4141 908 4221 negligentia
922 4150 954 4204 et
968 4145 1078 4231 minimi
1102 4146 1213 4209 laboris
1236 4147 1448 4211 incommodive
1497 4173 1505 4190 ·

107 4235 330 4302 detrectatione
363 4233 484 4296 tandem
516 4234 691 4294 adolescant
714 4239 747 4292 et
766 4229 1034 4310 penitus'radices
1066 4243 1178 4314 agant;
1211 4237 1285 4299 adeo
1313 4247 1346 4301 nt
1373 4237 1449 4301 citra

108 4325 205 4392 totius
229 4325 295 4406 agri
317 4323 478 4417 perniqiem
501 4320 662 4401 exstirpari
683 4319 872 4399 postmodnm
896 4339 952 4382 non
977 4323 1103 4402 possint.

200 4416 279 4480 Nam
301 4422 335 4475 ut
357 4412 388 4474 id
411 4411 532 4473 tandem
555 4410 665 4485 tiniam,
689 4409 768 4490 qnod
790 4409 860 4470 mihi
884 4429 921 4472 ex
945 4420 1066 4475 naturae
1095 4413 1196 4476 ordine
1219 4414 1277 4476 dici
1299 4432 1388 4495 posse
1412 4415 1448 4478 de

107 4523 191 4570 nova
221 4504 312 4567 stella
342 4501 480 4563 videtur:
513 4498 759 4562 considerandum
783 4504 814 4558 et
837 4495 891 4560 hoc
920 4507 980 4575 est,
1012 4521 1077 4564 cunr
1105 4503 1194 4565 stella
1220 4505 1293 4566 haec
1316 4506 1448 4585 proxime

111 4594 283 4676 eclipticam
315 4591 437 4652 steterit
463 4589 571 4672 juncta
593 4586 722 4668 planetis
744 4585 849 4666 tribus,
883 4589 1036 4672 lumenque
1066 4593 1196 4655 coeleste
1229 4593 1324 4655 simile
1353 4595 1449 4657 affixis

110 4683 261 4748 sideribus
284 4678 456 4754 obtinuerit,
481 4679 546 4758 ejus
569 4678 670 4759 ntique
689 4675 829 4756 speciem,
849 4676 886 4738 'nt
900 4688 1063 4743 ceterorum
1082 4682 1268 4761 planetarum
1282 4690 1314 4743 et
1328 4683 1450 4746 marum

113 4764 206 4838 etiarn
224 4773 254 4836 in
268 4778 392 4834 naturas
415 4767 600 4831 nascentium
623 4767 773 4830 hominum
786 4785 846 4828 nna
863 4767 954 4847 recipi
978 4779 1208 4835 consentaneum
1232 4791 1308 4836 esse.
1345 4773 1450 4853 Itaque

114 4855 378 4947 quiritatu
409 4855 460 4924 10.
483 4856 642 4920 Decembr.
675 4855 755 4938 stylo
785 4874 862 4922 novo
894 4857 958 4920 nati
987 4868 1073 4937 sunt,
1105 4859 1126 4923 ii
1153 4861 1255 4926 Solem
1286 4863 1451 4930 babuerunt
