3674 5538
291 259 353 330 134
759 263 950 329 Paralipomena
967 266 992 316 in
1011 259 1178 316 Vitellianom.
1238 267 1241 276 ⁴

289 461 505 522 rumcuuque
538 461 735 522 corporum.
784 440 869 512 Quae
894 443 971 505 enim
995 443 1050 504 sub
1083 443 1187 506 eodeni
1217 460 1326 522 genere
1355 445 1445 513 sunt,
1477 448 1551 521 epta
1573 447 1645 502 sunt

290 533 386 595 adse
418 539 521 593 rnuntuo
554 531 730 605 afficienda3
763 532 812 592 lux
841 533 910 610 (per
933 531 981 602 7.)
1013 551 1078 594 cum
1110 532 1282 612 corporibus
1318 538 1440 609 propter
1471 529 1645 610 superficies

291 620 397 702 quibus
421 621 620 681 terminantur
643 619 698 680 sub
722 621 825 680 eodem
850 639 958 700 genere
983 631 1050 695 est;
1074 640 1164 701 quare
1189 629 1262 700 apta
1285 620 1336 680 ad
1348 617 1546 682 afficiendum.
1581 618 1644 680 Sed

291 721 324 770 et
347 708 477 770 aflicitur
500 727 613 770 revera.
661 708 825 771 Teruninari
854 709 932 770 enim
961 717 1009 772 est
1039 709 1136 770 affici:
1168 709 1289 770 lineae
1317 727 1370 768 suo
1397 719 1508 786 puncto
1537 708 1643 770 terrui·

292 807 399 872 natur3
423 815 515 876 quare
540 796 577 857 ab
602 815 636 858 eo
661 797 799 860 allicitur.
838 798 941 860 Motus
960 808 1008 860 est
1031 809 1124 872 recta,
1149 799 1232 876 cujus
1256 797 1399 859 tenuinas
1424 796 1643 876 quadamtenus

292 895 340 948 ost
362 895 505 965 punctum
529 884 558 945 in
583 886 738 963 superficie
762 897 957 960 occurrente;
987 895 1019 948 et
1045 887 1224 948 infinitorum
1249 886 1323 948 lucis
1351 884 1502 946 radiorum
1526 884 1646 948 termini

293 983 363 1038 snut
386 972 502 1036 infinita
525 982 646 1052 puncta,
674 974 702 1034 id
727 984 775 1036 est
798 975 981 1055 superficies,
1006 994 1081 1058 quae
1105 995 1143 1038 ex
1167 975 1225 1036 illis
1249 975 1335 1054 quasi
1357 981 1490 1036 constat.

380 1062 470 1142 Prop.
495 1059 582 1123 XllI.
629 1062 830 1125 Densorum
861 1083 1049 1143 corporum
1074 1085 1136 1126 seu
1169 1083 1316 1144 quorum
1346 1063 1483 1126 multae
1512 1069 1646 1141 partes

294 1151 478 1214 materiae
522 1159 715 1230 angustam
762 1152 914 1231 implent
966 1153 1212 1226 soliditatem,
1263 1151 1485 1231 superficies
1532 1151 1646 1212 etiam

292 1242 429 1302 densae
452 1249 543 1300 sunt
566 1240 840 1318 quodammodo,
873 1251 1046 1321 respectu
1076 1241 1226 1304 scilicet
1250 1259 1304 1315 eo,
1334 1259 1401 1320 quo
1426 1241 1486 1301 lux
1510 1246 1546 1300 et
1566 1258 1645 1301 cor-

293 1347 384 1409 pora
416 1347 454 1389 se
485 1337 606 1388 mutuo
640 1329 829 1391 alliciunt.
876 1332 956 1393 Nam
985 1331 1042 1393 etei
1073 1330 1303 1411 superficiebus,
1337 1337 1371 1392 ιιι
1394 1327 1533 1409 quantis,
1565 1329 1648 1390 nulla

294 1416 406 1478 accidit
428 1415 599 1488 crassities‚
634 1427 782 1497 quaeest
809 1438 980 1498 corporum,
1012 1429 1113 1482 tamen
1138 1430 1171 1482 ιιι
1198 1426 1270 1480 sunt
1302 1419 1460 1480 densorum
1489 1435 1657 1496 corporum

294 1514 417 1586 propter
440 1506 517 1566 hanc
541 1505 729 1568 materialem
753 1507 967 1586 geometricam
999 1509 1207 1574 differentiam.
1231 1517 1261 1568 et
1287 1508 1371 1586 ipsae
1395 1507 1507 1576 densae
1531 1505 1647 1568 iutelli-

296 1604 421 1675 gnntur,
456 1613 521 1655 oum
555 1593 617 1655 sint
649 1597 827 1658 materiatae
861 1597 1044 1676 superficies.
1100 1595 1236 1660 Clarius:
1276 1595 1411 1658 densitas
1444 1605 1493 1658 est
1523 1595 1651 1658 affectus

297 1683 453 1758 materiae,
478 1701 554 1762 quae
578 1683 705 1763 suscipit
729 1695 793 1748 tres
816 1686 1026 1760 dimensiones,
1052 1687 1153 1748 dehis
1176 1685 1343 1765 superficiei
1367 1684 1444 1748 duee
1467 1692 1675 1763 competunt·

298 1773 381 1852 Ergo
414 1772 600 1852 participant
631 1773 667 1834 de
701 1791 857 1855 corporum
889 1775 1040 1837 densitate
1072 1795 1125 1836 sno
1164 1775 1293 1836 modulo.
1351 1772 1426 1836 Luci
1461 1789 1530 1834 vero
1563 1791 1653 1852 supra

300 1861 405 1924 eodem
429 1869 568 1940 respectu
593 1862 789 1941 superficialis
815 1863 961 1942 quaedam
985 1865 1121 1926 densitas
1139 1863 1363 1926 'ascribebatun

390 1950 480 2030 Prop.
505 1946 592 2010 XIV.
640 1951 720 2012 Lux
744 1971 807 2031 per
830 1953 1024 2015 densorum
1053 1953 1271 2033 superficies
1300 1949 1517 2030 impeditius
1548 1956 1650 2010 tran-

298 2039 367 2112 sit,
394 2046 574 2118 quatenus
599 2039 745 2101 densae.
794 2040 869 2104 Cum
893 2041 971 2104 enim
995 2043 1052 2104 luci
1082 2049 1236 2120 competat
1258 2048 1357 2102 motus
1380 2057 1434 2119 per
1461 2037 1492 2110 1,
1516 2038 1652 2118 proprie·

302 2135 384 2188 tetes
409 2145 525 2206 quoque
550 2135 649 2189 motus
672 2130 747 2206 recti
772 2131 798 2192 ei
822 2141 1004 2210 competent.
1043 2128 1144 2201 Quare
1168 2141 1200 2192 et
1223 2126 1465 2208 impedimentum
1486 2126 1653 2190 adeusiori

299 2213 406 2277 medio.
444 2215 512 2276 Non
538 2233 609 2277 vero
634 2227 782 2298 quatenus
807 2219 935 2282 solidum
957 2239 1012 2298 per
1039 2217 1088 2294 10,
1113 2238 1184 2298 ergo
1208 2225 1356 2298 quatenus
1380 2215 1536 2296 superficie
1559 2216 1654 2278 densa

299 2304 485 2366 terminatur.
525 2301 664 2366 Clarius:
689 2305 763 2368 lucis
787 2321 886 2370 motus
910 2309 944 2370 fit
966 2309 1145 2370 naturaliter
1168 2326 1234 2370 curm
1259 2306 1434 2368 extensione
1457 2323 1511 2384 per
1528 2299 1559 2378 6,
1585 2302 1654 2382 qnia

300 2411 419 2488 sempor
443 2393 481 2452 ab
506 2411 564 2454 uno
589 2393 724 2457 fonteio
749 2414 851 2458 omues
876 2398 1024 2476 regiones.
1072 2395 1158 2460 Sicut
1181 2415 1252 2475 ergo
1281 2393 1453 2474 superficies
1477 2392 1515 2454 ob
1539 2393 1655 2454 infinita

299 2489 413 2559 puncta
435 2481 554 2542 resistit
576 2483 678 2552 motui,
703 2487 752 2562 qui
777 2485 876 2546 estin
903 2486 1005 2555 lineis,
1029 2487 1072 2548 sic
1096 2485 1269 2565 superficies
1298 2484 1393 2544 densa
1422 2481 1539 2542 resistit
1561 2481 1653 2542 motui

299 2569 487 2642 attenuasti,
512 2587 578 2630 cum
602 2571 737 2634 densitas
761 2583 794 2636 et
816 2575 991 2637 extenuatio
1014 2577 1075 2637 siut
1099 2575 1154 2636 sub
1178 2574 1282 2634 eodem
1306 2591 1426 2651 genere.

244 2727 246 2732 ,
389 2659 479 2736 Prop.
504 2657 577 2720 XV.
625 2658 819 2724 Colorest
844 2664 904 2724 lnn
929 2664 1169 2744 inpotentia,
1203 2661 1262 2724 lux
1294 2660 1450 2740 sepulta
1473 2659 1507 2720 in
1531 2658 1654 2738 pellu-

222 2761 230 2766 ·
301 2745 378 2808 cidi
402 2747 575 2820 materia,
608 2749 637 2810 si
667 2750 743 2828 jam
777 2763 885 2814 extra
917 2752 1097 2815 visionem
1128 2751 1404 2822 consideratum
1438 2757 1475 2810 et
1507 2745 1654 2808 diversi

298 2835 441 2916 gradus
466 2836 498 2897 in
523 2835 779 2915 dispositione
803 2842 996 2916 materiae,
1026 2861 1137 2904 causa
1166 2839 1341 2901 raritatis
1365 2847 1401 2900 et
1429 2835 1653 2906 densitatis.

298 2945 359 2986 seu
384 2923 570 3003 peiiucidi
595 2936 632 2987 et
654 2931 912 3005 tenebrarum,
937 2931 1079 2992 diversi
1104 2930 1192 2990 item
1216 2928 1354 3006 gradus
1377 2926 1539 2999 incolae,
1564 2943 1655 3004 quae
1750 2965 1758 2982 ι

300 3013 484 3075 materiae
523 3023 583 3076 est
613 3027 799 3091 concreta,
839 3019 1011 3081 efficiunt
1052 3017 1268 3080 discrimina
1301 3012 1520 3086 colorum.*)
1579 3013 1655 3078 Cum

300 3102 378 3162 enim
402 3102 529 3178 colores,
555 3103 602 3183 qui
627 3115 788 3168 cernuntur
812 3107 840 3168 iu
865 3107 948 3181 iride,
973 3107 1036 3170 sint
1058 3127 1097 3168 ex
1119 3106 1223 3168 eodem
1247 3124 1358 3185 genere
1382 3104 1459 3166 nude
1484 3113 1516 3164 et
1538 3103 1657 3166 colores
1704 3163 1711 3169 ,

298 3191 328 3250 in
352 3189 452 3262 rebus,
476 3193 582 3252 eadem
607 3194 665 3255 erit
688 3203 877 3275 utrorumque
902 3198 996 3275 origo.
1044 3195 1106 3258 Sed
1129 3194 1173 3256 illi
1202 3203 1319 3256 tantum
1343 3213 1381 3254 ex
1405 3192 1451 3254 his
1475 3191 1539 3268 jam
1564 3191 1654 3264 dictis

300 3277 401 3340 causis
425 3277 571 3342 oriuntur.
619 3281 715 3344 Oculo
748 3285 825 3346 enim
856 3286 1006 3348 translato
1030 3305 1049 3346 a
1076 3285 1136 3346 situ
1168 3283 1301 3345 variatur
1331 3284 1422 3344 color.
1468 3281 1510 3342 Et
1533 3279 1653 3361 quidem

299 3368 330 3427 in
356 3367 482 3428 confinio
508 3369 581 3430 lucis
605 3380 637 3431 et
660 3371 782 3434 umbrae
806 3391 910 3436 omnes
933 3374 1092 3444 resultant,
1117 3383 1150 3434 ut
1172 3381 1286 3434 certum
1307 3371 1357 3445 sit,
1383 3390 1419 3432 ex
1443 3369 1653 3432 attenuatione

302 3455 375 3518 lucis
408 3466 440 3516 et
473 3457 723 3535 superinjeotione
756 3463 900 3524 materiae
934 3481 1046 3542 aqueae
1081 3462 1222 3524 existere.
1270 3459 1371 3531 Quare
1403 3466 1435 3520 et
1464 3458 1495 3520 hi
1522 3457 1652 3520 indidem

299 3545 440 3606 orientur.
497 3544 620 3624 Eritque
653 3549 707 3610 hoc
740 3551 934 3626 discriminis,
969 3552 1047 3630 quod
1079 3551 1108 3612 in
1139 3550 1214 3612 iride
1244 3551 1294 3611 lux
1327 3547 1495 3610 adventitia
1525 3556 1589 3621 est,
1623 3546 1652 3608 io

299 3632 449 3696 coloribus
474 3651 544 3694 reno
569 3636 674 3711 insita,
709 3641 873 3713 eomodo,
907 3659 964 3720 quo
988 3641 1147 3702 multorum
1179 3637 1352 3699 animalium
1384 3636 1521 3716 partibus
1550 3635 1655 3696 insunt

299 3721 418 3801 aliquae
443 3723 525 3784 luces
549 3732 638 3799 actu;
663 3729 797 3808 adeoque
822 3729 899 3808 qnod
924 3729 1064 3791 differunt
1086 3727 1224 3808 potentia
1246 3727 1355 3788 caloris
1382 3727 1409 3787 in
1439 3725 1591 3805 zingibere
1615 3723 1653 3784 ab

300 3819 368 3872 actu
393 3812 502 3874 caloris
526 3813 554 3874 in
580 3814 667 3894 igne,
701 3815 757 3878 hoc
791 3818 908 3880 videtur
938 3818 1060 3879 differre
1085 3818 1134 3878 lux
1163 3817 1191 3878 in
1225 3815 1354 3877 matoria
1385 3815 1523 3877 colorata
1545 3833 1564 3874 a
1588 3813 1653 3876 luce

298 3901 326 3960 in
353 3899 434 3963 Sole.
482 3901 516 3963 Id
542 3902 620 3964 enim
644 3905 673 3968 in
697 3907 834 3988 potentia
857 3915 920 3982 est,
947 3907 1023 3986 quod
1048 3926 1081 3968 se
1106 3926 1162 3968 nou
1187 3905 1400 3980 communicat,
1426 3903 1478 3965 sed
1503 3903 1584 3966 intra
1606 3899 1653 3964 sui

298 4025 541 4035 -η--Μ-
562 4030 617 4037 .—

387 4078 415 4152 ⁸)
437 4083 504 4138 Cum
525 4085 596 4138 haec
616 4085 738 4140 delinitio
759 4093 901 4154 competat
921 4085 1058 4140 coloribus
1079 4085 1227 4140 secundum
1248 4082 1338 4154 magis
1353 4089 1383 4136 et
1396 4081 1493 4144 minus.
1516 4080 1653 4136 minimum

185 4172 187 4177 “
298 4165 385 4238 igitur
406 4164 538 4234 competit
558 4164 714 4236 nigerrimo.
757 4167 828 4221 Nom
849 4165 872 4218 is
898 4173 943 4218 est
968 4166 1088 4220 colorum
1115 4165 1232 4218 omnium
1253 4162 1385 4229 terminus
1403 4169 1439 4220 ,ιιι
1459 4161 1547 4214 habet
1567 4179 1597 4216 se
1619 4161 1654 4214 ad

298 4247 403 4298 colores
424 4251 457 4298 ut
476 4253 607 4314 punctum
628 4263 658 4298 se
680 4246 768 4300 habet
787 4248 821 4299 ad
844 4245 958 4309 lineam,
981 4247 1016 4298 ad
1038 4246 1211 4316 quantitates
1239 4242 1392 4313 pertinens,
1422 4241 1546 4312 quemvis
1568 4258 1654 4312 quan·

299 4326 366 4379 titas
388 4324 508 4380 nonsit.
552 4325 596 4378 lta
624 4333 653 4378 et
683 4325 847 4396 nigerrimus
869 4326 945 4378 color
965 4326 1026 4379 luce
1055 4323 1203 4395 potentiali
1230 4323 1302 4378 omni
1331 4321 1492 4376 destituitur
1517 4322 1654 4392 metisque

299 4407 420 4460 tenebris
441 4403 596 4460 materiatis
618 4413 737 4460 constat.
780 4407 818 4460 Et
837 4405 948 4460 radians
963 4406 991 4460 in
1013 4408 1157 4460 obscurem
1178 4419 1315 4458 cameram
1329 4421 1383 4456 non
1405 4401 1498 4472 pingit
1518 4403 1655 4472 parietem

299 4483 379 4556 nigro
400 4487 454 4538 sed
469 4485 586 4548 cinereo,
609 4503 660 4540 nec
681 4493 888 4557 agnosceretur.
911 4486 963 4540 nisi
985 4487 1199 4540 circumdaretur
1220 4483 1365 4552 speciebus
1387 4483 1503 4536 aliorum
1524 4483 1653 4544 colorum,

299 4563 393 4635 itaque
414 4581 485 4634 pene
506 4573 613 4619 tontum
628 4567 679 4620 sub
701 4567 818 4630 ratione,
834 4565 984 4620 deficientis
998 4584 1069 4636 pene
1087 4565 1172 4622 omnis
1187 4563 1358 4626 radiationis,
1374 4562 1402 4616 in
1416 4562 1526 4632 pictura
1539 4561 1654 4630 parietis

300 4645 469 4716 agnoscitur.
510 4645 645 4715 Superest
665 4653 770 4708 tamen.
800 4648 871 4717 quod
899 4645 1019 4710 mireris,
1049 4654 1156 4700 tentum
1176 4661 1258 4714 posse
1285 4643 1443 4704 materiam,
1469 4647 1502 4694 ιιι
1522 4658 1573 4711 per
1593 4657 1655 4694 esan

300 4721 348 4776 lux
371 4724 478 4777 hostem
498 4742 590 4788 suum,
620 4727 728 4797 nigrum
750 4727 879 4789 colorem,
902 4727 955 4804 laoc
975 4733 1019 4778 est
1045 4743 1136 4780 meres
1163 4727 1291 4780 tenebras
1317 4722 1444 4778 radietas
1472 4738 1558 4792 seque
1578 4721 1655 4790 ipsae

299 4801 423 4855 nonnihil
444 4803 470 4856 in
492 4805 635 4874 superficie
657 4806 770 4874 objecta
790 4805 939 4876 pingentes
961 4805 1121 4858 constituat.
