3476 5532
398 336 461 405 753
919 336 960 390 ue
979 335 1058 392 seue
1074 339 1100 391 ιι
1119 338 1214 406 cygno.

485 517 557 571 lisso
576 521 640 576 sont,
660 529 725 583 quae
741 517 807 570 inter
823 509 992 584 inenosoripta
1008 518 1111 583 Kepleri
1129 525 1155 569 et
1175 519 1200 568 io
1218 515 1345 568 Hansohlo
1364 518 1393 570 de
1415 517 1493 568 stella
1509 519 1534 568 is
1551 515 1624 586 cygno
1637 520 1688 586 ispa

395 590 533 643 hendimns.
570 592 641 640 Anno
666 587 860 641 demumidld.
879 591 1002 642 rediitad
1025 591 1092 640 illam
1112 589 1236 656 Keplerus
1253 591 1278 639 in
1300 590 1377 641 literis
1400 591 1434 640 ad
1453 589 1494 638 W.
1513 589 1689 644 Sobiolsrdss

395 663 556 728 professorem
574 661 757 728 Tobingensem
770 664 879 727 seriptis.
917 661 1083 714 Sobioksrdus
1109 661 1172 713 leaeo
1200 662 1268 726 dedit
1294 661 1403 726 Keplero
1421 659 1461 724 (d.
1480 659 1547 722 2112.
1564 665 1614 728 Aps.
1630 663 1690 724 litii:

397 733 521 785 ...Heus
548 741 574 784 et
600 731 655 782 hoo.
703 734 935 785 Animadvertistine
963 735 1145 798 disparitionem
1171 745 1251 784 norae
1276 733 1340 783 illius
1366 735 1391 783 in
1414 739 1520 798 pectore
1553 733 1637 799 Cygni?
1663 739 1690 784 la

395 807 525 870 insigniter
542 821 582 856 me
600 805 663 856 oculi
682 805 771 856 iallont
788 813 832 857 aut
849 821 945 867 prorsus
969 807 1076 856 evanuit.
1113 805 1179 856 Nam
1197 812 1251 856 tota
1268 804 1316 856 bat
1341 805 1423 856 bieme
1452 819 1570 869 nusquam
1594 811 1690 870 sompnii

395 878 506 942 quamvis
525 877 711 942 diligentissime
722 893 766 942 per
779 877 923 942 oonspioiila
935 879 1033 942 saepius
1051 879 1195 941 quaesierim
1208 891 1254 942 ego
1268 882 1294 926 et
1306 877 1366 926 alim
1378 877 1433 925 sisu
1446 875 1566 940 pollentes
1581 877 1690 932 albitonis

395 949 464 1014 queis
482 947 549 998 loous
567 947 641 1000 ieoile
658 948 761 998 indicari
779 951 872 1014 potuit,
898 949 963 1014 quod
984 963 1039 999 oum
1061 947 1158 1012 reliquis
1181 947 1349 1014 grandioribus
1375 961 1478 1000 truteno
1503 951 1690 1012 repraesentantis

395 1020 541 1071 inclinatum
566 1020 636 1086 quasi
662 1027 737 1084 caput
761 1022 886 1072 morientis
905 1020 994 1070 Christi
1016 1019 1110 1085 vulgari
1134 1021 1313 1085 imaginatione
1338 1019 1491 1070 efformasset

483 1091 555 1152 Quae
581 1091 613 1143 ad
637 1089 701 1142 haeo
727 1093 878 1156 responderit
896 1091 1018 1157 Kepleros
1036 1091 1215 1156 quadamtenus
1233 1090 1403 1158 intelligentur
1430 1089 1604 1141 eSohiekasdi
1624 1095 1690 1156 sosas*

396 1162 502 1228 epistola
519 1160 837 1225 (d.‹1.20.Jon.162³):
856 1164 897 1214 Ad
908 1164 1013 1228 prolixas
1031 1169 1088 1213 tuas
1107 1168 1133 1215 et
1144 1164 1298 1229 gratissimas
1316 1163 1409 1223 literas,
1432 1161 1534 1212 Clarias
1552 1163 1690 1219 missalis

395 1233 501 1285 Domine
519 1235 613 1302 Fautor
628 1235 757 1298 plurimum
785 1235 901 1296 colende,
929 1236 1034 1286 breviter
1050 1250 1117 1285 nuno
1134 1235 1287 1300 respondeo,
1312 1235 1370 1300 qnia
1388 1233 1580 1285 contubernales
1594 1235 1690 1285 immisi

394 1306 516 1372 hodieque
532 1321 573 1356 me
591 1313 689 1364 vexant,
708 1313 802 1357 utnon
820 1308 874 1371 plns
893 1308 935 1357 otii
953 1306 1065 1371 supersit.

486 1378 539 1435 Ale,
559 1377 638 1444 Cygni
656 1392 745 1427 novam
764 1393 829 1428 anuo
850 1375 925 1427 1612.
945 1379 1070 1435 amissam,
1089 1382 1116 1428 et
1133 1376 1157 1428 id
1176 1375 1267 1427 dudam
1285 1376 1399 1427 ablasio
1419 1376 1554 1442 proditum.
1586 1375 1690 1442 Inquisisii

364 1479 367 1490 ·
400 1451 453 1514 eius
480 1447 588 1503 „Mundo
616 1447 731 1506 Josiali“‚
758 1451 870 1514 nuspiam
897 1453 983 1514 reperi.
1020 1449 1118 1500 Videris
1144 1450 1170 1498 in
1196 1447 1243 1498 hoe
1265 1451 1382 1499 memorie
1412 1447 1502 1513 lapsus
1529 1463 1592 1498 esse:
1615 1449 1690 1512 inpias

397 1537 454 1572 sero
482 1527 564 1571 metuo
593 1521 672 1571 amieo
698 1535 767 1571 more
793 1521 931 1572 ludificasse
956 1526 982 1572 et
1002 1522 1050 1572 boo
1077 1520 1255 1586 strategemate
1273 1521 1306 1571 ad
1325 1521 1493 1570 amentiorem
1521 1520 1690 1584 monmutensi

396 1591 579 1644 exstimulatum
607 1592 718 1642 soluisse.
757 1591 813 1644 Scio
841 1594 906 1644 enim
933 1594 1068 1644 certissime
1092 1599 1118 1642 ot
1141 1606 1238 1642 meeum
1261 1591 1426 1642 recordantur
1454 1597 1495 1640 tot
1521 1591 1624 1648 studiosi.
1645 1594 1690 1656 grite

397 1670 600 1721 monstraveram,
628 1663 790 1728 superioribus
808 1665 884 1715 tribus
909 1665 1008 1721 brumis,
1026 1665 1113 1728 quibus
1130 1663 1170 1713 hit
1187 1665 1251 1721 viso.
1272 1664 1418 1729 apparuisse
1448 1663 1548 1722 adhum
1570 1664 1690 1726 sedpsslsm

396 1736 554 1801 languidius,
579 1735 617 1785 ita
634 1741 719 1786 tamon
737 1745 766 1787 ut
782 1735 922 1802 vulgaribus
947 1735 1094 1800 conspicillis
1119 1735 1185 1800 oorpi
1203 1749 1220 1785 a
1236 1750 1277 1786 me
1294 1735 1422 1800 potuerits
1452 1737 1566 1799 proxima
1588 1749 1632 1784 sero
1649 1735 1690 1806 bees

396 1814 493 1858 tantum
512 1807 684 1864 imminutam,
709 1813 738 1857 ot
755 1823 851 1871 prorsus
875 1809 1023 1858 emtinmam
1044 1807 1166 1872 putarim,
1193 1806 1271 1857 donet
1289 1812 1346 1870 post
1368 1807 1502 1870 proximas
1521 1807 1553 1856 ad
1568 1813 1591 1856 te
1606 1807 1664 1860 literas
1674 1807 1688 1864 ij:

396 1879 482 1944 quibos
498 1880 551 1940 jam
568 1878 679 1928 totaliter
697 1879 843 1943 disparuisse
861 1879 922 1936 falso
941 1876 1083 1941 credebam)
1109 1876 1218 1928 adhibito
1236 1879 1321 1928 tubulo
1345 1878 1441 1927 iterum
1469 1878 1534 1928 exile
1550 1879 1689 1942 sest'giouss

396 1949 467 2012 vidi,
479 1949 512 1998 Et
530 1965 561 2000 ne
580 1964 620 2001 me
637 1951 663 1999 in
681 1949 793 2001 stellulae
810 1965 923 2015 persona,
943 1957 970 2002 ut
987 1951 1025 2001 ita
1043 1949 1131 2004 diuam
1150 1949 1189 1999 sel
1206 1949 1256 2000 situ
1274 1949 1405 2000 aberrasse
1427 1949 1563 2007 existimes.
1584 1963 1688 2011 manupo

397 2021 478 2072 altera
498 2021 600 2071 forsitan
618 2020 748 2072 babuisse:
766 2022 828 2072 soito
846 2022 961 2087 quodvis
978 2021 1054 2072 ullam
1071 2023 1098 2071 iu
1110 2023 1222 2071 universo
1240 2020 1308 2072 ooelo
1326 2019 1480 2071 familiarius
1499 2022 1688 2082 sussuranensis

397 2093 477 2144 orosio
494 2093 528 2142 im
564 2093 639 2142 'ustio
657 2107 697 2143 use
716 2093 851 2143 exorbitare
869 2093 959 2144 siverit.
997 2092 1046 2144 Sed
1065 2093 1095 2142 de
1112 2091 1159 2142 boo
1176 2093 1239 2142 alies
1257 2092 1334 2144 fusius
1352 2107 1414 2143 auur
1433 2094 1569 2144 meaverit

486 2163 534 2224 Qui
551 2178 580 2213 us
598 2164 665 2215 brevi
682 2170 738 2228 post
756 2165 826 2215 addit
843 2163 1024 2216 Sohiokasdns:
1053 2163 1103 2215 Sed
1119 2161 1197 2214 heus!
1227 2163 1354 2224 Quomodo
1372 2163 1445 2223 iaus.
1465 2164 1532 2230 quod
1548 2165 1574 2215 iu
1589 2161 1685 2225 nossip

397 2242 450 2286 tam
466 2234 543 2287 libere
561 2235 605 2285 ebs
622 2240 648 2285 te
667 2235 802 2286 dissentio?
820 2234 877 2287 Nou
895 2238 1007 2301 equidem
1025 2236 1051 2286 id
1068 2237 1116 2286 ieoi
1134 2237 1297 2286 contentionis
1315 2235 1409 2293 mdo.
1431 2237 1464 2287 de
1483 2251 1532 2302 qno
1548 2236 1686 2295 solessuitsrprv

396 2313 488 2368 testor,
514 2306 558 2358 sed
577 2308 634 2372 qula
656 2297 778 2371 αὐτοψια
801 2313 944 2360 constanter
968 2309 1047 2359 dotet.
1084 2305 1228 2374 Ignosoosl
1250 2305 1421 2372 impudentius
1445 2308 1498 2360 faoi
1513 2313 1540 2360 st
1561 2309 1602 2358 arti
1622 2305 1685 2357 motu

397 2379 464 2430 Nam
482 2367 573 2444 ἆγαθη
592 2371 648 2444 ἔρις
666 2368 716 2442 ἣδε
733 2379 885 2446 βροιοισιν.
