<?xml version="1.0" encoding="UTF-8"?>
<!DOCTYPE html PUBLIC "-//W3C//DTD XHTML 1.0 Transitional//EN"
    "http://www.w3.org/TR/xhtml1/DTD/xhtml1-transitional.dtd">
<html xmlns="http://www.w3.org/1999/xhtml" xml:lang="en" lang="en">
 <head>
  <title>
</title>
<meta http-equiv="Content-Type" content="text/html;charset=utf-8" />
  <meta name='ocr-system' content='tesseract 3.04.00' />
  <meta name='ocr-capabilities' content='ocr_page ocr_carea ocr_par ocr_line ocrx_word'/>
</head>
<body>
  <div class='ocr_page' id='page_1' title='image "./joanniskepleria02unkngoog/joanniskepleria02unkngoog_0717.png"; bbox 0 0 3566 5536; ppageno 0'>
   <div class='ocr_carea' id='block_1_1' title="bbox 294 231 1177 313">
    <p class='ocr_par' dir='ltr' id='par_1_1' title="bbox 294 231 1177 313">
     <span class='ocr_line' id='line_1_1' title="bbox 294 231 1177 313; baseline -0.008 -22"><span class='ocrx_word' id='word_1_1' title='bbox 294 235 363 313; x_wconf 57' lang='grc' dir='ltr'><strong>βω</strong></span> <span class='ocrx_word' id='word_1_2' title='bbox 783 235 822 287; x_wconf 86' lang='lat' dir='ltr'><strong>De</strong></span> <span class='ocrx_word' id='word_1_3' title='bbox 840 233 920 288; x_wconf 75' lang='lat' dir='ltr'><strong>Stelh</strong></span> <span class='ocrx_word' id='word_1_4' title='bbox 936 233 1009 291; x_wconf 72' lang='lat' dir='ltr'><strong>nora</strong></span> <span class='ocrx_word' id='word_1_5' title='bbox 1026 231 1177 300; x_wconf 68' lang='lat' dir='ltr'><strong>Serpanurli</strong></span> 
     </span>
    </p>
   </div>
   <div class='ocr_carea' id='block_1_2' title="bbox 297 407 1667 760">
    <p class='ocr_par' dir='ltr' id='par_1_2' title="bbox 297 407 1667 760">
     <span class='ocr_line' id='line_1_2' title="bbox 298 407 1667 494; baseline -0.006 -12"><span class='ocrx_word' id='word_1_6' title='bbox 298 423 478 492; x_wconf 83' lang='lat' dir='ltr'><strong>causaest,</strong></span> <span class='ocrx_word' id='word_1_7' title='bbox 511 433 562 478; x_wconf 87' lang='lat' dir='ltr'><strong>eur</strong></span> <span class='ocrx_word' id='word_1_8' title='bbox 593 433 651 476; x_wconf 91' lang='lat' dir='ltr'><strong>nou</strong></span> <span class='ocrx_word' id='word_1_9' title='bbox 673 413 788 494; x_wconf 85' lang='lat' dir='ltr'><strong>possim</strong></span> <span class='ocrx_word' id='word_1_10' title='bbox 815 411 872 474; x_wconf 91' lang='lat' dir='ltr'><strong>hoc</strong></span> <span class='ocrx_word' id='word_1_11' title='bbox 895 411 1057 474; x_wconf 80' lang='lat' dir='ltr'><strong>affirmare.</strong></span> <span class='ocrx_word' id='word_1_12' title='bbox 1102 411 1183 474; x_wconf 87' lang='lat' dir='ltr'><strong>Nam</strong></span> <span class='ocrx_word' id='word_1_13' title='bbox 1204 410 1231 472; x_wconf 82' lang='lat' dir='ltr'><strong>ai</strong></span> <span class='ocrx_word' id='word_1_14' title='bbox 1254 428 1383 490; x_wconf 78' lang='lat' dir='ltr'><strong>quaeras</strong></span> <span class='ocrx_word' id='word_1_15' title='bbox 1407 407 1572 478; x_wconf 68' lang='grc' dir='ltr'>ῐιίὶοοοοι.</span> <span class='ocrx_word' id='word_1_16' title='bbox 1604 429 1667 474; x_wconf 74' lang='lat' dir='ltr'><strong>cut</strong></span> 
     </span>
     <span class='ocr_line' id='line_1_3' title="bbox 297 497 1666 586; baseline -0.007 -16"><span class='ocrx_word' id='word_1_17' title='bbox 297 507 395 570; x_wconf 89' lang='lat' dir='ltr'><strong>nostri</strong></span> <span class='ocrx_word' id='word_1_18' title='bbox 416 507 502 586; x_wconf 91' lang='lat' dir='ltr'><strong>ignes</strong></span> <span class='ocrx_word' id='word_1_19' title='bbox 525 503 571 564; x_wconf 88' lang='lat' dir='ltr'><strong>ita</strong></span> <span class='ocrx_word' id='word_1_20' title='bbox 594 502 756 582; x_wconf 80' lang='lat' dir='ltr'>fulgurent,</span> <span class='ocrx_word' id='word_1_21' title='bbox 779 509 842 563; x_wconf 91' lang='lat' dir='ltr'><strong>tam</strong></span> <span class='ocrx_word' id='word_1_22' title='bbox 865 501 896 566; x_wconf 87' lang='lat' dir='ltr'><strong>iu</strong></span> <span class='ocrx_word' id='word_1_23' title='bbox 920 501 986 562; x_wconf 87' lang='lat' dir='ltr'><strong>loco</strong></span> <span class='ocrx_word' id='word_1_24' title='bbox 1011 518 1099 580; x_wconf 89' lang='lat' dir='ltr'><strong>qnam</strong></span> <span class='ocrx_word' id='word_1_25' title='bbox 1122 499 1151 560; x_wconf 92' lang='lat' dir='ltr'><strong>iu</strong></span> <span class='ocrx_word' id='word_1_26' title='bbox 1175 498 1310 561; x_wconf 90' lang='lat' dir='ltr'><strong>candelis</strong></span> <span class='ocrx_word' id='word_1_27' title='bbox 1328 509 1361 562; x_wconf 90' lang='lat' dir='ltr'><strong>et</strong></span> <span class='ocrx_word' id='word_1_28' title='bbox 1373 499 1501 560; x_wconf 90' lang='lat' dir='ltr'><strong>maxime</strong></span> <span class='ocrx_word' id='word_1_29' title='bbox 1516 497 1545 560; x_wconf 92' lang='lat' dir='ltr'><strong>iu</strong></span> <span class='ocrx_word' id='word_1_30' title='bbox 1562 499 1666 560; x_wconf 85' lang='lat' dir='ltr'><strong>luruis</strong></span> 
     </span>
     <span class='ocr_line' id='line_1_4' title="bbox 299 587 1664 680; baseline -0.007 -22"><span class='ocrx_word' id='word_1_31' title='bbox 299 595 498 680; x_wconf 80' lang='lat' dir='ltr'><strong>cbymicornm</strong></span> <span class='ocrx_word' id='word_1_32' title='bbox 522 591 591 653; x_wconf 92' lang='lat' dir='ltr'><strong>dum</strong></span> <span class='ocrx_word' id='word_1_33' title='bbox 615 592 740 654; x_wconf 90' lang='lat' dir='ltr'><strong>metalla</strong></span> <span class='ocrx_word' id='word_1_34' title='bbox 763 597 861 664; x_wconf 91' lang='lat' dir='ltr'><strong>urunt,</strong></span> <span class='ocrx_word' id='word_1_35' title='bbox 889 589 1023 652; x_wconf 89' lang='lat' dir='ltr'><strong>iuvenies</strong></span> <span class='ocrx_word' id='word_1_36' title='bbox 1047 587 1077 650; x_wconf 95' lang='lat' dir='ltr'><strong>id</strong></span> <span class='ocrx_word' id='word_1_37' title='bbox 1101 589 1179 669; x_wconf 90' lang='lat' dir='ltr'><strong>quod</strong></span> <span class='ocrx_word' id='word_1_38' title='bbox 1203 588 1231 650; x_wconf 92' lang='lat' dir='ltr'><strong>in</strong></span> <span class='ocrx_word' id='word_1_39' title='bbox 1255 588 1322 650; x_wconf 88' lang='lat' dir='ltr'><strong>lixis</strong></span> <span class='ocrx_word' id='word_1_40' title='bbox 1340 587 1465 651; x_wconf 89' lang='lat' dir='ltr'><strong>inveniri</strong></span> <span class='ocrx_word' id='word_1_41' title='bbox 1481 607 1539 648; x_wconf 92' lang='lat' dir='ltr'><strong>oon</strong></span> <span class='ocrx_word' id='word_1_42' title='bbox 1555 587 1664 662; x_wconf 86' lang='lat' dir='ltr'><strong>debet,</strong></span> 
     </span>
     <span class='ocr_line' id='line_1_5' title="bbox 299 676 1664 760; baseline -0.006 -14"><span class='ocrx_word' id='word_1_43' title='bbox 299 703 337 746; x_wconf 88' lang='lat' dir='ltr'><strong>ne</strong></span> <span class='ocrx_word' id='word_1_44' title='bbox 361 685 429 746; x_wconf 89' lang='lat' dir='ltr'><strong>illas</strong></span> <span class='ocrx_word' id='word_1_45' title='bbox 453 681 523 744; x_wconf 92' lang='lat' dir='ltr'><strong>oliru</strong></span> <span class='ocrx_word' id='word_1_46' title='bbox 547 699 612 744; x_wconf 88' lang='lat' dir='ltr'><strong>cour</strong></span> <span class='ocrx_word' id='word_1_47' title='bbox 643 679 905 760; x_wconf 81' lang='lat' dir='ltr'><strong>nostris-ignibus</strong></span> <span class='ocrx_word' id='word_1_48' title='bbox 934 677 1151 758; x_wconf 77' lang='lat' dir='ltr'><strong>extinguamus.</strong></span> <span class='ocrx_word' id='word_1_49' title='bbox 1197 678 1305 756; x_wconf 85' lang='lat' dir='ltr'><strong>Pugna</strong></span> <span class='ocrx_word' id='word_1_50' title='bbox 1336 695 1442 758; x_wconf 82' lang='lat' dir='ltr'>nempe</span> <span class='ocrx_word' id='word_1_51' title='bbox 1465 676 1572 740; x_wconf 79' lang='lat' dir='ltr'>existit</span> <span class='ocrx_word' id='word_1_52' title='bbox 1594 677 1664 740; x_wconf 87' lang='lat' dir='ltr'><strong>oir-</strong></span> 
     </span>
    </p>
   </div>
   <div class='ocr_carea' id='block_1_3' title="bbox 123 765 1663 847">
    <p class='ocr_par' dir='ltr' id='par_1_3' title="bbox 123 765 1663 847">
     <span class='ocr_line' id='line_1_6' title="bbox 123 765 1663 847; baseline -0.006 -10"><span class='ocrx_word' id='word_1_53' title='bbox 123 773 127 780; x_wconf 86' lang='lat'>&#39;</span> <span class='ocrx_word' id='word_1_54' title='bbox 216 805 223 818; x_wconf 86' lang='lat'><strong>·</strong></span> <span class='ocrx_word' id='word_1_55' title='bbox 299 770 477 836; x_wconf 88' lang='lat' dir='ltr'><strong>cumstautis</strong></span> <span class='ocrx_word' id='word_1_56' title='bbox 501 767 612 832; x_wconf 88' lang='lat' dir='ltr'><strong>humidi</strong></span> <span class='ocrx_word' id='word_1_57' title='bbox 638 770 717 830; x_wconf 76' lang='lat' dir='ltr'><strong>atris</strong></span> <span class='ocrx_word' id='word_1_58' title='bbox 741 776 795 830; x_wconf 85' lang='lat' dir='ltr'><strong>aut</strong></span> <span class='ocrx_word' id='word_1_59' title='bbox 816 767 913 830; x_wconf 81' lang='lat' dir='ltr'><strong>afflati</strong></span> <span class='ocrx_word' id='word_1_60' title='bbox 936 786 973 828; x_wconf 86' lang='lat' dir='ltr'><strong>ex</strong></span> <span class='ocrx_word' id='word_1_61' title='bbox 997 767 1118 828; x_wconf 89' lang='lat' dir='ltr'><strong>metallo</strong></span> <span class='ocrx_word' id='word_1_62' title='bbox 1141 766 1266 847; x_wconf 87' lang='lat' dir='ltr'><strong>spiritus</strong></span> <span class='ocrx_word' id='word_1_63' title='bbox 1294 786 1361 829; x_wconf 91' lang='lat' dir='ltr'><strong>cum</strong></span> <span class='ocrx_word' id='word_1_64' title='bbox 1389 765 1459 847; x_wconf 86' lang='lat' dir='ltr'><strong>igne</strong></span> <span class='ocrx_word' id='word_1_65' title='bbox 1489 765 1663 830; x_wconf 83' lang='lat' dir='ltr'><strong>siccissima</strong></span> 
     </span>
    </p>
   </div>
   <div class='ocr_carea' id='block_1_4' title="bbox 296 855 1664 2184">
    <p class='ocr_par' dir='ltr' id='par_1_4' title="bbox 296 855 1664 1827">
     <span class='ocr_line' id='line_1_7' title="bbox 299 855 1664 938; baseline -0.004 -14"><span class='ocrx_word' id='word_1_66' title='bbox 299 869 331 924; x_wconf 87' lang='lat' dir='ltr'><strong>et</strong></span> <span class='ocrx_word' id='word_1_67' title='bbox 353 858 538 924; x_wconf 87' lang='lat' dir='ltr'><strong>tenuissimo.</strong></span> <span class='ocrx_word' id='word_1_68' title='bbox 596 856 738 938; x_wconf 87' lang='lat' dir='ltr'><strong>Semper,</strong></span> <span class='ocrx_word' id='word_1_69' title='bbox 767 857 816 938; x_wconf 90' lang='lat' dir='ltr'><strong>qui</strong></span> <span class='ocrx_word' id='word_1_70' title='bbox 849 857 931 918; x_wconf 89' lang='lat' dir='ltr'><strong>locas</strong></span> <span class='ocrx_word' id='word_1_71' title='bbox 964 855 1033 935; x_wconf 90' lang='lat' dir='ltr'><strong>igne</strong></span> <span class='ocrx_word' id='word_1_72' title='bbox 1064 855 1239 936; x_wconf 74' lang='lat' dir='ltr'><strong>necopinus,</strong></span> <span class='ocrx_word' id='word_1_73' title='bbox 1274 875 1341 918; x_wconf 90' lang='lat' dir='ltr'><strong>cunr</strong></span> <span class='ocrx_word' id='word_1_74' title='bbox 1364 855 1404 918; x_wconf 89' lang='lat' dir='ltr'><strong>ab</strong></span> <span class='ocrx_word' id='word_1_75' title='bbox 1427 856 1496 933; x_wconf 89' lang='lat' dir='ltr'><strong>igue</strong></span> <span class='ocrx_word' id='word_1_76' title='bbox 1518 873 1572 934; x_wconf 90' lang='lat' dir='ltr'><strong>per</strong></span> <span class='ocrx_word' id='word_1_77' title='bbox 1596 856 1664 918; x_wconf 82' lang='lat' dir='ltr'><strong>rim</strong></span> 
     </span>
     <span class='ocr_line' id='line_1_8' title="bbox 300 945 1663 1026; baseline -0.004 -15"><span class='ocrx_word' id='word_1_78' title='bbox 300 957 489 1020; x_wconf 86' lang='lat' dir='ltr'><strong>extenuetur,</strong></span> <span class='ocrx_word' id='word_1_79' title='bbox 514 947 758 1010; x_wconf 77' lang='lat' dir='ltr'><strong>circumstantem</strong></span> <span class='ocrx_word' id='word_1_80' title='bbox 772 953 871 1010; x_wconf 81' lang='lat' dir='ltr'><strong>atrern</strong></span> <span class='ocrx_word' id='word_1_81' title='bbox 896 963 1018 1026; x_wconf 86' lang='lat' dir='ltr'><strong>gravem</strong></span> <span class='ocrx_word' id='word_1_82' title='bbox 1041 945 1099 1007; x_wconf 91' lang='lat' dir='ltr'><strong>levi</strong></span> <span class='ocrx_word' id='word_1_83' title='bbox 1123 964 1177 1025; x_wconf 90' lang='lat' dir='ltr'><strong>per</strong></span> <span class='ocrx_word' id='word_1_84' title='bbox 1198 963 1266 1006; x_wconf 88' lang='lat' dir='ltr'><strong>sese</strong></span> <span class='ocrx_word' id='word_1_85' title='bbox 1290 945 1511 1008; x_wconf 81' lang='lat' dir='ltr'><strong>incumbentem</strong></span> <span class='ocrx_word' id='word_1_86' title='bbox 1534 946 1564 1006; x_wconf 95' lang='lat' dir='ltr'><strong>in</strong></span> <span class='ocrx_word' id='word_1_87' title='bbox 1587 963 1663 1006; x_wconf 86' lang='lat' dir='ltr'><strong>sese</strong></span> 
     </span>
     <span class='ocr_line' id='line_1_9' title="bbox 298 1033 1663 1117; baseline -0.004 -17"><span class='ocrx_word' id='word_1_88' title='bbox 298 1037 393 1117; x_wconf 90' lang='lat' dir='ltr'><strong>rapit;</strong></span> <span class='ocrx_word' id='word_1_89' title='bbox 418 1055 537 1116; x_wconf 86' lang='lat' dir='ltr'><strong>semper</strong></span> <span class='ocrx_word' id='word_1_90' title='bbox 561 1036 638 1115; x_wconf 88' lang='lat' dir='ltr'><strong>ignis</strong></span> <span class='ocrx_word' id='word_1_91' title='bbox 662 1055 755 1098; x_wconf 87' lang='lat' dir='ltr'><strong>novas</strong></span> <span class='ocrx_word' id='word_1_92' title='bbox 779 1057 799 1098; x_wconf 89' lang='lat' dir='ltr'><strong>a</strong></span> <span class='ocrx_word' id='word_1_93' title='bbox 821 1035 950 1098; x_wconf 89' lang='lat' dir='ltr'><strong>materia</strong></span> <span class='ocrx_word' id='word_1_94' title='bbox 974 1034 1053 1096; x_wconf 85' lang='lat' dir='ltr'><strong>vires</strong></span> <span class='ocrx_word' id='word_1_95' title='bbox 1076 1033 1214 1113; x_wconf 87' lang='lat' dir='ltr'><strong>adeptus,</strong></span> <span class='ocrx_word' id='word_1_96' title='bbox 1239 1034 1327 1116; x_wconf 91' lang='lat' dir='ltr'><strong>copia</strong></span> <span class='ocrx_word' id='word_1_97' title='bbox 1342 1034 1505 1096; x_wconf 88' lang='lat' dir='ltr'><strong>subvectus</strong></span> <span class='ocrx_word' id='word_1_98' title='bbox 1518 1033 1663 1113; x_wconf 87' lang='lat' dir='ltr'><strong>dispellit</strong></span> 
     </span>
     <span class='ocr_line' id='line_1_10' title="bbox 298 1122 1661 1204; baseline -0.004 -16"><span class='ocrx_word' id='word_1_99' title='bbox 298 1133 409 1188; x_wconf 79' lang='lat' dir='ltr'><strong>utrem.</strong></span> <span class='ocrx_word' id='word_1_100' title='bbox 454 1124 553 1202; x_wconf 90' lang='lat' dir='ltr'><strong>Igitur</strong></span> <span class='ocrx_word' id='word_1_101' title='bbox 576 1125 741 1204; x_wconf 63' lang='lat' dir='ltr'><strong>et&#39;pabulo</strong></span> <span class='ocrx_word' id='word_1_102' title='bbox 765 1125 894 1186; x_wconf 88' lang='lat' dir='ltr'><strong>nutritur</strong></span> <span class='ocrx_word' id='word_1_103' title='bbox 917 1123 1091 1204; x_wconf 81' lang='lat' dir='ltr'><strong>quantisper</strong></span> <span class='ocrx_word' id='word_1_104' title='bbox 1115 1123 1203 1186; x_wconf 90' lang='lat' dir='ltr'><strong>durat</strong></span> <span class='ocrx_word' id='word_1_105' title='bbox 1226 1131 1258 1186; x_wconf 93' lang='lat' dir='ltr'><strong>et</strong></span> <span class='ocrx_word' id='word_1_106' title='bbox 1281 1144 1300 1184; x_wconf 92' lang='lat' dir='ltr'><strong>a</strong></span> <span class='ocrx_word' id='word_1_107' title='bbox 1321 1123 1537 1186; x_wconf 71' lang='lat' dir='ltr'><strong>circumstante</strong></span> <span class='ocrx_word' id='word_1_108' title='bbox 1556 1122 1661 1184; x_wconf 90' lang='lat' dir='ltr'><strong>medio</strong></span> 
     </span>
     <span class='ocr_line' id='line_1_11' title="bbox 298 1211 1662 1295; baseline -0.005 -17"><span class='ocrx_word' id='word_1_109' title='bbox 298 1215 497 1294; x_wconf 85' lang='lat' dir='ltr'><strong>impugnator.</strong></span> <span class='ocrx_word' id='word_1_110' title='bbox 544 1213 629 1278; x_wconf 88' lang='lat' dir='ltr'><strong>Haec</strong></span> <span class='ocrx_word' id='word_1_111' title='bbox 653 1233 723 1276; x_wconf 89' lang='lat' dir='ltr'><strong>vero</strong></span> <span class='ocrx_word' id='word_1_112' title='bbox 754 1211 902 1295; x_wconf 91' lang='lat' dir='ltr'><strong>quomodo</strong></span> <span class='ocrx_word' id='word_1_113' title='bbox 935 1211 971 1272; x_wconf 91' lang='lat' dir='ltr'><strong>de</strong></span> <span class='ocrx_word' id='word_1_114' title='bbox 1004 1212 1072 1273; x_wconf 88' lang='lat' dir='ltr'><strong>fixis</strong></span> <span class='ocrx_word' id='word_1_115' title='bbox 1104 1211 1162 1274; x_wconf 90' lang='lat' dir='ltr'><strong>dici</strong></span> <span class='ocrx_word' id='word_1_116' title='bbox 1195 1211 1357 1292; x_wconf 81' lang='lat' dir='ltr'><strong>poterunt?</strong></span> <span class='ocrx_word' id='word_1_117' title='bbox 1386 1219 1441 1274; x_wconf 87' lang='lat' dir='ltr'><strong>aut</strong></span> <span class='ocrx_word' id='word_1_118' title='bbox 1472 1211 1552 1291; x_wconf 92' lang='lat' dir='ltr'><strong>quod</strong></span> <span class='ocrx_word' id='word_1_119' title='bbox 1580 1211 1662 1290; x_wconf 86' lang='lat' dir='ltr'><strong>ipsis</strong></span> 
     </span>
     <span class='ocr_line' id='line_1_12' title="bbox 297 1299 1661 1384; baseline -0.003 -18"><span class='ocrx_word' id='word_1_120' title='bbox 297 1302 457 1384; x_wconf 77' lang='lat' dir='ltr'><strong>pabulum?</strong></span> <span class='ocrx_word' id='word_1_121' title='bbox 481 1301 548 1382; x_wconf 89' lang='lat' dir='ltr'><strong>quis</strong></span> <span class='ocrx_word' id='word_1_122' title='bbox 571 1309 623 1366; x_wconf 76' lang='lat' dir='ltr'><strong>abr</strong></span> <span class='ocrx_word' id='word_1_123' title='bbox 647 1302 804 1366; x_wconf 82' lang='lat' dir='ltr'><strong>inimicus?</strong></span> <span class='ocrx_word' id='word_1_124' title='bbox 828 1321 904 1380; x_wconf 90' lang='lat' dir='ltr'><strong>quae</strong></span> <span class='ocrx_word' id='word_1_125' title='bbox 928 1300 1034 1363; x_wconf 87' lang='lat' dir='ltr'><strong>aetas?</strong></span> <span class='ocrx_word' id='word_1_126' title='bbox 1058 1301 1176 1380; x_wconf 89' lang='lat' dir='ltr'><strong>quando</strong></span> <span class='ocrx_word' id='word_1_127' title='bbox 1201 1302 1291 1364; x_wconf 89' lang='lat' dir='ltr'><strong>ullam</strong></span> <span class='ocrx_word' id='word_1_128' title='bbox 1315 1300 1354 1363; x_wconf 87' lang='lat' dir='ltr'><strong>ab</strong></span> <span class='ocrx_word' id='word_1_129' title='bbox 1377 1301 1426 1364; x_wconf 89' lang='lat' dir='ltr'><strong>bis</strong></span> <span class='ocrx_word' id='word_1_130' title='bbox 1451 1300 1553 1362; x_wconf 83' lang='lat' dir='ltr'><strong>sexies</strong></span> <span class='ocrx_word' id='word_1_131' title='bbox 1574 1299 1661 1362; x_wconf 88' lang='lat' dir='ltr'><strong>mille</strong></span> 
     </span>
     <span class='ocr_line' id='line_1_13' title="bbox 296 1387 1656 1472; baseline -0.003 -18"><span class='ocrx_word' id='word_1_132' title='bbox 296 1391 385 1454; x_wconf 88' lang='lat' dir='ltr'><strong>anuis</strong></span> <span class='ocrx_word' id='word_1_133' title='bbox 410 1391 669 1454; x_wconf 76' lang='lat' dir='ltr'><strong>desideravimus?</strong></span> <span class='ocrx_word' id='word_1_134' title='bbox 706 1392 811 1472; x_wconf 91' lang='lat' dir='ltr'><strong>ltaque</strong></span> <span class='ocrx_word' id='word_1_135' title='bbox 835 1389 897 1452; x_wconf 90' lang='lat' dir='ltr'><strong>siut</strong></span> <span class='ocrx_word' id='word_1_136' title='bbox 919 1390 980 1452; x_wconf 92' lang='lat' dir='ltr'><strong>ista</strong></span> <span class='ocrx_word' id='word_1_137' title='bbox 1004 1390 1141 1470; x_wconf 87' lang='lat' dir='ltr'><strong>exempla</strong></span> <span class='ocrx_word' id='word_1_138' title='bbox 1164 1409 1222 1452; x_wconf 92' lang='lat' dir='ltr'><strong>uon</strong></span> <span class='ocrx_word' id='word_1_139' title='bbox 1237 1389 1426 1452; x_wconf 87' lang='lat' dir='ltr'><strong>substautias</strong></span> <span class='ocrx_word' id='word_1_140' title='bbox 1444 1389 1501 1452; x_wconf 93' lang='lat' dir='ltr'><strong>sed</strong></span> <span class='ocrx_word' id='word_1_141' title='bbox 1515 1387 1656 1452; x_wconf 81' lang='lat' dir='ltr'><strong>luminis:</strong></span> 
     </span>
     <span class='ocr_line' id='line_1_14' title="bbox 297 1476 1659 1557; baseline -0.002 -14"><span class='ocrx_word' id='word_1_142' title='bbox 297 1481 335 1544; x_wconf 90' lang='lat' dir='ltr'><strong>de</strong></span> <span class='ocrx_word' id='word_1_143' title='bbox 367 1479 434 1542; x_wconf 88' lang='lat' dir='ltr'><strong>lixis</strong></span> <span class='ocrx_word' id='word_1_144' title='bbox 466 1497 537 1544; x_wconf 90' lang='lat' dir='ltr'><strong>vero</strong></span> <span class='ocrx_word' id='word_1_145' title='bbox 572 1486 695 1543; x_wconf 89' lang='lat' dir='ltr'><strong>maneat</strong></span> <span class='ocrx_word' id='word_1_146' title='bbox 726 1479 879 1542; x_wconf 89' lang='lat' dir='ltr'><strong>sententia</strong></span> <span class='ocrx_word' id='word_1_147' title='bbox 902 1476 1065 1557; x_wconf 87' lang='lat' dir='ltr'><strong>Scaligeri,</strong></span> <span class='ocrx_word' id='word_1_148' title='bbox 1099 1478 1158 1541; x_wconf 94' lang='lat' dir='ltr'><strong>vim</strong></span> <span class='ocrx_word' id='word_1_149' title='bbox 1190 1479 1289 1540; x_wconf 88' lang='lat' dir='ltr'><strong>inesse</strong></span> <span class='ocrx_word' id='word_1_150' title='bbox 1322 1479 1352 1541; x_wconf 94' lang='lat' dir='ltr'><strong>in</strong></span> <span class='ocrx_word' id='word_1_151' title='bbox 1376 1495 1500 1557; x_wconf 89' lang='lat' dir='ltr'><strong>corpore</strong></span> <span class='ocrx_word' id='word_1_152' title='bbox 1522 1476 1659 1557; x_wconf 87' lang='lat' dir='ltr'><strong>pereuni,</strong></span> 
     </span>
     <span class='ocr_line' id='line_1_15' title="bbox 298 1567 1660 1648; baseline -0.001 -16"><span class='ocrx_word' id='word_1_153' title='bbox 298 1569 377 1632; x_wconf 87' lang='lat' dir='ltr'><strong>adde</strong></span> <span class='ocrx_word' id='word_1_154' title='bbox 401 1577 434 1630; x_wconf 90' lang='lat' dir='ltr'><strong>et</strong></span> <span class='ocrx_word' id='word_1_155' title='bbox 455 1568 620 1648; x_wconf 83' lang='lat' dir='ltr'><strong>pellucido,</strong></span> <span class='ocrx_word' id='word_1_156' title='bbox 654 1569 773 1634; x_wconf 89' lang='lat' dir='ltr'><strong>luminis</strong></span> <span class='ocrx_word' id='word_1_157' title='bbox 796 1567 1028 1648; x_wconf 91' lang='lat' dir='ltr'><strong>reciprocantis,</strong></span> <span class='ocrx_word' id='word_1_158' title='bbox 1062 1568 1211 1648; x_wconf 91' lang='lat' dir='ltr'><strong>analogon</strong></span> <span class='ocrx_word' id='word_1_159' title='bbox 1243 1567 1463 1648; x_wconf 87' lang='lat' dir='ltr'><strong>deflagratioui.</strong></span> <span class='ocrx_word' id='word_1_160' title='bbox 1485 1575 1660 1630; x_wconf 82' lang='lat' dir='ltr'><strong>nostrarum</strong></span> 
     </span>
     <span class='ocr_line' id='line_1_16' title="bbox 297 1655 1659 1745; baseline -0.006 -21"><span class='ocrx_word' id='word_1_161' title='bbox 297 1659 496 1724; x_wconf 85' lang='lat' dir='ltr'><strong>flammarum.</strong></span> <span class='ocrx_word' id='word_1_162' title='bbox 542 1658 655 1745; x_wconf 79' lang='lat' dir='ltr'><strong>Nostro</strong></span> <span class='ocrx_word' id='word_1_163' title='bbox 688 1677 759 1721; x_wconf 90' lang='lat' dir='ltr'><strong>vero</strong></span> <span class='ocrx_word' id='word_1_164' title='bbox 792 1656 883 1720; x_wconf 86' lang='lat' dir='ltr'><strong>sideri</strong></span> <span class='ocrx_word' id='word_1_165' title='bbox 914 1657 961 1718; x_wconf 91' lang='lat' dir='ltr'><strong>vel</strong></span> <span class='ocrx_word' id='word_1_166' title='bbox 985 1656 1065 1720; x_wconf 89' lang='lat' dir='ltr'><strong>idem</strong></span> <span class='ocrx_word' id='word_1_167' title='bbox 1088 1676 1196 1736; x_wconf 87' lang='lat' dir='ltr'><strong>corpus</strong></span> <span class='ocrx_word' id='word_1_168' title='bbox 1229 1657 1276 1720; x_wconf 89' lang='lat' dir='ltr'><strong>vel</strong></span> <span class='ocrx_word' id='word_1_169' title='bbox 1300 1658 1427 1721; x_wconf 88' lang='lat' dir='ltr'><strong>eandem</strong></span> <span class='ocrx_word' id='word_1_170' title='bbox 1450 1657 1511 1720; x_wconf 89' lang='lat' dir='ltr'><strong>viru</strong></span> <span class='ocrx_word' id='word_1_171' title='bbox 1534 1655 1659 1720; x_wconf 88' lang='lat' dir='ltr'><strong>luminis</strong></span> 
     </span>
     <span class='ocr_line' id='line_1_17' title="bbox 297 1746 898 1827; baseline 0 -17"><span class='ocrx_word' id='word_1_172' title='bbox 297 1747 472 1822; x_wconf 88' lang='lat' dir='ltr'><strong>tribuemus,</strong></span> <span class='ocrx_word' id='word_1_173' title='bbox 496 1755 586 1826; x_wconf 92' lang='lat' dir='ltr'><strong>prout</strong></span> <span class='ocrx_word' id='word_1_174' title='bbox 608 1756 716 1827; x_wconf 89' lang='lat' dir='ltr'><strong>postea</strong></span> <span class='ocrx_word' id='word_1_175' title='bbox 738 1746 898 1810; x_wconf 90' lang='lat' dir='ltr'><strong>videbitur.</strong></span> 
     </span>
    </p>

    <p class='ocr_par' dir='ltr' id='par_1_5' title="bbox 297 1833 1658 2184">
     <span class='ocr_line' id='line_1_18' title="bbox 387 1833 1657 1917; baseline 0 -21"><span class='ocrx_word' id='word_1_176' title='bbox 387 1834 601 1917; x_wconf 84' lang='lat' dir='ltr'><strong>Expendarnus</strong></span> <span class='ocrx_word' id='word_1_177' title='bbox 624 1855 695 1904; x_wconf 89' lang='lat' dir='ltr'><strong>vero</strong></span> <span class='ocrx_word' id='word_1_178' title='bbox 728 1845 760 1898; x_wconf 93' lang='lat' dir='ltr'><strong>et</strong></span> <span class='ocrx_word' id='word_1_179' title='bbox 787 1836 914 1900; x_wconf 88' lang='lat' dir='ltr'><strong>alteram</strong></span> <span class='ocrx_word' id='word_1_180' title='bbox 943 1852 1066 1898; x_wconf 89' lang='lat' dir='ltr'><strong>causam</strong></span> <span class='ocrx_word' id='word_1_181' title='bbox 1095 1833 1320 1899; x_wconf 79' lang='lat' dir='ltr'><strong>scintillationis</strong></span> <span class='ocrx_word' id='word_1_182' title='bbox 1344 1841 1487 1896; x_wconf 85' lang='lat' dir='ltr'><strong>amatu</strong></span> <span class='ocrx_word' id='word_1_183' title='bbox 1519 1833 1657 1898; x_wconf 81' lang='lat' dir='ltr'><strong>ductam:</strong></span> 
     </span>
     <span class='ocr_line' id='line_1_19' title="bbox 297 1921 1658 2004; baseline -0.003 -16"><span class='ocrx_word' id='word_1_184' title='bbox 297 1931 381 1988; x_wconf 89' lang='lat' dir='ltr'><strong>motu</strong></span> <span class='ocrx_word' id='word_1_185' title='bbox 406 1943 477 1988; x_wconf 93' lang='lat' dir='ltr'><strong>vero</strong></span> <span class='ocrx_word' id='word_1_186' title='bbox 501 1943 559 1987; x_wconf 93' lang='lat' dir='ltr'><strong>uun</strong></span> <span class='ocrx_word' id='word_1_187' title='bbox 584 1924 801 2000; x_wconf 86' lang='lat' dir='ltr'><strong>translationis,</strong></span> <span class='ocrx_word' id='word_1_188' title='bbox 826 1943 913 2004; x_wconf 91' lang='lat' dir='ltr'><strong>quem</strong></span> <span class='ocrx_word' id='word_1_189' title='bbox 937 1921 1075 2004; x_wconf 81' lang='lat' dir='ltr'><strong>Scaliger</strong></span> <span class='ocrx_word' id='word_1_190' title='bbox 1098 1923 1222 2004; x_wconf 76' lang='lat' dir='ltr'><strong>allegat,</strong></span> <span class='ocrx_word' id='word_1_191' title='bbox 1251 1923 1306 1986; x_wconf 89' lang='lat' dir='ltr'><strong>sed</strong></span> <span class='ocrx_word' id='word_1_192' title='bbox 1329 1943 1416 2004; x_wconf 87' lang='lat' dir='ltr'><strong>queru</strong></span> <span class='ocrx_word' id='word_1_193' title='bbox 1440 1923 1470 1986; x_wconf 94' lang='lat' dir='ltr'><strong>in</strong></span> <span class='ocrx_word' id='word_1_194' title='bbox 1493 1922 1658 1986; x_wconf 80' lang='lat' dir='ltr'><strong>adamante</strong></span> 
     </span>
     <span class='ocr_line' id='line_1_20' title="bbox 297 2010 1658 2094; baseline -0.002 -18"><span class='ocrx_word' id='word_1_195' title='bbox 297 2013 431 2088; x_wconf 90' lang='lat' dir='ltr'><strong>ostendi,</strong></span> <span class='ocrx_word' id='word_1_196' title='bbox 456 2013 676 2090; x_wconf 83' lang='lat' dir='ltr'><strong>conversionis,</strong></span> <span class='ocrx_word' id='word_1_197' title='bbox 702 2032 760 2094; x_wconf 90' lang='lat' dir='ltr'><strong>qua</strong></span> <span class='ocrx_word' id='word_1_198' title='bbox 782 2013 911 2094; x_wconf 89' lang='lat' dir='ltr'><strong>partium</strong></span> <span class='ocrx_word' id='word_1_199' title='bbox 934 2019 966 2073; x_wconf 91' lang='lat' dir='ltr'><strong>et</strong></span> <span class='ocrx_word' id='word_1_200' title='bbox 989 2012 1164 2091; x_wconf 88' lang='lat' dir='ltr'><strong>angulorum</strong></span> <span class='ocrx_word' id='word_1_201' title='bbox 1187 2010 1275 2093; x_wconf 93' lang='lat' dir='ltr'><strong>politi</strong></span> <span class='ocrx_word' id='word_1_202' title='bbox 1296 2011 1498 2092; x_wconf 92' lang='lat' dir='ltr'><strong>pellucidiqoe</strong></span> <span class='ocrx_word' id='word_1_203' title='bbox 1521 2011 1658 2091; x_wconf 88' lang='lat' dir='ltr'><strong>corporis</strong></span> 
     </span>
     <span class='ocr_line' id='line_1_21' title="bbox 297 2098 1657 2184; baseline -0.002 -19"><span class='ocrx_word' id='word_1_204' title='bbox 297 2103 360 2165; x_wconf 90' lang='lat' dir='ltr'><strong>alia</strong></span> <span class='ocrx_word' id='word_1_205' title='bbox 381 2109 452 2184; x_wconf 89' lang='lat' dir='ltr'><strong>post</strong></span> <span class='ocrx_word' id='word_1_206' title='bbox 474 2103 565 2166; x_wconf 87' lang='lat' dir='ltr'><strong>aliam</strong></span> <span class='ocrx_word' id='word_1_207' title='bbox 589 2098 765 2183; x_wconf 81' lang='lat' dir='ltr'><strong>explicetur.</strong></span> <span class='ocrx_word' id='word_1_208' title='bbox 812 2102 871 2166; x_wconf 89' lang='lat' dir='ltr'><strong>Ubi</strong></span> <span class='ocrx_word' id='word_1_209' title='bbox 903 2101 1001 2182; x_wconf 90' lang='lat' dir='ltr'><strong>prirua</strong></span> <span class='ocrx_word' id='word_1_210' title='bbox 1033 2101 1151 2182; x_wconf 89' lang='lat' dir='ltr'><strong>quidem</strong></span> <span class='ocrx_word' id='word_1_211' title='bbox 1184 2120 1277 2172; x_wconf 80' lang='lat' dir='ltr'><strong>causa</strong></span> <span class='ocrx_word' id='word_1_212' title='bbox 1309 2121 1368 2164; x_wconf 90' lang='lat' dir='ltr'><strong>nou</strong></span> <span class='ocrx_word' id='word_1_213' title='bbox 1401 2101 1519 2166; x_wconf 91' lang='lat' dir='ltr'><strong>tollitur</strong></span> <span class='ocrx_word' id='word_1_214' title='bbox 1542 2100 1657 2175; x_wconf 87' lang='lat' dir='ltr'><strong>(luceru</strong></span> 
     </span>
    </p>
   </div>
   <div class='ocr_carea' id='block_1_5' title="bbox 298 2183 1782 2270">
    <p class='ocr_par' dir='ltr' id='par_1_6' title="bbox 298 2183 1782 2270">
     <span class='ocr_line' id='line_1_22' title="bbox 298 2183 1782 2270; baseline 0.001 -16"><span class='ocrx_word' id='word_1_215' title='bbox 298 2191 377 2254; x_wconf 88' lang='lat' dir='ltr'><strong>enim</strong></span> <span class='ocrx_word' id='word_1_216' title='bbox 400 2191 492 2254; x_wconf 91' lang='lat' dir='ltr'><strong>sideri</strong></span> <span class='ocrx_word' id='word_1_217' title='bbox 515 2193 598 2254; x_wconf 91' lang='lat' dir='ltr'><strong>nulla</strong></span> <span class='ocrx_word' id='word_1_218' title='bbox 620 2192 732 2255; x_wconf 90' lang='lat' dir='ltr'><strong>rotatio</strong></span> <span class='ocrx_word' id='word_1_219' title='bbox 756 2191 913 2265; x_wconf 87' lang='lat' dir='ltr'><strong>conciliat)</strong></span> <span class='ocrx_word' id='word_1_220' title='bbox 943 2189 996 2252; x_wconf 88' lang='lat' dir='ltr'><strong>sed</strong></span> <span class='ocrx_word' id='word_1_221' title='bbox 1028 2189 1184 2252; x_wconf 89' lang='lat' dir='ltr'><strong>instruitur</strong></span> <span class='ocrx_word' id='word_1_222' title='bbox 1211 2191 1268 2254; x_wconf 90' lang='lat' dir='ltr'><strong>bac</strong></span> <span class='ocrx_word' id='word_1_223' title='bbox 1291 2190 1426 2262; x_wconf 89' lang='lat' dir='ltr'><strong>secunda</strong></span> <span class='ocrx_word' id='word_1_224' title='bbox 1449 2210 1503 2254; x_wconf 92' lang='lat' dir='ltr'><strong>ceu</strong></span> <span class='ocrx_word' id='word_1_225' title='bbox 1527 2189 1657 2270; x_wconf 81' lang='lat' dir='ltr'><strong>quodam</strong></span> <span class='ocrx_word' id='word_1_226' title='bbox 1781 2183 1782 2256; x_wconf 69' lang='grc' dir='ltr'>Ῐ</span> 
     </span>
    </p>
   </div>
   <div class='ocr_carea' id='block_1_6' title="bbox 261 2279 1659 4862">
    <p class='ocr_par' dir='ltr' id='par_1_7' title="bbox 296 2279 1659 3606">
     <span class='ocr_line' id='line_1_23' title="bbox 296 2279 1655 2361; baseline -0.004 -15"><span class='ocrx_word' id='word_1_227' title='bbox 296 2279 505 2353; x_wconf 84' lang='lat' dir='ltr'><strong>instrumente,</strong></span> <span class='ocrx_word' id='word_1_228' title='bbox 529 2289 562 2344; x_wconf 90' lang='lat' dir='ltr'><strong>ut</strong></span> <span class='ocrx_word' id='word_1_229' title='bbox 585 2288 616 2344; x_wconf 91' lang='lat' dir='ltr'><strong>at</strong></span> <span class='ocrx_word' id='word_1_230' title='bbox 640 2281 758 2361; x_wconf 84' lang='lat' dir='ltr'><strong>fulgura</strong></span> <span class='ocrx_word' id='word_1_231' title='bbox 781 2289 812 2342; x_wconf 91' lang='lat' dir='ltr'><strong>et</strong></span> <span class='ocrx_word' id='word_1_232' title='bbox 835 2279 951 2342; x_wconf 87' lang='lat' dir='ltr'><strong>colores</strong></span> <span class='ocrx_word' id='word_1_233' title='bbox 975 2279 1084 2353; x_wconf 89' lang='lat' dir='ltr'><strong>varios,</strong></span> <span class='ocrx_word' id='word_1_234' title='bbox 1109 2279 1178 2359; x_wconf 89' lang='lat' dir='ltr'><strong>ipsa</strong></span> <span class='ocrx_word' id='word_1_235' title='bbox 1200 2299 1269 2342; x_wconf 87' lang='lat' dir='ltr'><strong>sese</strong></span> <span class='ocrx_word' id='word_1_236' title='bbox 1290 2281 1389 2360; x_wconf 89' lang='lat' dir='ltr'><strong>quiete</strong></span> <span class='ocrx_word' id='word_1_237' title='bbox 1404 2280 1571 2353; x_wconf 91' lang='lat' dir='ltr'><strong>continens,</strong></span> <span class='ocrx_word' id='word_1_238' title='bbox 1596 2299 1655 2342; x_wconf 82' lang='lat' dir='ltr'><strong>ex·</strong></span> 
     </span>
     <span class='ocr_line' id='line_1_24' title="bbox 296 2367 1656 2452; baseline 0 -20"><span class='ocrx_word' id='word_1_239' title='bbox 296 2368 410 2452; x_wconf 85' lang='lat' dir='ltr'><strong>plicare</strong></span> <span class='ocrx_word' id='word_1_240' title='bbox 433 2369 548 2448; x_wconf 87' lang='lat' dir='ltr'><strong>possit:</strong></span> <span class='ocrx_word' id='word_1_241' title='bbox 581 2369 608 2434; x_wconf 90' lang='lat' dir='ltr'><strong>si</strong></span> <span class='ocrx_word' id='word_1_242' title='bbox 639 2370 768 2434; x_wconf 82' lang='lat' dir='ltr'><strong>tortasse</strong></span> <span class='ocrx_word' id='word_1_243' title='bbox 798 2369 881 2450; x_wconf 88' lang='lat' dir='ltr'><strong>prius</strong></span> <span class='ocrx_word' id='word_1_244' title='bbox 913 2377 1002 2430; x_wconf 89' lang='lat' dir='ltr'><strong>tanta</strong></span> <span class='ocrx_word' id='word_1_245' title='bbox 1025 2375 1123 2432; x_wconf 90' lang='lat' dir='ltr'><strong>motus</strong></span> <span class='ocrx_word' id='word_1_246' title='bbox 1147 2367 1280 2432; x_wconf 88' lang='lat' dir='ltr'><strong>varietas</strong></span> <span class='ocrx_word' id='word_1_247' title='bbox 1305 2369 1334 2432; x_wconf 94' lang='lat' dir='ltr'><strong>iu</strong></span> <span class='ocrx_word' id='word_1_248' title='bbox 1358 2368 1497 2448; x_wconf 87' lang='lat' dir='ltr'><strong>perennis</strong></span> <span class='ocrx_word' id='word_1_249' title='bbox 1521 2368 1656 2448; x_wconf 81' lang='lat' dir='ltr'><strong>corporis</strong></span> 
     </span>
     <span class='ocr_line' id='line_1_25' title="bbox 296 2457 1654 2540; baseline -0.001 -20"><span class='ocrx_word' id='word_1_250' title='bbox 296 2458 419 2540; x_wconf 87' lang='lat' dir='ltr'><strong>perenni</strong></span> <span class='ocrx_word' id='word_1_251' title='bbox 443 2457 589 2522; x_wconf 74' lang='lat' dir='ltr'><strong>facultate</strong></span> <span class='ocrx_word' id='word_1_252' title='bbox 623 2477 680 2522; x_wconf 90' lang='lat' dir='ltr'><strong>non</strong></span> <span class='ocrx_word' id='word_1_253' title='bbox 714 2458 790 2520; x_wconf 87' lang='lat' dir='ltr'><strong>satis</strong></span> <span class='ocrx_word' id='word_1_254' title='bbox 820 2457 923 2540; x_wconf 89' lang='lat' dir='ltr'><strong>aequis</strong></span> <span class='ocrx_word' id='word_1_255' title='bbox 954 2457 1198 2537; x_wconf 88' lang='lat' dir='ltr'><strong>philosophorum</strong></span> <span class='ocrx_word' id='word_1_256' title='bbox 1220 2458 1378 2522; x_wconf 86' lang='lat' dir='ltr'><strong>sententiis</strong></span> <span class='ocrx_word' id='word_1_257' title='bbox 1402 2464 1531 2538; x_wconf 87' lang='lat' dir='ltr'><strong>excepta</strong></span> <span class='ocrx_word' id='word_1_258' title='bbox 1553 2457 1654 2519; x_wconf 84' lang='lat' dir='ltr'><strong>luerit</strong></span> 
     </span>
     <span class='ocr_line' id='line_1_26' title="bbox 296 2545 1654 2630; baseline -0.003 -20"><span class='ocrx_word' id='word_1_259' title='bbox 296 2545 339 2610; x_wconf 87' lang='lat' dir='ltr'><strong>Et</strong></span> <span class='ocrx_word' id='word_1_260' title='bbox 362 2545 572 2612; x_wconf 87' lang='lat' dir='ltr'><strong>translationis</strong></span> <span class='ocrx_word' id='word_1_261' title='bbox 596 2547 715 2630; x_wconf 86' lang='lat' dir='ltr'><strong>quidem</strong></span> <span class='ocrx_word' id='word_1_262' title='bbox 739 2556 861 2622; x_wconf 90' lang='lat' dir='ltr'><strong>motum,</strong></span> <span class='ocrx_word' id='word_1_263' title='bbox 885 2545 934 2626; x_wconf 88' lang='lat' dir='ltr'><strong>qui</strong></span> <span class='ocrx_word' id='word_1_264' title='bbox 953 2545 1109 2626; x_wconf 87' lang='lat' dir='ltr'><strong>Scaligero</strong></span> <span class='ocrx_word' id='word_1_265' title='bbox 1133 2547 1252 2608; x_wconf 91' lang='lat' dir='ltr'><strong>eratin</strong></span> <span class='ocrx_word' id='word_1_266' title='bbox 1277 2547 1386 2623; x_wconf 89' lang='lat' dir='ltr'><strong>auimo,</strong></span> <span class='ocrx_word' id='word_1_267' title='bbox 1411 2546 1485 2610; x_wconf 89' lang='lat' dir='ltr'><strong>nihil</strong></span> <span class='ocrx_word' id='word_1_268' title='bbox 1507 2546 1549 2608; x_wconf 89' lang='lat' dir='ltr'><strong>ad</strong></span> <span class='ocrx_word' id='word_1_269' title='bbox 1571 2545 1654 2610; x_wconf 88' lang='lat' dir='ltr'><strong>sciu-</strong></span> 
     </span>
     <span class='ocr_line' id='line_1_27' title="bbox 298 2633 1656 2717; baseline -0.004 -16"><span class='ocrx_word' id='word_1_270' title='bbox 298 2633 479 2701; x_wconf 88' lang='lat' dir='ltr'><strong>tillationem</strong></span> <span class='ocrx_word' id='word_1_271' title='bbox 503 2654 602 2717; x_wconf 90' lang='lat' dir='ltr'><strong>posse,</strong></span> <span class='ocrx_word' id='word_1_272' title='bbox 628 2636 742 2701; x_wconf 91' lang='lat' dir='ltr'><strong>ratione</strong></span> <span class='ocrx_word' id='word_1_273' title='bbox 766 2643 853 2716; x_wconf 89' lang='lat' dir='ltr'><strong>patet</strong></span> <span class='ocrx_word' id='word_1_274' title='bbox 883 2643 914 2698; x_wconf 91' lang='lat' dir='ltr'><strong>et</strong></span> <span class='ocrx_word' id='word_1_275' title='bbox 943 2635 1156 2716; x_wconf 88' lang='lat' dir='ltr'><strong>experimento.</strong></span> <span class='ocrx_word' id='word_1_276' title='bbox 1202 2633 1282 2700; x_wconf 89' lang='lat' dir='ltr'><strong>Naro</strong></span> <span class='ocrx_word' id='word_1_277' title='bbox 1314 2636 1386 2717; x_wconf 90' lang='lat' dir='ltr'><strong>quid</strong></span> <span class='ocrx_word' id='word_1_278' title='bbox 1416 2636 1531 2698; x_wconf 83' lang='lat' dir='ltr'><strong>officiat</strong></span> <span class='ocrx_word' id='word_1_279' title='bbox 1562 2633 1656 2698; x_wconf 80' lang='lat' dir='ltr'><strong>radiis</strong></span> 
     </span>
     <span class='ocr_line' id='line_1_28' title="bbox 301 2721 1656 2804; baseline -0.003 -14"><span class='ocrx_word' id='word_1_280' title='bbox 301 2733 402 2790; x_wconf 88' lang='lat' dir='ltr'><strong>motus</strong></span> <span class='ocrx_word' id='word_1_281' title='bbox 425 2725 557 2802; x_wconf 85' lang='lat' dir='ltr'><strong>diurnus,</strong></span> <span class='ocrx_word' id='word_1_282' title='bbox 584 2725 610 2788; x_wconf 91' lang='lat' dir='ltr'><strong>si</strong></span> <span class='ocrx_word' id='word_1_283' title='bbox 634 2725 660 2788; x_wconf 93' lang='lat' dir='ltr'><strong>is</strong></span> <span class='ocrx_word' id='word_1_284' title='bbox 683 2726 730 2787; x_wconf 92' lang='lat' dir='ltr'><strong>vel</strong></span> <span class='ocrx_word' id='word_1_285' title='bbox 754 2744 810 2788; x_wconf 91' lang='lat' dir='ltr'><strong>non</strong></span> <span class='ocrx_word' id='word_1_286' title='bbox 835 2732 883 2788; x_wconf 89' lang='lat' dir='ltr'><strong>est</strong></span> <span class='ocrx_word' id='word_1_287' title='bbox 906 2723 1031 2786; x_wconf 78' lang='lat' dir='ltr'><strong>lixarum</strong></span> <span class='ocrx_word' id='word_1_288' title='bbox 1055 2724 1107 2797; x_wconf 92' lang='lat' dir='ltr'><strong>(de</strong></span> <span class='ocrx_word' id='word_1_289' title='bbox 1132 2721 1292 2804; x_wconf 85' lang='lat' dir='ltr'><strong>Copernici</strong></span> <span class='ocrx_word' id='word_1_290' title='bbox 1315 2724 1483 2801; x_wconf 86' lang='lat' dir='ltr'><strong>sententia)</strong></span> <span class='ocrx_word' id='word_1_291' title='bbox 1506 2724 1557 2788; x_wconf 89' lang='lat' dir='ltr'><strong>vel</strong></span> <span class='ocrx_word' id='word_1_292' title='bbox 1579 2724 1656 2788; x_wconf 80' lang='lat' dir='ltr'><strong>lixas</strong></span> 
     </span>
     <span class='ocr_line' id='line_1_29' title="bbox 301 2811 1655 2896; baseline -0.004 -16"><span class='ocrx_word' id='word_1_293' title='bbox 301 2811 331 2880; x_wconf 90' lang='lat' dir='ltr'><strong>in</strong></span> <span class='ocrx_word' id='word_1_294' title='bbox 354 2815 516 2896; x_wconf 91' lang='lat' dir='ltr'><strong>tranquillo</strong></span> <span class='ocrx_word' id='word_1_295' title='bbox 549 2814 689 2896; x_wconf 88' lang='lat' dir='ltr'><strong>relinquit</strong></span> <span class='ocrx_word' id='word_1_296' title='bbox 720 2821 751 2877; x_wconf 92' lang='lat' dir='ltr'><strong>et</strong></span> <span class='ocrx_word' id='word_1_297' title='bbox 779 2811 865 2894; x_wconf 88' lang='lat' dir='ltr'><strong>qnasi</strong></span> <span class='ocrx_word' id='word_1_298' title='bbox 894 2813 923 2876; x_wconf 94' lang='lat' dir='ltr'><strong>iu</strong></span> <span class='ocrx_word' id='word_1_299' title='bbox 956 2832 1051 2894; x_wconf 85' lang='lat' dir='ltr'><strong>capsa</strong></span> <span class='ocrx_word' id='word_1_300' title='bbox 1082 2813 1215 2876; x_wconf 90' lang='lat' dir='ltr'><strong>inclusas</strong></span> <span class='ocrx_word' id='word_1_301' title='bbox 1247 2813 1456 2890; x_wconf 89' lang='lat' dir='ltr'><strong>circumducit,</strong></span> <span class='ocrx_word' id='word_1_302' title='bbox 1488 2813 1526 2876; x_wconf 89' lang='lat' dir='ltr'><strong>de</strong></span> <span class='ocrx_word' id='word_1_303' title='bbox 1558 2811 1655 2876; x_wconf 87' lang='lat' dir='ltr'><strong>veteri</strong></span> 
     </span>
     <span class='ocr_line' id='line_1_30' title="bbox 300 2901 1659 2986; baseline -0.002 -19"><span class='ocrx_word' id='word_1_304' title='bbox 300 2911 425 2986; x_wconf 89' lang='lat' dir='ltr'><strong>recepta</strong></span> <span class='ocrx_word' id='word_1_305' title='bbox 448 2904 611 2968; x_wconf 88' lang='lat' dir='ltr'><strong>sententia.</strong></span> <span class='ocrx_word' id='word_1_306' title='bbox 649 2904 726 2969; x_wconf 88' lang='lat' dir='ltr'><strong>Nam</strong></span> <span class='ocrx_word' id='word_1_307' title='bbox 750 2903 830 2984; x_wconf 93' lang='lat' dir='ltr'><strong>quod</strong></span> <span class='ocrx_word' id='word_1_308' title='bbox 852 2907 906 2964; x_wconf 79' lang='lat' dir='ltr'><strong>atr</strong></span> <span class='ocrx_word' id='word_1_309' title='bbox 928 2913 1031 2964; x_wconf 88' lang='lat' dir='ltr'><strong>noster</strong></span> <span class='ocrx_word' id='word_1_310' title='bbox 1053 2921 1107 2982; x_wconf 92' lang='lat' dir='ltr'><strong>per</strong></span> <span class='ocrx_word' id='word_1_311' title='bbox 1120 2903 1200 2966; x_wconf 90' lang='lat' dir='ltr'><strong>hunc</strong></span> <span class='ocrx_word' id='word_1_312' title='bbox 1222 2911 1335 2969; x_wconf 91' lang='lat' dir='ltr'><strong>motum</strong></span> <span class='ocrx_word' id='word_1_313' title='bbox 1359 2903 1480 2966; x_wconf 87' lang='lat' dir='ltr'><strong>acesio</strong></span> <span class='ocrx_word' id='word_1_314' title='bbox 1504 2901 1659 2975; x_wconf 79' lang='lat' dir='ltr'><strong>atteritur,¹</strong></span> 
     </span>
     <span class='ocr_line' id='line_1_31' title="bbox 299 2991 1656 3074; baseline -0.003 -18"><span class='ocrx_word' id='word_1_315' title='bbox 299 2991 329 3056; x_wconf 92' lang='lat' dir='ltr'><strong>id</strong></span> <span class='ocrx_word' id='word_1_316' title='bbox 353 2991 388 3056; x_wconf 84' lang='lat' dir='ltr'><strong>fit</strong></span> <span class='ocrx_word' id='word_1_317' title='bbox 410 2993 630 3056; x_wconf 81' lang='lat' dir='ltr'><strong>iniraLunarn.</strong></span> <span class='ocrx_word' id='word_1_318' title='bbox 669 2994 775 3074; x_wconf 90' lang='lat' dir='ltr'><strong>Itaque</strong></span> <span class='ocrx_word' id='word_1_319' title='bbox 794 2991 906 3071; x_wconf 91' lang='lat' dir='ltr'><strong>siquid</strong></span> <span class='ocrx_word' id='word_1_320' title='bbox 929 2999 1036 3070; x_wconf 87' lang='lat' dir='ltr'><strong>posset</strong></span> <span class='ocrx_word' id='word_1_321' title='bbox 1058 2992 1115 3056; x_wconf 92' lang='lat' dir='ltr'><strong>hoo</strong></span> <span class='ocrx_word' id='word_1_322' title='bbox 1134 2993 1173 3054; x_wconf 89' lang='lat' dir='ltr'><strong>ad</strong></span> <span class='ocrx_word' id='word_1_323' title='bbox 1197 2993 1452 3068; x_wconf 86' lang='lat' dir='ltr'><strong>scintillatiouem,</strong></span> <span class='ocrx_word' id='word_1_324' title='bbox 1475 2991 1656 3054; x_wconf 87' lang='lat' dir='ltr'><strong>scintillaret</strong></span> 
     </span>
     <span class='ocr_line' id='line_1_32' title="bbox 299 3079 1654 3164; baseline -0.001 -20"><span class='ocrx_word' id='word_1_325' title='bbox 299 3079 391 3146; x_wconf 86' lang='lat' dir='ltr'><strong>etiam</strong></span> <span class='ocrx_word' id='word_1_326' title='bbox 415 3079 565 3146; x_wconf 87' lang='lat' dir='ltr'><strong>Saturnus</strong></span> <span class='ocrx_word' id='word_1_327' title='bbox 589 3089 621 3144; x_wconf 93' lang='lat' dir='ltr'><strong>et</strong></span> <span class='ocrx_word' id='word_1_328' title='bbox 642 3081 772 3164; x_wconf 86' lang='lat' dir='ltr'><strong>Jupiter.</strong></span> <span class='ocrx_word' id='word_1_329' title='bbox 809 3082 884 3142; x_wconf 87' lang='lat' dir='ltr'><strong>Tum</strong></span> <span class='ocrx_word' id='word_1_330' title='bbox 908 3089 1018 3155; x_wconf 89' lang='lat' dir='ltr'><strong>autem,</strong></span> <span class='ocrx_word' id='word_1_331' title='bbox 1043 3099 1118 3161; x_wconf 88' lang='lat' dir='ltr'><strong>quae</strong></span> <span class='ocrx_word' id='word_1_332' title='bbox 1142 3081 1358 3162; x_wconf 86' lang='lat' dir='ltr'><strong>consequentia</strong></span> <span class='ocrx_word' id='word_1_333' title='bbox 1381 3082 1419 3145; x_wconf 89' lang='lat' dir='ltr'><strong>ab</strong></span> <span class='ocrx_word' id='word_1_334' title='bbox 1443 3080 1552 3144; x_wconf 89' lang='lat' dir='ltr'><strong>attritu</strong></span> <span class='ocrx_word' id='word_1_335' title='bbox 1575 3079 1654 3144; x_wconf 74' lang='lat' dir='ltr'><strong>aens</strong></span> 
     </span>
     <span class='ocr_line' id='line_1_33' title="bbox 297 3167 1652 3252; baseline -0.002 -19"><span class='ocrx_word' id='word_1_336' title='bbox 297 3168 337 3233; x_wconf 85' lang='lat' dir='ltr'><strong>ad</strong></span> <span class='ocrx_word' id='word_1_337' title='bbox 361 3169 632 3234; x_wconf 82' lang='lat' dir='ltr'><strong>scintillationsm?</strong></span> <span class='ocrx_word' id='word_1_338' title='bbox 656 3171 787 3234; x_wconf 87' lang='lat' dir='ltr'><strong>Videtur</strong></span> <span class='ocrx_word' id='word_1_339' title='bbox 810 3169 846 3231; x_wconf 92' lang='lat' dir='ltr'><strong>de</strong></span> <span class='ocrx_word' id='word_1_340' title='bbox 871 3169 963 3232; x_wconf 85' lang='lat' dir='ltr'><strong>soleis</strong></span> <span class='ocrx_word' id='word_1_341' title='bbox 987 3187 1128 3248; x_wconf 87' lang='lat' dir='ltr'><strong>equorum</strong></span> <span class='ocrx_word' id='word_1_342' title='bbox 1152 3170 1258 3234; x_wconf 83' lang='lat' dir='ltr'><strong>ferreis</strong></span> <span class='ocrx_word' id='word_1_343' title='bbox 1278 3169 1368 3252; x_wconf 90' lang='lat' dir='ltr'><strong>loqui,</strong></span> <span class='ocrx_word' id='word_1_344' title='bbox 1391 3189 1459 3234; x_wconf 89' lang='lat' dir='ltr'><strong>oum</strong></span> <span class='ocrx_word' id='word_1_345' title='bbox 1481 3170 1511 3232; x_wconf 93' lang='lat' dir='ltr'><strong>in</strong></span> <span class='ocrx_word' id='word_1_346' title='bbox 1536 3167 1652 3250; x_wconf 83' lang='lat' dir='ltr'><strong>lapides</strong></span> 
     </span>
     <span class='ocr_line' id='line_1_34' title="bbox 298 3257 1654 3340; baseline 0.001 -21"><span class='ocrx_word' id='word_1_347' title='bbox 298 3265 352 3320; x_wconf 88' lang='lat' dir='ltr'><strong>aut</strong></span> <span class='ocrx_word' id='word_1_348' title='bbox 375 3257 565 3324; x_wconf 86' lang='lat' dir='ltr'><strong>durissimam</strong></span> <span class='ocrx_word' id='word_1_349' title='bbox 597 3260 726 3340; x_wconf 77' lang='lat' dir='ltr'><strong>glaciem</strong></span> <span class='ocrx_word' id='word_1_350' title='bbox 758 3267 938 3322; x_wconf 88' lang='lat' dir='ltr'><strong>atteruntur.</strong></span> <span class='ocrx_word' id='word_1_351' title='bbox 985 3257 1203 3339; x_wconf 76' lang='lat' dir='ltr'><strong>Experimento</strong></span> <span class='ocrx_word' id='word_1_352' title='bbox 1235 3279 1306 3324; x_wconf 88' lang='lat' dir='ltr'><strong>vero</strong></span> <span class='ocrx_word' id='word_1_353' title='bbox 1339 3269 1490 3328; x_wconf 87' lang='lat' dir='ltr'><strong>testantur</strong></span> <span class='ocrx_word' id='word_1_354' title='bbox 1522 3259 1654 3339; x_wconf 86' lang='lat' dir='ltr'><strong>insuper,</strong></span> 
     </span>
     <span class='ocr_line' id='line_1_35' title="bbox 298 3347 1654 3429; baseline -0.003 -17"><span class='ocrx_word' id='word_1_355' title='bbox 298 3365 356 3412; x_wconf 89' lang='lat' dir='ltr'><strong>uon</strong></span> <span class='ocrx_word' id='word_1_356' title='bbox 389 3365 492 3410; x_wconf 88' lang='lat' dir='ltr'><strong>omues</strong></span> <span class='ocrx_word' id='word_1_357' title='bbox 524 3349 600 3412; x_wconf 88' lang='lat' dir='ltr'><strong>lixas</strong></span> <span class='ocrx_word' id='word_1_358' title='bbox 630 3349 797 3429; x_wconf 90' lang='lat' dir='ltr'><strong>aequaliter</strong></span> <span class='ocrx_word' id='word_1_359' title='bbox 829 3347 1012 3422; x_wconf 87' lang='lat' dir='ltr'><strong>scintillare,</strong></span> <span class='ocrx_word' id='word_1_360' title='bbox 1044 3349 1181 3427; x_wconf 88' lang='lat' dir='ltr'><strong>quamvis</strong></span> <span class='ocrx_word' id='word_1_361' title='bbox 1214 3349 1381 3414; x_wconf 87' lang='lat' dir='ltr'><strong>elevatione</strong></span> <span class='ocrx_word' id='word_1_362' title='bbox 1412 3348 1532 3429; x_wconf 85' lang='lat' dir='ltr'><strong>aequali</strong></span> <span class='ocrx_word' id='word_1_363' title='bbox 1564 3363 1654 3425; x_wconf 88' lang='lat' dir='ltr'><strong>super</strong></span> 
     </span>
     <span class='ocr_line' id='line_1_36' title="bbox 299 3433 1654 3517; baseline 0 -19"><span class='ocrx_word' id='word_1_364' title='bbox 299 3433 493 3510; x_wconf 84' lang='lat' dir='ltr'><strong>horizontem,</strong></span> <span class='ocrx_word' id='word_1_365' title='bbox 519 3437 637 3517; x_wconf 90' lang='lat' dir='ltr'><strong>aequali</strong></span> <span class='ocrx_word' id='word_1_366' title='bbox 661 3437 753 3500; x_wconf 89' lang='lat' dir='ltr'><strong>etiam</strong></span> <span class='ocrx_word' id='word_1_367' title='bbox 776 3436 992 3516; x_wconf 87' lang='lat' dir='ltr'><strong>magnitudine.</strong></span> <span class='ocrx_word' id='word_1_368' title='bbox 1031 3435 1137 3517; x_wconf 90' lang='lat' dir='ltr'><strong>ltaque</strong></span> <span class='ocrx_word' id='word_1_369' title='bbox 1161 3456 1228 3500; x_wconf 89' lang='lat' dir='ltr'><strong>cum</strong></span> <span class='ocrx_word' id='word_1_370' title='bbox 1251 3438 1373 3501; x_wconf 90' lang='lat' dir='ltr'><strong>diurnus</strong></span> <span class='ocrx_word' id='word_1_371' title='bbox 1395 3446 1496 3502; x_wconf 90' lang='lat' dir='ltr'><strong>motus</strong></span> <span class='ocrx_word' id='word_1_372' title='bbox 1519 3436 1654 3500; x_wconf 87' lang='lat' dir='ltr'><strong>omuibus</strong></span> 
     </span>
     <span class='ocr_line' id='line_1_37' title="bbox 299 3525 1509 3606; baseline 0.001 -18"><span class='ocrx_word' id='word_1_373' title='bbox 299 3542 394 3606; x_wconf 88' lang='lat' dir='ltr'><strong>aeque</strong></span> <span class='ocrx_word' id='word_1_374' title='bbox 418 3525 582 3588; x_wconf 90' lang='lat' dir='ltr'><strong>communis</strong></span> <span class='ocrx_word' id='word_1_375' title='bbox 606 3526 656 3600; x_wconf 84' lang='lat' dir='ltr'><strong>sit,</strong></span> <span class='ocrx_word' id='word_1_376' title='bbox 680 3545 737 3590; x_wconf 93' lang='lat' dir='ltr'><strong>unu</strong></span> <span class='ocrx_word' id='word_1_377' title='bbox 762 3534 809 3588; x_wconf 90' lang='lat' dir='ltr'><strong>est</strong></span> <span class='ocrx_word' id='word_1_378' title='bbox 832 3526 962 3588; x_wconf 89' lang='lat' dir='ltr'><strong>idoneus.</strong></span> <span class='ocrx_word' id='word_1_379' title='bbox 979 3525 1018 3586; x_wconf 92' lang='lat' dir='ltr'><strong>ad</strong></span> <span class='ocrx_word' id='word_1_380' title='bbox 1042 3525 1230 3589; x_wconf 84' lang='lat' dir='ltr'><strong>efficiendam</strong></span> <span class='ocrx_word' id='word_1_381' title='bbox 1253 3527 1509 3592; x_wconf 90' lang='lat' dir='ltr'><strong>scintillationem.</strong></span> 
     </span>
    </p>

    <p class='ocr_par' dir='ltr' id='par_1_8' title="bbox 261 3611 1655 4586">
     <span class='ocr_line' id='line_1_38' title="bbox 387 3611 1651 3696; baseline -0.002 -18"><span class='ocrx_word' id='word_1_382' title='bbox 387 3611 517 3690; x_wconf 80' lang='lat' dir='ltr'><strong>Atilia,</strong></span> <span class='ocrx_word' id='word_1_383' title='bbox 541 3633 630 3696; x_wconf 84' lang='lat' dir='ltr'><strong>quam</strong></span> <span class='ocrx_word' id='word_1_384' title='bbox 653 3633 709 3695; x_wconf 88' lang='lat' dir='ltr'><strong>ego</strong></span> <span class='ocrx_word' id='word_1_385' title='bbox 733 3614 805 3689; x_wconf 91' lang='lat' dir='ltr'><strong>dixi,</strong></span> <span class='ocrx_word' id='word_1_386' title='bbox 829 3615 1012 3693; x_wconf 88' lang='lat' dir='ltr'><strong>singularum</strong></span> <span class='ocrx_word' id='word_1_387' title='bbox 1036 3614 1163 3678; x_wconf 82' lang='lat' dir='ltr'><strong>lixarum</strong></span> <span class='ocrx_word' id='word_1_388' title='bbox 1186 3616 1298 3680; x_wconf 87' lang='lat' dir='ltr'><strong>rotatio</strong></span> <span class='ocrx_word' id='word_1_389' title='bbox 1322 3617 1369 3680; x_wconf 87' lang='lat' dir='ltr'><strong>his</strong></span> <span class='ocrx_word' id='word_1_390' title='bbox 1393 3615 1529 3680; x_wconf 90' lang='lat' dir='ltr'><strong>omuibus</strong></span> <span class='ocrx_word' id='word_1_391' title='bbox 1553 3613 1651 3679; x_wconf 88' lang='lat' dir='ltr'><strong>uomi-</strong></span> 
     </span>
     <span class='ocr_line' id='line_1_39' title="bbox 299 3701 1651 3784; baseline -0.002 -18"><span class='ocrx_word' id='word_1_392' title='bbox 299 3701 386 3766; x_wconf 90' lang='lat' dir='ltr'><strong>uibns</strong></span> <span class='ocrx_word' id='word_1_393' title='bbox 411 3709 458 3766; x_wconf 88' lang='lat' dir='ltr'><strong>est</strong></span> <span class='ocrx_word' id='word_1_394' title='bbox 480 3704 588 3784; x_wconf 90' lang='lat' dir='ltr'><strong>potior.</strong></span> <span class='ocrx_word' id='word_1_395' title='bbox 635 3705 715 3768; x_wconf 86' lang='lat' dir='ltr'><strong>Nam</strong></span> <span class='ocrx_word' id='word_1_396' title='bbox 738 3704 910 3767; x_wconf 86' lang='lat' dir='ltr'><strong>atmodum</strong></span> <span class='ocrx_word' id='word_1_397' title='bbox 941 3702 1056 3766; x_wconf 86' lang='lat' dir='ltr'><strong>indicat</strong></span> <span class='ocrx_word' id='word_1_398' title='bbox 1087 3703 1313 3770; x_wconf 87' lang='lat' dir='ltr'><strong>scintillationis</strong></span> <span class='ocrx_word' id='word_1_399' title='bbox 1338 3713 1371 3770; x_wconf 88' lang='lat' dir='ltr'><strong>et</strong></span> <span class='ocrx_word' id='word_1_400' title='bbox 1392 3707 1543 3781; x_wconf 92' lang='lat' dir='ltr'><strong>coloruru,</strong></span> <span class='ocrx_word' id='word_1_401' title='bbox 1577 3719 1651 3784; x_wconf 90' lang='lat' dir='ltr'><strong>quae</strong></span> 
     </span>
     <span class='ocr_line' id='line_1_40' title="bbox 299 3789 1653 3876; baseline -0.003 -20"><span class='ocrx_word' id='word_1_402' title='bbox 299 3801 372 3856; x_wconf 86' lang='lat' dir='ltr'><strong>sunt</strong></span> <span class='ocrx_word' id='word_1_403' title='bbox 393 3792 553 3875; x_wconf 89' lang='lat' dir='ltr'><strong>pellucidis</strong></span> <span class='ocrx_word' id='word_1_404' title='bbox 586 3793 768 3867; x_wconf 77' lang='lat' dir='ltr'><strong>familiares,</strong></span> <span class='ocrx_word' id='word_1_405' title='bbox 798 3801 832 3856; x_wconf 93' lang='lat' dir='ltr'><strong>ut</strong></span> <span class='ocrx_word' id='word_1_406' title='bbox 855 3791 884 3854; x_wconf 93' lang='lat' dir='ltr'><strong>iu</strong></span> <span class='ocrx_word' id='word_1_407' title='bbox 909 3789 1028 3874; x_wconf 90' lang='lat' dir='ltr'><strong>Opticis</strong></span> <span class='ocrx_word' id='word_1_408' title='bbox 1056 3792 1196 3868; x_wconf 81' lang='lat' dir='ltr'><strong>osteudi3</strong></span> <span class='ocrx_word' id='word_1_409' title='bbox 1228 3815 1354 3876; x_wconf 89' lang='lat' dir='ltr'><strong>eumque</strong></span> <span class='ocrx_word' id='word_1_410' title='bbox 1382 3795 1502 3860; x_wconf 90' lang='lat' dir='ltr'><strong>modum</strong></span> <span class='ocrx_word' id='word_1_411' title='bbox 1525 3813 1564 3856; x_wconf 86' lang='lat' dir='ltr'><strong>ex</strong></span> <span class='ocrx_word' id='word_1_412' title='bbox 1586 3792 1653 3872; x_wconf 88' lang='lat' dir='ltr'><strong>ipsa</strong></span> 
     </span>
     <span class='ocr_line' id='line_1_41' title="bbox 300 3880 1653 3966; baseline -0.004 -22"><span class='ocrx_word' id='word_1_413' title='bbox 300 3880 497 3962; x_wconf 87' lang='lat' dir='ltr'><strong>dispositione</strong></span> <span class='ocrx_word' id='word_1_414' title='bbox 521 3901 678 3965; x_wconf 87' lang='lat' dir='ltr'><strong>corporum</strong></span> <span class='ocrx_word' id='word_1_415' title='bbox 702 3883 857 3946; x_wconf 88' lang='lat' dir='ltr'><strong>stellarum</strong></span> <span class='ocrx_word' id='word_1_416' title='bbox 881 3880 1003 3944; x_wconf 91' lang='lat' dir='ltr'><strong>deducit</strong></span> <span class='ocrx_word' id='word_1_417' title='bbox 1011 3900 1021 3958; x_wconf 90' lang='lat'>;</span> <span class='ocrx_word' id='word_1_418' title='bbox 1046 3889 1131 3945; x_wconf 90' lang='lat' dir='ltr'><strong>tanto</strong></span> <span class='ocrx_word' id='word_1_419' title='bbox 1154 3882 1356 3959; x_wconf 89' lang='lat' dir='ltr'><strong>verisimilius,</strong></span> <span class='ocrx_word' id='word_1_420' title='bbox 1380 3884 1461 3966; x_wconf 91' lang='lat' dir='ltr'><strong>quod</strong></span> <span class='ocrx_word' id='word_1_421' title='bbox 1483 3891 1516 3946; x_wconf 92' lang='lat' dir='ltr'><strong>et</strong></span> <span class='ocrx_word' id='word_1_422' title='bbox 1537 3882 1653 3946; x_wconf 86' lang='lat' dir='ltr'><strong>colores</strong></span> 
     </span>
     <span class='ocr_line' id='line_1_42' title="bbox 300 3969 1652 4055; baseline -0.001 -23"><span class='ocrx_word' id='word_1_423' title='bbox 300 3980 462 4052; x_wconf 89' lang='lat' dir='ltr'><strong>perpetuos</strong></span> <span class='ocrx_word' id='word_1_424' title='bbox 487 3971 568 4050; x_wconf 89' lang='lat' dir='ltr'><strong>illus,</strong></span> <span class='ocrx_word' id='word_1_425' title='bbox 598 3973 647 4055; x_wconf 93' lang='lat' dir='ltr'><strong>qui</strong></span> <span class='ocrx_word' id='word_1_426' title='bbox 671 3981 742 4036; x_wconf 89' lang='lat' dir='ltr'><strong>sunt</strong></span> <span class='ocrx_word' id='word_1_427' title='bbox 765 3971 833 4034; x_wconf 89' lang='lat' dir='ltr'><strong>aliis</strong></span> <span class='ocrx_word' id='word_1_428' title='bbox 857 3971 955 4034; x_wconf 89' lang='lat' dir='ltr'><strong>stellis</strong></span> <span class='ocrx_word' id='word_1_429' title='bbox 979 3971 1043 4046; x_wconf 87' lang='lat' dir='ltr'><strong>alii,</strong></span> <span class='ocrx_word' id='word_1_430' title='bbox 1068 3971 1098 4034; x_wconf 92' lang='lat' dir='ltr'><strong>iu</strong></span> <span class='ocrx_word' id='word_1_431' title='bbox 1121 3971 1178 4034; x_wconf 89' lang='lat' dir='ltr'><strong>hac</strong></span> <span class='ocrx_word' id='word_1_432' title='bbox 1201 3972 1269 4054; x_wconf 86' lang='lat' dir='ltr'><strong>ipsa</strong></span> <span class='ocrx_word' id='word_1_433' title='bbox 1297 3974 1494 4055; x_wconf 91' lang='lat' dir='ltr'><strong>dispositione</strong></span> <span class='ocrx_word' id='word_1_434' title='bbox 1518 3969 1652 4052; x_wconf 89' lang='lat' dir='ltr'><strong>corporis</strong></span> 
     </span>
     <span class='ocr_line' id='line_1_43' title="bbox 261 4057 1654 4140; baseline -0.002 -16"><span class='ocrx_word' id='word_1_435' title='bbox 261 4089 268 4096; x_wconf 95' lang='lat'>·</span> <span class='ocrx_word' id='word_1_436' title='bbox 301 4060 409 4124; x_wconf 89' lang='lat' dir='ltr'><strong>stellae</strong></span> <span class='ocrx_word' id='word_1_437' title='bbox 437 4060 537 4126; x_wconf 89' lang='lat' dir='ltr'><strong>inesse</strong></span> <span class='ocrx_word' id='word_1_438' title='bbox 566 4079 693 4126; x_wconf 89' lang='lat' dir='ltr'><strong>necesse</strong></span> <span class='ocrx_word' id='word_1_439' title='bbox 721 4069 788 4136; x_wconf 90' lang='lat' dir='ltr'><strong>est,</strong></span> <span class='ocrx_word' id='word_1_440' title='bbox 819 4068 853 4122; x_wconf 92' lang='lat' dir='ltr'><strong>ut</strong></span> <span class='ocrx_word' id='word_1_441' title='bbox 875 4059 906 4122; x_wconf 88' lang='lat' dir='ltr'><strong>in</strong></span> <span class='ocrx_word' id='word_1_442' title='bbox 929 4057 1048 4140; x_wconf 90' lang='lat' dir='ltr'><strong>Opticis</strong></span> <span class='ocrx_word' id='word_1_443' title='bbox 1081 4061 1215 4140; x_wconf 87' lang='lat' dir='ltr'><strong>probavi.</strong></span> <span class='ocrx_word' id='word_1_444' title='bbox 1262 4061 1364 4134; x_wconf 81' lang='lat' dir='ltr'><strong>Quare</strong></span> <span class='ocrx_word' id='word_1_445' title='bbox 1388 4083 1446 4127; x_wconf 88' lang='lat' dir='ltr'><strong>nou</strong></span> <span class='ocrx_word' id='word_1_446' title='bbox 1469 4071 1590 4134; x_wconf 90' lang='lat' dir='ltr'><strong>metuo,</strong></span> <span class='ocrx_word' id='word_1_447' title='bbox 1620 4067 1654 4122; x_wconf 88' lang='lat' dir='ltr'><strong>nt</strong></span> 
     </span>
     <span class='ocr_line' id='line_1_44' title="bbox 299 4149 1653 4233; baseline 0.001 -23"><span class='ocrx_word' id='word_1_448' title='bbox 299 4157 447 4232; x_wconf 87' lang='lat' dir='ltr'><strong>perpetua</strong></span> <span class='ocrx_word' id='word_1_449' title='bbox 479 4169 547 4214; x_wconf 88' lang='lat' dir='ltr'><strong>esse</strong></span> <span class='ocrx_word' id='word_1_450' title='bbox 579 4170 638 4214; x_wconf 91' lang='lat' dir='ltr'><strong>uon</strong></span> <span class='ocrx_word' id='word_1_451' title='bbox 670 4149 789 4233; x_wconf 91' lang='lat' dir='ltr'><strong>possint</strong></span> <span class='ocrx_word' id='word_1_452' title='bbox 820 4169 945 4229; x_wconf 88' lang='lat' dir='ltr'><strong>corpora</strong></span> <span class='ocrx_word' id='word_1_453' title='bbox 981 4149 1153 4225; x_wconf 88' lang='lat' dir='ltr'><strong>stellarum,</strong></span> <span class='ocrx_word' id='word_1_454' title='bbox 1192 4151 1217 4212; x_wconf 90' lang='lat' dir='ltr'><strong>si</strong></span> <span class='ocrx_word' id='word_1_455' title='bbox 1251 4153 1399 4232; x_wconf 88' lang='lat' dir='ltr'><strong>angulosa</strong></span> <span class='ocrx_word' id='word_1_456' title='bbox 1431 4159 1485 4214; x_wconf 90' lang='lat' dir='ltr'><strong>aut</strong></span> <span class='ocrx_word' id='word_1_457' title='bbox 1514 4151 1541 4214; x_wconf 91' lang='lat' dir='ltr'><strong>si</strong></span> <span class='ocrx_word' id='word_1_458' title='bbox 1572 4151 1653 4212; x_wconf 87' lang='lat' dir='ltr'><strong>intus</strong></span> 
     </span>
     <span class='ocr_line' id='line_1_45' title="bbox 301 4236 1652 4324; baseline 0 -24"><span class='ocrx_word' id='word_1_459' title='bbox 301 4237 501 4318; x_wconf 83' lang='lat' dir='ltr'><strong>inaequaliter</strong></span> <span class='ocrx_word' id='word_1_460' title='bbox 524 4240 619 4304; x_wconf 89' lang='lat' dir='ltr'><strong>densa</strong></span> <span class='ocrx_word' id='word_1_461' title='bbox 641 4249 729 4316; x_wconf 89' lang='lat' dir='ltr'><strong>sunt,</strong></span> <span class='ocrx_word' id='word_1_462' title='bbox 763 4247 796 4302; x_wconf 87' lang='lat' dir='ltr'><strong>ut</strong></span> <span class='ocrx_word' id='word_1_463' title='bbox 819 4239 920 4302; x_wconf 91' lang='lat' dir='ltr'><strong>solent</strong></span> <span class='ocrx_word' id='word_1_464' title='bbox 950 4238 1091 4311; x_wconf 88' lang='lat' dir='ltr'><strong>uniones,</strong></span> <span class='ocrx_word' id='word_1_465' title='bbox 1123 4239 1260 4320; x_wconf 84' lang='lat' dir='ltr'><strong>partibus</strong></span> <span class='ocrx_word' id='word_1_466' title='bbox 1289 4241 1357 4306; x_wconf 89' lang='lat' dir='ltr'><strong>aliis</strong></span> <span class='ocrx_word' id='word_1_467' title='bbox 1387 4241 1479 4306; x_wconf 87' lang='lat' dir='ltr'><strong>aliter-</strong></span> <span class='ocrx_word' id='word_1_468' title='bbox 1503 4236 1652 4324; x_wconf 82' lang='lat' dir='ltr'><strong>pellucidi.</strong></span> 
     </span>
     <span class='ocr_line' id='line_1_46' title="bbox 304 4325 1654 4408; baseline -0.001 -18"><span class='ocrx_word' id='word_1_469' title='bbox 304 4325 384 4390; x_wconf 85' lang='lat' dir='ltr'><strong>Nam</strong></span> <span class='ocrx_word' id='word_1_470' title='bbox 408 4335 440 4388; x_wconf 92' lang='lat' dir='ltr'><strong>et</strong></span> <span class='ocrx_word' id='word_1_471' title='bbox 462 4327 559 4390; x_wconf 87' lang='lat' dir='ltr'><strong>hostis</strong></span> <span class='ocrx_word' id='word_1_472' title='bbox 581 4329 664 4394; x_wconf 90' lang='lat' dir='ltr'><strong>illiuo</strong></span> <span class='ocrx_word' id='word_1_473' title='bbox 687 4328 789 4404; x_wconf 88' lang='lat' dir='ltr'><strong>abest,</strong></span> <span class='ocrx_word' id='word_1_474' title='bbox 823 4327 872 4408; x_wconf 90' lang='lat' dir='ltr'><strong>qui</strong></span> <span class='ocrx_word' id='word_1_475' title='bbox 895 4327 956 4390; x_wconf 92' lang='lat' dir='ltr'><strong>vim</strong></span> <span class='ocrx_word' id='word_1_476' title='bbox 980 4326 1108 4403; x_wconf 84' lang='lat' dir='ltr'><strong>inierat,</strong></span> <span class='ocrx_word' id='word_1_477' title='bbox 1142 4335 1173 4390; x_wconf 91' lang='lat' dir='ltr'><strong>et</strong></span> <span class='ocrx_word' id='word_1_478' title='bbox 1196 4338 1267 4392; x_wconf 90' lang='lat' dir='ltr'><strong>suut</strong></span> <span class='ocrx_word' id='word_1_479' title='bbox 1291 4331 1377 4395; x_wconf 88' lang='lat' dir='ltr'><strong>uobis</strong></span> <span class='ocrx_word' id='word_1_480' title='bbox 1400 4331 1430 4394; x_wconf 85' lang='lat' dir='ltr'><strong>in</strong></span> <span class='ocrx_word' id='word_1_481' title='bbox 1454 4331 1512 4394; x_wconf 87' lang='lat' dir='ltr'><strong>hae</strong></span> <span class='ocrx_word' id='word_1_482' title='bbox 1535 4329 1654 4392; x_wconf 89' lang='lat' dir='ltr'><strong>Tellure</strong></span> 
     </span>
     <span class='ocr_line' id='line_1_47' title="bbox 301 4416 1655 4500; baseline 0.001 -24"><span class='ocrx_word' id='word_1_483' title='bbox 301 4433 448 4496; x_wconf 87' lang='lat' dir='ltr'><strong>gemmae,</strong></span> <span class='ocrx_word' id='word_1_484' title='bbox 471 4416 498 4479; x_wconf 90' lang='lat' dir='ltr'><strong>si</strong></span> <span class='ocrx_word' id='word_1_485' title='bbox 521 4417 581 4480; x_wconf 92' lang='lat' dir='ltr'><strong>vim</strong></span> <span class='ocrx_word' id='word_1_486' title='bbox 604 4419 734 4492; x_wconf 84' lang='lat' dir='ltr'><strong>auferas,</strong></span> <span class='ocrx_word' id='word_1_487' title='bbox 759 4423 922 4492; x_wconf 80' lang='lat' dir='ltr'><strong>aeternae3</strong></span> <span class='ocrx_word' id='word_1_488' title='bbox 946 4422 977 4478; x_wconf 90' lang='lat' dir='ltr'><strong>et</strong></span> <span class='ocrx_word' id='word_1_489' title='bbox 1001 4434 1055 4478; x_wconf 91' lang='lat' dir='ltr'><strong>eae</strong></span> <span class='ocrx_word' id='word_1_490' title='bbox 1078 4429 1181 4480; x_wconf 87' lang='lat' dir='ltr'><strong>tamen</strong></span> <span class='ocrx_word' id='word_1_491' title='bbox 1203 4419 1313 4500; x_wconf 88' lang='lat' dir='ltr'><strong>partim</strong></span> <span class='ocrx_word' id='word_1_492' title='bbox 1337 4420 1518 4496; x_wconf 88' lang='lat' dir='ltr'><strong>maculosae,</strong></span> <span class='ocrx_word' id='word_1_493' title='bbox 1543 4416 1655 4500; x_wconf 85' lang='lat' dir='ltr'><strong>partim</strong></span> 
     </span>
     <span class='ocr_line' id='line_1_48' title="bbox 301 4503 689 4586; baseline 0.01 -20"><span class='ocrx_word' id='word_1_494' title='bbox 301 4503 403 4581; x_wconf 83' lang='lat' dir='ltr'><strong>desae,</strong></span> <span class='ocrx_word' id='word_1_495' title='bbox 425 4503 535 4586; x_wconf 88' lang='lat' dir='ltr'><strong>partim</strong></span> <span class='ocrx_word' id='word_1_496' title='bbox 558 4507 689 4571; x_wconf 80' lang='lat' dir='ltr'><strong>nubilae.</strong></span> 
     </span>
    </p>

    <p class='ocr_par' dir='ltr' id='par_1_9' title="bbox 302 4591 1657 4862">
     <span class='ocr_line' id='line_1_49' title="bbox 390 4591 1656 4680; baseline 0.003 -26"><span class='ocrx_word' id='word_1_497' title='bbox 390 4593 466 4658; x_wconf 84' lang='lat' dir='ltr'><strong>Tum</strong></span> <span class='ocrx_word' id='word_1_498' title='bbox 495 4603 596 4658; x_wconf 89' lang='lat' dir='ltr'><strong>autem</strong></span> <span class='ocrx_word' id='word_1_499' title='bbox 627 4595 694 4677; x_wconf 91' lang='lat' dir='ltr'><strong>ipsa</strong></span> <span class='ocrx_word' id='word_1_500' title='bbox 717 4598 772 4674; x_wconf 90' lang='lat' dir='ltr'><strong>per</strong></span> <span class='ocrx_word' id='word_1_501' title='bbox 793 4613 826 4658; x_wconf 89' lang='lat' dir='ltr'><strong>se</strong></span> <span class='ocrx_word' id='word_1_502' title='bbox 849 4591 962 4656; x_wconf 91' lang='lat' dir='ltr'><strong>rotatio</strong></span> <span class='ocrx_word' id='word_1_503' title='bbox 992 4593 1116 4656; x_wconf 83' lang='lat' dir='ltr'><strong>lixarum</strong></span> <span class='ocrx_word' id='word_1_504' title='bbox 1139 4611 1251 4675; x_wconf 88' lang='lat' dir='ltr'><strong>magna</strong></span> <span class='ocrx_word' id='word_1_505' title='bbox 1273 4597 1505 4680; x_wconf 86' lang='lat' dir='ltr'><strong>probabilitate,</strong></span> <span class='ocrx_word' id='word_1_506' title='bbox 1539 4595 1656 4677; x_wconf 77' lang='lat' dir='ltr'><strong>magnis</strong></span> 
     </span>
     <span class='ocr_line' id='line_1_50' title="bbox 302 4679 1657 4764; baseline 0.009 -24"><span class='ocrx_word' id='word_1_507' title='bbox 302 4681 446 4761; x_wconf 89' lang='lat' dir='ltr'><strong>exemplis</strong></span> <span class='ocrx_word' id='word_1_508' title='bbox 478 4683 593 4748; x_wconf 90' lang='lat' dir='ltr'><strong>nititur.</strong></span> <span class='ocrx_word' id='word_1_509' title='bbox 650 4683 713 4748; x_wconf 87' lang='lat' dir='ltr'><strong>Sed</strong></span> <span class='ocrx_word' id='word_1_510' title='bbox 743 4682 914 4763; x_wconf 85' lang='lat' dir='ltr'><strong>exemplum</strong></span> <span class='ocrx_word' id='word_1_511' title='bbox 950 4682 1033 4745; x_wconf 90' lang='lat' dir='ltr'><strong>solus</strong></span> <span class='ocrx_word' id='word_1_512' title='bbox 1067 4679 1251 4764; x_wconf 88' lang='lat' dir='ltr'><strong>Copernicus</strong></span> <span class='ocrx_word' id='word_1_513' title='bbox 1288 4689 1373 4752; x_wconf 88' lang='lat' dir='ltr'><strong>dedit</strong></span> <span class='ocrx_word' id='word_1_514' title='bbox 1409 4689 1487 4752; x_wconf 87' lang='lat' dir='ltr'><strong>banc</strong></span> <span class='ocrx_word' id='word_1_515' title='bbox 1522 4697 1657 4752; x_wconf 73' lang='lat' dir='ltr'><strong>uostm</strong></span> 
     </span>
     <span class='ocr_line' id='line_1_51' title="bbox 302 4763 1657 4862; baseline 0.007 -35"><span class='ocrx_word' id='word_1_516' title='bbox 302 4763 452 4832; x_wconf 83' lang='lat' dir='ltr'><strong>Tellurem</strong></span> <span class='ocrx_word' id='word_1_517' title='bbox 459 4787 470 4847; x_wconf 68' lang='grc' dir='ltr'><strong>ς</strong></span> <span class='ocrx_word' id='word_1_518' title='bbox 504 4790 579 4852; x_wconf 89' lang='lat' dir='ltr'><strong>quae</strong></span> <span class='ocrx_word' id='word_1_519' title='bbox 604 4781 637 4838; x_wconf 94' lang='lat' dir='ltr'><strong>ut</strong></span> <span class='ocrx_word' id='word_1_520' title='bbox 660 4773 848 4853; x_wconf 88' lang='lat' dir='ltr'><strong>undiquaque</strong></span> <span class='ocrx_word' id='word_1_521' title='bbox 872 4769 953 4834; x_wconf 90' lang='lat' dir='ltr'><strong>Solis</strong></span> <span class='ocrx_word' id='word_1_522' title='bbox 986 4781 1150 4853; x_wconf 87' lang='lat' dir='ltr'><strong>conspectu</strong></span> <span class='ocrx_word' id='word_1_523' title='bbox 1174 4773 1231 4838; x_wconf 84' lang='lat' dir='ltr'><strong>frui</strong></span> <span class='ocrx_word' id='word_1_524' title='bbox 1253 4778 1367 4862; x_wconf 89' lang='lat' dir='ltr'><strong>possit,</strong></span> <span class='ocrx_word' id='word_1_525' title='bbox 1397 4785 1517 4848; x_wconf 80' lang='lat' dir='ltr'><strong>rotatur</strong></span> <span class='ocrx_word' id='word_1_526' title='bbox 1539 4776 1570 4840; x_wconf 93' lang='lat' dir='ltr'><strong>in</strong></span> <span class='ocrx_word' id='word_1_527' title='bbox 1592 4776 1657 4840; x_wconf 88' lang='lat' dir='ltr'><strong>dies</strong></span> 
     </span>
    </p>
   </div>
   <div class='ocr_carea' id='block_1_7' title="bbox 0 0 1788 5536">
    <p class='ocr_par' dir='ltr' id='par_1_10' title="bbox 0 0 1788 5536">
     <span class='ocr_line' id='line_1_52' title="bbox 0 0 1788 5536; baseline 0 0"><span class='ocrx_word' id='word_1_528' title='bbox 0 0 1788 5536; x_wconf 95' lang='lat' dir='ltr'><strong> </strong></span> 
     </span>
    </p>
   </div>
  </div>
 </body>
</html>
