3674 5538
912 1183 1032 1280 Caput
1058 1181 1086 1254 I.

845 1361 902 1422 De
923 1368 1041 1422 naara
1064 1356 1154 1421 lucia.

411 1518 551 1582 Ceterum
582 1537 647 1580 cum
682 1517 729 1578 lric
753 1537 771 1578 a
794 1521 959 1597 geometria
987 1519 1135 1582 interdum
1159 1518 1186 1578 in
1211 1517 1365 1600 pby'sicam
1391 1517 1676 1597 contemplationem

187 1616 212 1642 ⁵
322 1609 532 1681 deflectamus,
558 1626 655 1667 sermo
679 1626 794 1686 quoque
819 1609 877 1668 erit
899 1609 989 1687 paulo
1013 1607 1148 1681 liberior,
1179 1625 1237 1667 non
1269 1606 1376 1686 ubique
1404 1607 1499 1669 literis
1521 1617 1551 1666 et
1575 1607 1677 1687 figuris

323 1698 567 1760 accommodatus
592 1704 643 1756 aut
667 1697 955 1758 demonstrationum
978 1696 1105 1760 vinculis
1129 1695 1304 1772 adstrictus,
1331 1695 1384 1756 sed
1407 1695 1586 1775 conjecturis
1611 1695 1675 1756 dis-

323 1788 451 1849 solutior
476 1785 647 1848 libertatem
671 1785 802 1863 aliquam
817 1786 1058 1866 philosophandi
1087 1782 1266 1846 sectabitur:
1300 1783 1377 1846 dabo
1411 1795 1511 1846 tamen
1544 1804 1675 1868 operam,

322 1878 346 1938 si
372 1876 436 1938 ficri
460 1883 581 1956 potest,
607 1883 640 1936 ut
664 1873 691 1935 in
716 1876 938 1954 propositiones
963 1876 1081 1954 etipse
1106 1873 1266 1934 dividatur.

412 1962 620 2026 Communium
644 1963 798 2024 notionum
825 1964 888 2024 loco
913 1965 997 2026 initio
1022 1963 1058 2026 de
1074 1962 1187 2024 voculis
1211 1980 1332 2034 moneo,
1359 1978 1448 2040 quam
1463 1959 1574 2024 Graeci
1591 1981 1675 2024 com-

323 2053 402 2116 muni
426 2072 499 2114 voce
524 2052 627 2112 dicunt
650 2051 810 2113 dranloorr
827 2053 994 2126 radiorum,
1018 2051 1120 2114 Latini
1145 2049 1323 2113 discriminis
1339 2068 1432 2111 causa
1447 2049 1476 2110 in
1493 2050 1550 2112 dno
1564 2070 1677 2131 genera

322 2141 477 2216 dividunt,
510 2140 638 2202 alterum
662 2158 756 2217 genus
781 2141 1010 2204 rellexorum
1035 2148 1219 2214 statuentes,
1254 2139 1380 2200 alterum
1406 2138 1676 2202 refractorum.

323 2229 417 2309 Atqui
442 2229 468 2289 si
493 2248 584 2290 voces
608 2227 770 2288 variandae
795 2240 866 2292 sunt
891 2231 929 2292 ob
953 2231 1126 2293 differentes
1151 2247 1248 2290 rerum
1272 2237 1410 2300 naturas,
1436 2236 1574 2306 praestat
1597 2225 1676 2290 tales

323 2319 450 2398 eligere,
485 2317 514 2378 iu
549 2317 655 2394 quibus
689 2320 836 2378 communi
871 2320 950 2398 vulgi
985 2319 1178 2398 usurpatione
1214 2319 1257 2378 rei
1287 2317 1430 2396 cujusque
1455 2327 1563 2378 natura
1587 2337 1676 2396 quam

322 2406 527 2488 propriissime
553 2406 738 2484 exprimitur.
785 2405 855 2470 Jam
879 2409 933 2470 hoc
965 2427 1020 2470 uon
1054 2407 1181 2469 feliciter
1205 2407 1243 2466 ab
1266 2405 1374 2485 opticis
1398 2404 1517 2466 Latinis
1541 2407 1676 2484 praesti-

323 2511 385 2558 tum
409 2515 477 2556 esse
501 2495 630 2556 videtur.

410 2581 564 2654 Quantum
588 2583 665 2644 enirn
690 2583 759 2645 mihi
790 2592 924 2656 constat,
959 2585 1079 2646 flectere
1106 2584 1223 2646 Latinis
1257 2583 1312 2644 hoc
1343 2591 1407 2656 est,
1442 2581 1519 2662 quod
1546 2579 1676 2644 Graecis

324 2695 471 2748 anparere,
494 2672 616 2751 propria
640 2672 724 2734 vans
748 2663 902 2750 usurpatio
927 2673 963 2734 de
987 2673 1163 2746 incurratis,
1189 2690 1322 2751 quaeque
1346 2671 1371 2730 si
1395 2669 1441 2730 ris
1464 2679 1565 2732 cesset
1590 2671 1618 2731 in
1643 2691 1677 2730 se

323 2763 457 2824 reditura
490 2773 574 2835 sunt,
613 2769 774 2843 propterea
807 2771 838 2822 et
866 2781 944 2838 genu
975 2763 1054 2822 flecti
1090 2761 1212 2834 dicitur,
1251 2760 1328 2838 quod
1362 2758 1481 2820 rincula
1513 2759 1678 2822 tendantur

321 2851 504 2930 membrr'que
529 2852 623 2929 ligure
647 2860 773 2912 arcuata
796 2863 952 2928 appareat.
988 2849 1090 2912 Ceteri
1114 2869 1184 2910 ursus
1208 2857 1278 2908 sunt
1301 2867 1353 2926 per
1372 2847 1475 2911 horum
1491 2848 1675 2928 analogiam.

409 2941 455 3002 At
479 2937 664 3000 Graecorum
689 2937 882 3002 oscitanam
904 2939 1109 3018 propriissime
1134 2946 1223 2998 sonat
1246 2936 1274 2997 id
1290 2935 1367 3016 quod
1383 2935 1501 2998 Latinis
1527 2938 1675 3016 frangere,

328 3027 404 3108 qnod
424 3026 653 3090 dissolutionem
677 3026 807 3090 continui
822 3027 950 3088 maxime
967 3029 1111 3105 lignorum
1129 3035 1158 3086 et
1173 3025 1302 3086 sonitum
1322 3025 1545 3104 praesupponit.
1572 3021 1675 3094 Quare

243 3111 245 3118 ’
323 3119 431 3187 alodos
457 3112 586 3178 Graecis
610 3123 659 3178 est
689 3116 848 3200 decerptus
881 3116 1067 3178 ramusculus
1091 3115 1129 3176 ab
1153 3113 1269 3176 arbore.
1315 3113 1358 3174 Et
1380 3111 1491 3186 κλαζειν
1515 3125 1677 3194 usurpatur·

326 3205 362 3264 de
387 3203 531 3284 strepitu,
557 3205 604 3284 qui
629 3212 661 3266 et
674 3203 794 3267 Latinis
820 3227 837 3264 a
862 3205 1025 3284 frangendo
1051 3205 1151 3282 fragor
1175 3201 1292 3264 dicitur.
1340 3201 1383 3264 Si·
1398 3201 1471 3262 baec
1488 3221 1554 3263 cum
1578 3201 1671 3264 affer-

325 3291 456 3354 tionibus
481 3293 632 3354 radiorum
656 3300 861 3374 comparetur,
887 3294 1026 3354 flectendi
1052 3312 1118 3368 ron,
1144 3292 1168 3352 si
1193 3291 1405 3372 proprietatem
1429 3297 1560 3370 spectes,
1585 3290 1675 3369 plane

322 3401 378 3442 uon
404 3381 551 3460 quadrat,
586 3381 656 3460 quia
687 3382 760 3444 nibil
780 3381 843 3443 tale
872 3382 901 3444 in
932 3382 1032 3444 radios
1055 3381 1213 3460 competit,
1243 3380 1307 3441 sire
1339 3379 1509 3458 a-speculis
1542 3378 1607 3440 sive
1633 3379 1672 3454 ab

324 3488 401 3548 atqua
424 3469 494 3548 quid
517 3470 682 3548 patiantur.
729 3467 809 3540 Quin
842 3479 997 3550 utrumque
1031 3469 1135 3532 horum
1163 3468 1309 3530 communi
1333 3487 1405 3530 voce
1430 3468 1534 3530 fractio
1559 3469 1671 3528 rectis·

322 3548 405 3618 sime*
422 3558 540 3619 dicitur.
587 3558 722 3638 Uterque
746 3558 824 3620 enim
848 3578 916 3619 rere
941 3559 1106 3638 frangitur,
1132 3558 1209 3619 alter
1232 3578 1250 3618 a
1273 3557 1385 3635 speculi
1410 3558 1488 3618 alter
1511 3555 1548 3616 ab
1573 3576 1673 3638 aquae.

323 3645 490 3724 superficie,
515 3654 677 3728 partesque
701 3647 790 3708 fracti
814 3648 954 3728 angulum
978 3648 1164 3710 constituunt
1187 3644 1382 3710 rectilineum.
1403 3639 1484 3706 'Etsi
1510 3644 1600 3723 igitur
1625 3646 1672 3707 la-

324 3735 402 3797 tiore
425 3734 594 3815 significatu
617 3737 648 3797 id
672 3755 786 3816 qnoque
811 3735 971 3798 deflectere
991 3737 1113 3808 dicium,
1147 3735 1224 3814 quod
1249 3755 1314 3796 curn
1343 3753 1431 3798 uuum
1455 3754 1521 3795 esse
1547 3734 1673 3796 deberet

320 3825 351 3886 in
375 3823 450 3886 duas
474 3823 570 3886 lineae
594 3833 694 3899 rectas
718 3825 875 3904 contiguas
899 3825 977 3900 abit,
1003 3825 1090 3904 plane
1107 3832 1139 3884 nt
1157 3824 1248 3896 radii,
1275 3824 1415 3884 vitandae
1439 3831 1539 3884 tamen
1564 3822 1667 3902 impli-

321 3912 450 3975 cationis
473 3932 580 3990 causa,
613 3913 794 3976 flectendi
818 3932 906 3974 voce
931 3915 1040 3994 plane
1064 3913 1320 3976 abstineatur.
1368 3911 1447 3974 Nam
1472 3913 1527 3974 lroc
1552 3907 1671 3991 quidem

323 4000 493 4080 significatu
517 4004 646 4064 reflexus
670 4001 786 4082 utrique
811 4002 960 4064 radiorum
984 4003 1086 4082 generi
1110 4009 1310 4082 competeret,
1334 4001 1424 4080 plane
1440 4009 1473 4062 ut
1488 3998 1673 4064 Graecorum

321 4089 520 4154 ἀνακλασθαι.
556 4090 600 4152 At
623 4091 693 4171 quia
716 4091 804 4152 aliter
823 4111 841 4152 a
860 4092 999 4170 speculis,
1024 4091 1113 4152 aliter
1137 4091 1174 4150 ab
1199 4109 1278 4168 aqua
1301 4089 1470 4152 alliciuntur
1485 4089 1560 4150 radii
1582 4091 1675 4161 (alter

323 4177 401 4239 enim
416 4198 435 4240 a
449 4180 570 4259 speculo
594 4179 725 4240 resultat
747 4179 777 4240 in
800 4179 871 4239 illas
891 4190 993 4258 partes
1013 4180 1090 4241 unde
1115 4178 1254 4239 advenit:
1279 4178 1356 4240 alter
1375 4177 1563 4258 asuperficie
1579 4197 1674 4257 aquae

322 4266 350 4326 iu
375 4267 553 4345 profundum
577 4274 609 4328 et
631 4274 735 4345 partes
759 4269 927 4329 contrariae
947 4287 1035 4348 quarn
1052 4269 1129 4329 unde
1150 4267 1315 4328 advenerat
1335 4267 1490 4340 declinat),
1516 4285 1675 4348 sequamur
1725 4295 1730 4304 ·

323 4372 394 4432 ergo
418 4355 466 4417 hic
489 4372 602 4416 morem
627 4355 791 4436 opticorum
816 4365 847 4416 et
872 4357 1020 4418 rmieruus
1038 4356 1273 4436 appellationes,
1299 4357 1473 4435 dicaturque
1498 4355 1576 4418 alter
1600 4355 1674 4416 Vir·

323 4441 437 4518 giliana
460 4450 493 4505 et
515 4443 640 4524 speciali
663 4461 737 4506 voce
761 4462 1019 4522 repercussus,
1053 4447 1131 4506 aiter
1163 4444 1282 4524 generis
1315 4445 1432 4506 nomine
1466 4443 1674 4518 infractus,

328 4538 359 4588 ut
383 4529 468 4608 ipsae
492 4532 731 4612 praepositiones
756 4533 792 4592 ad
818 4533 859 4593 rei
886 4541 1023 4593 naturam
1048 4534 1193 4594 alludant.

412 4619 462 4679 Ad
496 4619 746 4681 demonstrandas
781 4630 881 4680 autem
916 4621 1091 4682 afl'ectiones
1125 4616 1290 4700 lmjusm'odi
1325 4640 1427 4682 omnes
1450 4619 1622 4701 philosophi
1645 4629 1677 4684 et

321 4703 415 4780 optici
440 4708 694 4786 comparationem
728 4707 875 4788 quandam
910 4708 1070 4770 instituunt
1094 4709 1171 4770 inter
1201 4728 1326 4788 corpora
1358 4709 1484 4792 physica
1517 4719 1676 4792 motusque

323 4808 422 4854 eorum
447 4802 478 4863 et
502 4793 578 4866 iuter
603 4796 715 4871 lucem,
742 4815 828 4880 quam
853 4797 942 4876 paulo
966 4797 1058 4858 latins
1083 4797 1265 4858 diducemus.
