3464 5524
621 279 652 330 rs
670 279 742 332 ese·
761 279 864 346 opem.
991 282 994 305 ·
1380 285 1423 355 25

100 459 170 516 neate
188 453 301 516 tardius
316 454 418 518 Luna
441 458 478 519 ad
500 457 582 520 illum
595 457 710 535 veniat,
734 467 768 523 ut
792 459 920 524 vidimus
942 479 1045 524 meuse
1065 461 1196 526 Martio:
1221 461 1309 527 citius
1332 465 1424 544 igitur

99 541 318 605 indescendente
343 545 513 609 medietate
537 548 637 610 veniet
659 555 690 611 et
712 550 751 610 ad
775 550 878 613 Solem
901 556 933 612 et
956 551 994 613 ad
1019 551 1084 632 ejus
1108 553 1286 632 oppositum.
1335 552 1420 618 Ocn-

95 630 198 692 sentiunt
213 629 305 710 igitur
330 641 402 696 tres
426 635 511 716 bnjne
535 637 602 700 anni
627 637 765 718 eclipses.
805 637 867 700 Sed
890 639 992 701 nescio
1015 647 1130 716 tamen,
1160 641 1230 722 quid
1254 661 1300 704 me
1324 643 1422 724 impe-

93 720 138 781 diat
157 720 305 800 quominus
331 722 392 784 boc
417 724 506 804 plena
528 725 634 788 fidncia
657 727 857 806 pronunciem.
896 729 1047 791 Videntur
1071 729 1149 791 enirn
1173 731 1301 809 eclipses
1316 732 1420 794 Lunae

90 809 180 886 priores
201 808 315 888 aliquid
340 811 476 874 turbare.
514 814 589 875 Illud
612 815 700 876 valde
725 816 1001 891 minturnensem,
1028 835 1080 879 cur
1097 835 1189 880 cornu
1203 839 1261 882 non
1277 821 1307 882 iu
1323 821 1421 883 medio

88 895 192 972 ruboris;
222 897 282 959 nisi
307 899 390 962 forte
414 901 502 964 Luna
524 901 658 966 diversos
681 905 775 967 habet
798 905 924 968 colores.
971 904 1034 967 Sed
1056 907 1243 987 propositum
1267 909 1338 970 mibi
1362 918 1420 985 est,

87 986 290 1062 inpraesentia
320 996 423 1051 tecum
451 989 481 1053 in
513 1009 622 1070 genere
650 1000 682 1054 et
709 994 746 1054 de
774 994 880 1058 rubore
903 994 1008 1056 Lunae
1042 1002 1073 1055 et
1103 997 1140 1056 de
1173 997 1332 1060 omnifaria
1355 999 1421 1076 ejus

86 1073 145 1134 iacis
164 1074 191 1134 in
212 1075 382 1155 eclipsibus
407 1077 570 1158 disputare.
615 1082 783 1145 Devorabis
813 1083 905 1144 etiam
929 1083 984 1144 boc
1008 1083 1147 1145 lectionis
1169 1085 1313 1149 taedium.
1360 1088 1420 1149 Et-

84 1161 143 1222 enim
163 1181 224 1224 curn
244 1166 310 1226 tria
334 1167 398 1228 sint
412 1187 539 1248 corpora
561 1171 768 1233 concurrentia
791 1173 828 1234 ad
852 1171 991 1251 eclipsin,
1015 1169 1119 1244 Enna,
1144 1173 1251 1244 Terra,
1275 1173 1338 1249 Sol,
1363 1195 1419 1236 ne-

83 1269 148 1310 eesse
169 1259 334 1316 estonum
359 1275 398 1318 ex
420 1255 467 1318 bis
492 1277 558 1320 cum
580 1259 668 1338 hujus
692 1260 809 1322 ruboris
832 1269 896 1322 tum
918 1260 1049 1328 universi
1073 1261 1183 1322 coloris
1207 1261 1273 1340 ejus
1296 1282 1418 1326 causam

81 1338 210 1418 praebere.
257 1340 310 1404 De
334 1345 428 1408 astris
452 1346 531 1408 euim
554 1345 656 1410 Solem
680 1349 941 1412 circumstantibus
966 1346 1102 1422 dubium,
1136 1369 1173 1410 au
1199 1367 1315 1412 omnem
1340 1351 1417 1414 benc

82 1426 234 1488 censorem
258 1431 384 1494 efficere
407 1434 528 1514 possint
541 1437 656 1498 Lunam
680 1439 898 1512 collustrando,
924 1456 988 1498 cum
1013 1437 1105 1498 etiem
1129 1437 1155 1499 si
1179 1438 1345 1500 clarissime
1369 1440 1417 1542 lu-

80 1522 162 1588 ceant,
195 1517 320 1580 minime
352 1528 454 1584 tamen
484 1525 636 1602 proximos
667 1525 752 1588 nobis
784 1533 902 1589 montes
933 1526 971 1586 ad
1002 1525 1258 1605 nnnrparationem
1287 1529 1417 1590 Lunares

77 1601 171 1678 jubaris
191 1603 361 1670 illustrent.
389 1599 531 1680 'Interim
556 1632 613 1676 non
629 1633 715 1695 nego,
741 1633 916 1678 concurrere
939 1622 1033 1689 astra,
1059 1615 1112 1676 sed
1137 1614 1198 1716 lere
1222 1635 1339 1718 semper
1361 1636 1423 1718 ee-

79 1691 198 1768 qualiter,
223 1713 295 1757 cum
320 1715 441 1778 senrper
464 1699 544 1762 circa
557 1701 658 1764 Solem
683 1704 875 1766 obambulent
890 1704 996 1764 Venus
1016 1709 1047 1763 et
1061 1702 1228 1764 Mercurrus
1251 1705 1421 1766 clarissuma

79 1779 168 1841 sidera.
212 1782 318 1862 Igitur
348 1787 477 1865 primum
507 1789 544 1850 dc
574 1791 642 1869 ipsa
663 1791 750 1854 Luna
774 1801 860 1855 extat
882 1790 1048 1854 Cardani
1078 1791 1230 1852 sententia
1252 1799 1419 1894 (basneoli-

80 1876 364 1944 au111.p.181.n:rt
384 1883 548 1949 Bennett.)
572 1879 637 1940 loco
662 1880 807 1958 omnium,
838 1881 887 1961 qui
911 1878 1078 1953 existimat,
1108 1878 1260 1942 residuum
1283 1879 1365 1942 illum
1389 1900 1418 1941 ru

81 1955 149 2018 luna
169 1961 382 2040 splendorem,
407 1965 433 2026 si
456 1965 523 2045 quis
546 1967 575 2028 in
600 1968 667 2048 ipsa
686 1969 844 2048 existeret,
868 1967 1048 2030 infinitarum
1073 1967 1183 2030 facium
1206 1967 1271 2030 loco
1295 1987 1362 2070 esse
1386 1977 1419 2070 et

81 2045 114 2104 sic
139 2065 201 2108 essa
237 2051 399 2131 proprium
429 2052 533 2116 Lunae
568 2055 677 2120 lumen.
723 2057 820 2138 Nego.
866 2059 946 2121 Num
982 2055 1147 2117 intenditur
1181 2057 1273 2120 rubor
1308 2057 1357 2118 rlle
1388 2076 1418 2119 rn

79 2133 181 2197 dirersis
201 2123 390 2219 eclipsibus,
411 2141 474 2221 jem
497 2163 535 2206 ex
557 2145 615 2206 bac
634 2147 698 2225 jam
713 2166 751 2208 ex
774 2148 826 2210 illa
840 2155 937 2227 parte,
1116 2196 1169 2262 fig.
1192 2194 1232 2248 Μ.
1257 2197 1267 2212 .

77 2222 111 2281 eni
131 2225 168 2285 rei
189 2245 342 2306 praesens
365 2231 488 2310 eclipsis
512 2235 715 2314 experimento
739 2245 796 2299 est.
843 2237 888 2300 At
910 2236 936 2298 si

76 2311 187 2390 proprius
202 2323 289 2378 esset
305 2317 411 2380 Lunae
427 2321 577 2400 splendor,
601 2324 783 2387 haereretis
801 2347 837 2388 ea
851 2345 934 2388 sern-

75 2417 117 2476 per
135 2405 315 2482 aequaliter,
343 2425 410 2468 cum
434 2409 560 2473 eandem
584 2431 702 2494 semper
725 2413 833 2476 facicm
849 2415 933 2478 nobis

75 2489 202 2554 ostendat.

129 2577 270 2660 Sequitur
302 2583 340 2644 de
372 2581 460 2647 Sole
490 2587 640 2668 suspicio,
673 2609 766 2672 eaque
796 2591 932 2670 gemina3

74 2663 149 2741 prima
169 2669 279 2733 nititur
303 2673 500 2736 diminutione
524 2678 657 2756 corporis
673 2678 789 2742 Solaris
814 2681 932 2759 objectu

54 2753 176 2830 .Terrae,
206 2769 241 2820 nt
266 2779 328 2840 qna
350 2769 438 2840 parte
461 2765 549 2826 Luna
576 2785 633 2827 non
657 2769 696 2829 ab
719 2769 835 2848 integro
860 2769 932 2834 Sole

74 2843 261 2922 collustratur,
287 2849 454 2913 rubicunda
478 2863 633 2933 appareat,
660 2876 718 2936 qua
732 2867 817 2937 parte
834 2879 853 2918 a
866 2865 931 2922 toto

73 2927 140 3005 Sole,
169 2936 269 2998 clara:
302 2957 364 3018 qne.
392 2947 478 3018 parte
507 2944 632 3005 annila
659 2947 809 3026 particula
840 2945 930 3025 Sulis,

74 3018 180 3083 οδιιιη
203 3033 236 3086 et
259 3026 393 3089 cinerea.
440 3029 524 3092 Haec
548 3033 646 3111 opinio
672 3036 768 3097 locum
791 3055 848 3098 uun
872 3037 929 3100 ba-

72 3105 118 3168 bet.
157 3111 236 3176 Nam
260 3123 416 3196 apnncto
439 3119 589 3200 Musque
613 3123 651 3184 nd
674 3123 704 3186 N
728 3133 759 3186 et
782 3126 930 3187 abLus-

72 3213 114 3274 qne
134 3198 310 3265 adKlucet
333 3203 441 3286 ubique
465 3205 520 3271 Sol
542 3216 661 3273 tantum
684 3233 722 3275 ex
743 3221 839 3293 parte,
864 3224 929 3277 est-

72 3303 115 3363 que
134 3288 169 3348 ab
183 3288 229 3366 Ο,
256 3293 308 3354 ubi
333 3301 418 3356 totus
441 3293 494 3358 Sol
518 3298 613 3372 lucet,
638 3321 730 3382 nsque
754 3304 793 3364 ad
816 3304 854 3378 N,
880 3305 929 3367 nbi

72 3380 138 3434 totus
159 3381 312 3456 conditur,
336 3383 508 3447 continuum
531 3388 681 3452 radiorum
700 3391 929 3467 decrementum,

71 3469 95 3522 et
113 3463 173 3527 ideo
194 3467 225 3528 in
245 3469 280 3530 M
303 3471 402 3532 nullus
426 3475 569 3538 notabilis
592 3475 687 3554 limeS,
713 3481 810 3560 qualis
834 3483 927 3544 debe-

72 3549 113 3611 bat
139 3571 216 3629 esse,
257 3558 285 3618 si
314 3577 389 3622 rere
420 3570 502 3624 esset
535 3564 611 3626 baec
640 3569 801 3634 sententia.
848 3571 927 3634 Nam

72 3657 142 3701 cornu
162 3641 293 3708 lucidum
317 3648 444 3712 notabili
469 3651 562 3714 lirnite
578 3654 772 3736 distinguitur
795 3681 813 3720 a
836 3663 926 3724 rube-

71 3725 135 3802 dine,
164 3749 239 3810 quae
269 3735 369 3799 instar
392 3739 581 3802 tenebrarum
612 3751 669 3806 est.
716 3747 791 3809 Tum
816 3755 925 3827 autem,

71 3815 125 3894 qnia
144 3820 275 3884 calculus
297 3825 472 3890 rubedinem
496 3830 629 3897 tenebris
653 3844 806 3908 accenset,
836 3838 926 3919 duplo

71 3908 181 3970 crassior
210 3919 242 3972 et
272 3913 401 3994 amplius
431 3924 514 3979 esset
543 3921 649 3984 umbra
677 3924 806 4000 Terrae,
838 3947 926 4008 qnam

71 4010 121 4056 sam
142 3997 272 4062 calculus
296 4003 436 4067 assumit.
482 4007 559 4068 Item
583 4029 676 4072 cause
701 4013 854 4076 rubedinis
877 4017 924 4079 la-

72 4081 116 4142 tins
137 4104 201 4148 eam
224 4099 384 4170 spargeret
407 4111 496 4173 quam
514 4096 563 4158 vel
587 4105 650 4160 tres
665 4101 767 4164 Lunae
788 4101 925 4168 diametri

70 4172 278 4250 porrigerentur.
333 4179 379 4242 At
407 4182 533 4258 rubedo,
573 4185 623 4248 lem
653 4197 685 4252 et
721 4191 863 4254 tenebrae
894 4195 923 4255 in

71 4259 155 4324 eadem
168 4263 254 4327 Luna
266 4275 437 4332 cernuntur.
475 4271 564 4335 Alter
586 4277 706 4355 modus,
733 4287 766 4342 ut
781 4281 922 4358 dicamus,

71 4344 166 4426 Solem,
191 4361 224 4414 ut
245 4357 340 4420 oculis
364 4359 477 4422 nostris
501 4372 627 4443 apparet
649 4373 771 4447 propter
794 4369 922 4432 circum·

72 4435 149 4500 iusum
168 4459 299 4507 crassum
324 4452 436 4521 adrem,
461 4451 504 4512 sic
528 4452 621 4514 etiam
639 4457 743 4517 Lunae
767 4477 920 4538 apparere,

71 4541 120 4588 cnm
135 4547 217 4592 coma
230 4533 329 4596 lucida
343 4535 476 4612 scilicet,
500 4541 578 4620 quod
597 4543 792 4623 contingeret,
809 4547 836 4609 si
850 4549 923 4610 sub-

72 4617 165 4680 stantia
185 4621 265 4684 circa
288 4621 396 4686 Solem
420 4635 502 4689 essen
524 4629 733 4694 crassiuscule.
770 4635 837 4698 Hoc
856 4656 922 4700 om·

72 4701 138 4767 nibus
159 4710 372 4790 experimentis
397 4713 599 4781 satisfaceret.
634 4718 695 4782 Sed
719 4722 844 4786 obstant
866 4743 922 4786 uo-

72 4788 106 4852 bis
123 4797 246 4878 physici,
276 4808 309 4864 et
332 4802 548 4882 aequalissime
570 4806 646 4870 coeli
669 4810 831 4875 secuudum
855 4813 923 4876 illos
