<?xml version="1.0" encoding="UTF-8"?>
<!DOCTYPE html PUBLIC "-//W3C//DTD XHTML 1.0 Transitional//EN"
    "http://www.w3.org/TR/xhtml1/DTD/xhtml1-transitional.dtd">
<html xmlns="http://www.w3.org/1999/xhtml" xml:lang="en" lang="en">
 <head>
  <title>
</title>
<meta http-equiv="Content-Type" content="text/html;charset=utf-8" />
  <meta name='ocr-system' content='tesseract 3.04.00' />
  <meta name='ocr-capabilities' content='ocr_page ocr_carea ocr_par ocr_line ocrx_word'/>
</head>
<body>
  <div class='ocr_page' id='page_1' title='image "./joanniskepleria02unkngoog/joanniskepleria02unkngoog_0665.png"; bbox 0 0 3700 5530; ppageno 0'>
   <div class='ocr_carea' id='block_1_1' title="bbox 343 282 1217 360">
    <p class='ocr_par' dir='ltr' id='par_1_1' title="bbox 343 282 1217 360">
     <span class='ocr_line' id='line_1_1' title="bbox 343 282 1217 360; baseline -0.024 0"><span class='ocrx_word' id='word_1_1' title='bbox 343 289 408 360; x_wconf 77' lang='lat'><strong>632</strong></span> <span class='ocrx_word' id='word_1_2' title='bbox 489 282 491 293; x_wconf 91' lang='lat'>&#39;</span> <span class='ocrx_word' id='word_1_3' title='bbox 819 287 860 342; x_wconf 75' lang='lat' dir='ltr'><strong>us</strong></span> <span class='ocrx_word' id='word_1_4' title='bbox 878 287 959 340; x_wconf 68' lang='lat' dir='ltr'><strong>sou·</strong></span> <span class='ocrx_word' id='word_1_5' title='bbox 975 285 1049 340; x_wconf 73' lang='lat' dir='ltr'><strong>um</strong></span> <span class='ocrx_word' id='word_1_6' title='bbox 1065 283 1217 354; x_wconf 57' lang='lat' dir='ltr'><strong>manem</strong></span> 
     </span>
    </p>
   </div>
   <div class='ocr_carea' id='block_1_2' title="bbox 334 462 1697 1793">
    <p class='ocr_par' dir='ltr' id='par_1_2' title="bbox 334 462 1697 1793">
     <span class='ocr_line' id='line_1_2' title="bbox 343 462 1696 545; baseline -0.002 -13"><span class='ocrx_word' id='word_1_7' title='bbox 343 468 425 532; x_wconf 88' lang='lat' dir='ltr'><strong>mani</strong></span> <span class='ocrx_word' id='word_1_8' title='bbox 447 464 607 531; x_wconf 75' lang='lat' dir='ltr'><strong>infeliciter</strong></span> <span class='ocrx_word' id='word_1_9' title='bbox 628 464 699 526; x_wconf 86' lang='lat' dir='ltr'><strong>den</strong></span> <span class='ocrx_word' id='word_1_10' title='bbox 722 462 960 538; x_wconf 84' lang='lat' dir='ltr'><strong>Thicrhreis,</strong></span> <span class='ocrx_word' id='word_1_11' title='bbox 985 464 1125 527; x_wconf 90' lang='lat' dir='ltr'><strong>circulum</strong></span> <span class='ocrx_word' id='word_1_12' title='bbox 1145 463 1328 539; x_wconf 85' lang='lat' dir='ltr'><strong>animalium,</strong></span> <span class='ocrx_word' id='word_1_13' title='bbox 1352 463 1450 545; x_wconf 77' lang='lat' dir='ltr'><strong>magis</strong></span> <span class='ocrx_word' id='word_1_14' title='bbox 1463 463 1604 544; x_wconf 79' lang='lat' dir='ltr'><strong>genuine,</strong></span> <span class='ocrx_word' id='word_1_15' title='bbox 1626 465 1696 530; x_wconf 87' lang='lat' dir='ltr'><strong>deu</strong></span> 
     </span>
     <span class='ocr_line' id='line_1_3' title="bbox 342 549 1696 631; baseline -0.001 -11"><span class='ocrx_word' id='word_1_16' title='bbox 342 555 586 629; x_wconf 84' lang='lat' dir='ltr'><strong>Bilderkreis,</strong></span> <span class='ocrx_word' id='word_1_17' title='bbox 610 553 752 616; x_wconf 91' lang='lat' dir='ltr'><strong>circulum</strong></span> <span class='ocrx_word' id='word_1_18' title='bbox 775 553 936 631; x_wconf 82' lang='lat' dir='ltr'><strong>signorum.</strong></span> <span class='ocrx_word' id='word_1_19' title='bbox 982 551 1103 616; x_wconf 88' lang='lat' dir='ltr'><strong>Graeca</strong></span> <span class='ocrx_word' id='word_1_20' title='bbox 1132 573 1191 616; x_wconf 84' lang='lat' dir='ltr'><strong>vox</strong></span> <span class='ocrx_word' id='word_1_21' title='bbox 1213 549 1318 626; x_wconf 72' lang='lat' dir='ltr'><strong>locros</strong></span> <span class='ocrx_word' id='word_1_22' title='bbox 1339 551 1388 615; x_wconf 93' lang='lat' dir='ltr'><strong>hic</strong></span> <span class='ocrx_word' id='word_1_23' title='bbox 1411 571 1470 616; x_wconf 92' lang='lat' dir='ltr'><strong>uon</strong></span> <span class='ocrx_word' id='word_1_24' title='bbox 1493 561 1544 616; x_wconf 86' lang='lat' dir='ltr'><strong>est</strong></span> <span class='ocrx_word' id='word_1_25' title='bbox 1564 555 1696 618; x_wconf 85' lang='lat' dir='ltr'><strong>animal-</strong></span> 
     </span>
     <span class='ocr_line' id='line_1_4' title="bbox 342 640 1697 724; baseline -0.002 -15"><span class='ocrx_word' id='word_1_26' title='bbox 342 646 454 718; x_wconf 89' lang='lat' dir='ltr'><strong>culnm,</strong></span> <span class='ocrx_word' id='word_1_27' title='bbox 488 644 541 706; x_wconf 89' lang='lat' dir='ltr'><strong>sed</strong></span> <span class='ocrx_word' id='word_1_28' title='bbox 564 643 676 704; x_wconf 89' lang='lat' dir='ltr'><strong>idolum</strong></span> <span class='ocrx_word' id='word_1_29' title='bbox 699 640 915 722; x_wconf 89' lang='lat' dir='ltr'><strong>qualecunque,</strong></span> <span class='ocrx_word' id='word_1_30' title='bbox 950 641 1041 703; x_wconf 90' lang='lat' dir='ltr'><strong>etiam</strong></span> <span class='ocrx_word' id='word_1_31' title='bbox 1072 642 1215 714; x_wconf 87' lang='lat' dir='ltr'><strong>hominis,</strong></span> <span class='ocrx_word' id='word_1_32' title='bbox 1247 661 1301 704; x_wconf 90' lang='lat' dir='ltr'><strong>seu</strong></span> <span class='ocrx_word' id='word_1_33' title='bbox 1332 642 1445 724; x_wconf 87' lang='lat' dir='ltr'><strong>pictum</strong></span> <span class='ocrx_word' id='word_1_34' title='bbox 1469 661 1523 704; x_wconf 89' lang='lat' dir='ltr'><strong>sen</strong></span> <span class='ocrx_word' id='word_1_35' title='bbox 1545 643 1697 724; x_wconf 83' lang='lat' dir='ltr'><strong>sculptum</strong></span> 
     </span>
     <span class='ocr_line' id='line_1_5' title="bbox 342 725 1696 811; baseline -0.001 -14"><span class='ocrx_word' id='word_1_36' title='bbox 342 753 396 798; x_wconf 88' lang='lat' dir='ltr'><strong>seu</strong></span> <span class='ocrx_word' id='word_1_37' title='bbox 419 734 525 794; x_wconf 85' lang='lat' dir='ltr'><strong>lusum.</strong></span> <span class='ocrx_word' id='word_1_38' title='bbox 571 733 638 794; x_wconf 88' lang='lat' dir='ltr'><strong>Hoc</strong></span> <span class='ocrx_word' id='word_1_39' title='bbox 670 747 761 792; x_wconf 83' lang='lat' dir='ltr'><strong>senen</strong></span> <span class='ocrx_word' id='word_1_40' title='bbox 791 749 829 792; x_wconf 78' lang='lat' dir='ltr'><strong>cc</strong></span> <span class='ocrx_word' id='word_1_41' title='bbox 851 725 941 802; x_wconf 74' lang='grc' dir='ltr'><strong><em>ζωδια</em></strong></span> <span class='ocrx_word' id='word_1_42' title='bbox 963 739 1118 792; x_wconf 87' lang='lat' dir='ltr'><strong>sumuntur</strong></span> <span class='ocrx_word' id='word_1_43' title='bbox 1145 733 1225 811; x_wconf 88' lang='lat' dir='ltr'><strong>apud</strong></span> <span class='ocrx_word' id='word_1_44' title='bbox 1247 731 1399 792; x_wconf 82' lang='lat' dir='ltr'>Heronem</span> <span class='ocrx_word' id='word_1_45' title='bbox 1429 731 1459 793; x_wconf 92' lang='lat' dir='ltr'><strong>iu</strong></span> <span class='ocrx_word' id='word_1_46' title='bbox 1491 731 1696 811; x_wconf 79' lang='lat' dir='ltr'><strong>spiritalibns3</strong></span> 
     </span>
     <span class='ocr_line' id='line_1_6' title="bbox 342 816 1696 898; baseline -0.001 -13"><span class='ocrx_word' id='word_1_47' title='bbox 342 823 400 885; x_wconf 92' lang='lat' dir='ltr'><strong>hoc</strong></span> <span class='ocrx_word' id='word_1_48' title='bbox 422 839 512 883; x_wconf 90' lang='lat' dir='ltr'><strong>sensu</strong></span> <span class='ocrx_word' id='word_1_49' title='bbox 535 819 628 883; x_wconf 88' lang='lat' dir='ltr'><strong>etiam</strong></span> <span class='ocrx_word' id='word_1_50' title='bbox 642 817 750 882; x_wconf 83' lang='lat' dir='ltr'><strong>Cicero</strong></span> <span class='ocrx_word' id='word_1_51' title='bbox 769 817 879 897; x_wconf 89' lang='lat' dir='ltr'><strong>aliique</strong></span> <span class='ocrx_word' id='word_1_52' title='bbox 893 816 998 880; x_wconf 89' lang='lat' dir='ltr'><strong>Latini</strong></span> <span class='ocrx_word' id='word_1_53' title='bbox 1019 819 1182 898; x_wconf 79' lang='lat' dir='ltr'><strong>scriptores</strong></span> <span class='ocrx_word' id='word_1_54' title='bbox 1205 837 1280 880; x_wconf 90' lang='lat' dir='ltr'><strong>voce</strong></span> <span class='ocrx_word' id='word_1_55' title='bbox 1303 817 1408 898; x_wconf 79' lang='lat' dir='ltr'><strong>signa</strong></span> <span class='ocrx_word' id='word_1_56' title='bbox 1429 827 1562 883; x_wconf 86' lang='lat' dir='ltr'><strong>utuntur.</strong></span> <span class='ocrx_word' id='word_1_57' title='bbox 1596 823 1696 884; x_wconf 82' lang='lat' dir='ltr'><strong>Arata</strong></span> 
     </span>
     <span class='ocr_line' id='line_1_7' title="bbox 339 905 1696 992; baseline -0.001 -19"><span class='ocrx_word' id='word_1_58' title='bbox 339 911 458 992; x_wconf 88' lang='lat' dir='ltr'><strong>quidem</strong></span> <span class='ocrx_word' id='word_1_59' title='bbox 481 911 606 972; x_wconf 80' lang='lat' dir='ltr'><strong>fixarum</strong></span> <span class='ocrx_word' id='word_1_60' title='bbox 630 905 844 989; x_wconf 89' lang='lat' dir='ltr'><strong>dispositiones</strong></span> <span class='ocrx_word' id='word_1_61' title='bbox 867 913 938 968; x_wconf 89' lang='lat' dir='ltr'><strong>suut</strong></span> <span class='ocrx_word' id='word_1_62' title='bbox 969 928 1087 984; x_wconf 76' lang='grc' dir='ltr'><em>σηματα</em></span> <span class='ocrx_word' id='word_1_63' title='bbox 1118 907 1316 970; x_wconf 89' lang='lat' dir='ltr'><strong>membrorum</strong></span> <span class='ocrx_word' id='word_1_64' title='bbox 1349 907 1378 969; x_wconf 90' lang='lat' dir='ltr'><strong>in</strong></span> <span class='ocrx_word' id='word_1_65' title='bbox 1411 907 1608 972; x_wconf 84' lang='lat' dir='ltr'><strong>animalibus:</strong></span> <span class='ocrx_word' id='word_1_66' title='bbox 1640 909 1696 974; x_wconf 81' lang='lat' dir='ltr'><strong>&#39;sed</strong></span> 
     </span>
     <span class='ocr_line' id='line_1_8' title="bbox 339 993 1696 1077; baseline -0.002 -15"><span class='ocrx_word' id='word_1_67' title='bbox 339 1018 398 1062; x_wconf 91' lang='lat' dir='ltr'><strong>non</strong></span> <span class='ocrx_word' id='word_1_68' title='bbox 422 1005 471 1061; x_wconf 90' lang='lat' dir='ltr'><strong>est</strong></span> <span class='ocrx_word' id='word_1_69' title='bbox 492 997 654 1060; x_wconf 84' lang='lat' dir='ltr'><strong>verisimile</strong></span> <span class='ocrx_word' id='word_1_70' title='bbox 678 1016 758 1071; x_wconf 88' lang='lat' dir='ltr'><strong>eum,</strong></span> <span class='ocrx_word' id='word_1_71' title='bbox 792 994 841 1077; x_wconf 90' lang='lat' dir='ltr'><strong>qui</strong></span> <span class='ocrx_word' id='word_1_72' title='bbox 873 993 987 1075; x_wconf 90' lang='lat' dir='ltr'><strong>primus</strong></span> <span class='ocrx_word' id='word_1_73' title='bbox 1014 995 1091 1057; x_wconf 83' lang='lat' dir='ltr'>dixit</span> <span class='ocrx_word' id='word_1_74' title='bbox 1120 997 1208 1076; x_wconf 80' lang='lat' dir='ltr'><strong>signa</strong></span> <span class='ocrx_word' id='word_1_75' title='bbox 1231 994 1390 1071; x_wconf 86' lang='lat' dir='ltr'><strong>coelestia,</strong></span> <span class='ocrx_word' id='word_1_76' title='bbox 1423 997 1463 1058; x_wconf 88' lang='lat' dir='ltr'><strong>ad</strong></span> <span class='ocrx_word' id='word_1_77' title='bbox 1485 1015 1590 1059; x_wconf 88' lang='lat' dir='ltr'><strong>vocem</strong></span> <span class='ocrx_word' id='word_1_78' title='bbox 1613 1019 1696 1074; x_wconf 77' lang='lat' dir='ltr'><strong>aqna</strong></span> 
     </span>
     <span class='ocr_line' id='line_1_9' title="bbox 336 1079 1695 1169; baseline -0.001 -19"><span class='ocrx_word' id='word_1_79' title='bbox 336 1088 437 1169; x_wconf 87' lang='lat' dir='ltr'><strong>potins</strong></span> <span class='ocrx_word' id='word_1_80' title='bbox 462 1087 642 1168; x_wconf 84' lang='lat' dir='ltr'><strong>respexisse.</strong></span> <span class='ocrx_word' id='word_1_81' title='bbox 667 1103 756 1166; x_wconf 88' lang='lat' dir='ltr'><strong>qnam</strong></span> <span class='ocrx_word' id='word_1_82' title='bbox 780 1084 819 1146; x_wconf 86' lang='lat' dir='ltr'><strong>ad</strong></span> <span class='ocrx_word' id='word_1_83' title='bbox 842 1101 947 1145; x_wconf 87' lang='lat' dir='ltr'><strong>vocem</strong></span> <span class='ocrx_word' id='word_1_84' title='bbox 968 1079 1081 1156; x_wconf 75' lang='grc' dir='ltr'><strong><em>ζωόιω.</em></strong></span> <span class='ocrx_word' id='word_1_85' title='bbox 1129 1083 1188 1155; x_wconf 82' lang='lat' dir='ltr'><strong>Qui</strong></span> <span class='ocrx_word' id='word_1_86' title='bbox 1214 1103 1287 1146; x_wconf 86' lang='lat' dir='ltr'><strong>vero</strong></span> <span class='ocrx_word' id='word_1_87' title='bbox 1311 1083 1466 1146; x_wconf 76' lang='lat' dir='ltr'><strong>duodecim</strong></span> <span class='ocrx_word' id='word_1_88' title='bbox 1499 1085 1588 1166; x_wconf 83' lang='lat' dir='ltr'><strong>signa</strong></span> <span class='ocrx_word' id='word_1_89' title='bbox 1611 1085 1695 1148; x_wconf 84' lang='lat' dir='ltr'><strong>Ger·</strong></span> 
     </span>
     <span class='ocr_line' id='line_1_10' title="bbox 337 1171 1694 1253; baseline -0.002 -14"><span class='ocrx_word' id='word_1_90' title='bbox 337 1178 453 1240; x_wconf 90' lang='lat' dir='ltr'><strong>manice</strong></span> <span class='ocrx_word' id='word_1_91' title='bbox 476 1177 570 1239; x_wconf 86' lang='lat' dir='ltr'><strong>vertit</strong></span> <span class='ocrx_word' id='word_1_92' title='bbox 592 1176 660 1238; x_wconf 91' lang='lat' dir='ltr'><strong>die·</strong></span> <span class='ocrx_word' id='word_1_93' title='bbox 684 1172 793 1236; x_wconf 80' lang='lat' dir='ltr'><strong>nndlf</strong></span> <span class='ocrx_word' id='word_1_94' title='bbox 817 1171 990 1248; x_wconf 87' lang='lat' dir='ltr'><strong>Zeioheu,</strong></span> <span class='ocrx_word' id='word_1_95' title='bbox 1015 1181 1067 1234; x_wconf 86' lang='lat' dir='ltr'><strong>aut</strong></span> <span class='ocrx_word' id='word_1_96' title='bbox 1089 1191 1147 1236; x_wconf 91' lang='lat' dir='ltr'><strong>non</strong></span> <span class='ocrx_word' id='word_1_97' title='bbox 1168 1172 1299 1236; x_wconf 86' lang='lat' dir='ltr'><strong>attendit</strong></span> <span class='ocrx_word' id='word_1_98' title='bbox 1313 1173 1350 1234; x_wconf 90' lang='lat' dir='ltr'><strong>ad</strong></span> <span class='ocrx_word' id='word_1_99' title='bbox 1366 1171 1525 1252; x_wconf 83' lang='lat' dir='ltr'><strong>genuinum</strong></span> <span class='ocrx_word' id='word_1_100' title='bbox 1539 1173 1694 1253; x_wconf 83' lang='lat' dir='ltr'><strong>significa-</strong></span> 
     </span>
     <span class='ocr_line' id='line_1_11' title="bbox 337 1259 1695 1346; baseline -0.004 -16"><span class='ocrx_word' id='word_1_101' title='bbox 337 1275 400 1330; x_wconf 90' lang='lat' dir='ltr'><strong>tum</strong></span> <span class='ocrx_word' id='word_1_102' title='bbox 423 1266 508 1329; x_wconf 90' lang='lat' dir='ltr'><strong>vocis</strong></span> <span class='ocrx_word' id='word_1_103' title='bbox 531 1264 691 1346; x_wconf 83' lang='lat' dir='ltr'><strong>signum,</strong></span> <span class='ocrx_word' id='word_1_104' title='bbox 716 1281 791 1342; x_wconf 89' lang='lat' dir='ltr'><strong>quae</strong></span> <span class='ocrx_word' id='word_1_105' title='bbox 814 1261 871 1323; x_wconf 90' lang='lat' dir='ltr'><strong>hoc</strong></span> <span class='ocrx_word' id='word_1_106' title='bbox 895 1261 960 1322; x_wconf 89' lang='lat' dir='ltr'><strong>loco</strong></span> <span class='ocrx_word' id='word_1_107' title='bbox 984 1262 1063 1323; x_wconf 91' lang='lat' dir='ltr'><strong>idem</strong></span> <span class='ocrx_word' id='word_1_108' title='bbox 1087 1261 1165 1342; x_wconf 93' lang='lat' dir='ltr'><strong>quod</strong></span> <span class='ocrx_word' id='word_1_109' title='bbox 1188 1259 1299 1336; x_wconf 69' lang='grc' dir='ltr'><strong><em>ζωὸιον,</em></strong></span> <span class='ocrx_word' id='word_1_110' title='bbox 1317 1262 1480 1343; x_wconf 84' lang='lat' dir='ltr'><strong>siguificat,</strong></span> <span class='ocrx_word' id='word_1_111' title='bbox 1512 1260 1695 1328; x_wconf 70' lang='lat' dir='ltr'>Germanice</span> 
     </span>
     <span class='ocr_line' id='line_1_12' title="bbox 335 1349 1694 1431; baseline -0.003 -13"><span class='ocrx_word' id='word_1_112' title='bbox 335 1355 438 1418; x_wconf 90' lang='lat' dir='ltr'><strong>Bild:</strong></span> <span class='ocrx_word' id='word_1_113' title='bbox 464 1363 518 1418; x_wconf 90' lang='lat' dir='ltr'><strong>ant</strong></span> <span class='ocrx_word' id='word_1_114' title='bbox 539 1371 599 1417; x_wconf 81' lang='lat' dir='ltr'><strong>vox</strong></span> <span class='ocrx_word' id='word_1_115' title='bbox 622 1351 784 1414; x_wconf 91' lang='lat' dir='ltr'><strong>Zeichen</strong></span> <span class='ocrx_word' id='word_1_116' title='bbox 808 1349 899 1412; x_wconf 85' lang='lat' dir='ltr'><strong>latior</strong></span> <span class='ocrx_word' id='word_1_117' title='bbox 922 1349 993 1412; x_wconf 88' lang='lat' dir='ltr'><strong>olim</strong></span> <span class='ocrx_word' id='word_1_118' title='bbox 1018 1349 1073 1413; x_wconf 85' lang='lat' dir='ltr'><strong>fuit</strong></span> <span class='ocrx_word' id='word_1_119' title='bbox 1097 1369 1186 1431; x_wconf 84' lang='lat' dir='ltr'><strong>quam</strong></span> <span class='ocrx_word' id='word_1_120' title='bbox 1204 1351 1302 1424; x_wconf 88' lang='lat' dir='ltr'><strong>hodie,</strong></span> <span class='ocrx_word' id='word_1_121' title='bbox 1327 1350 1582 1431; x_wconf 86' lang='lat' dir='ltr'><strong>comprehendens</strong></span> <span class='ocrx_word' id='word_1_122' title='bbox 1603 1352 1694 1414; x_wconf 86' lang='lat' dir='ltr'><strong>etiarn</strong></span> 
     </span>
     <span class='ocr_line' id='line_1_13' title="bbox 337 1439 1695 1526; baseline -0.003 -18"><span class='ocrx_word' id='word_1_123' title='bbox 337 1445 537 1526; x_wconf 84' lang='lat' dir='ltr'><strong>significatum</strong></span> <span class='ocrx_word' id='word_1_124' title='bbox 561 1442 644 1504; x_wconf 90' lang='lat' dir='ltr'><strong>vocis</strong></span> <span class='ocrx_word' id='word_1_125' title='bbox 667 1439 764 1504; x_wconf 91' lang='lat' dir='ltr'><strong>Bild.</strong></span> <span class='ocrx_word' id='word_1_126' title='bbox 801 1439 900 1502; x_wconf 87' lang='lat' dir='ltr'><strong>Hodie</strong></span> <span class='ocrx_word' id='word_1_127' title='bbox 919 1457 1047 1520; x_wconf 89' lang='lat' dir='ltr'><strong>namque</strong></span> <span class='ocrx_word' id='word_1_128' title='bbox 1068 1456 1128 1500; x_wconf 85' lang='lat' dir='ltr'><strong>vox</strong></span> <span class='ocrx_word' id='word_1_129' title='bbox 1156 1439 1312 1503; x_wconf 86' lang='lat' dir='ltr'><strong>Zeichen</strong></span> <span class='ocrx_word' id='word_1_130' title='bbox 1341 1439 1491 1518; x_wconf 79' lang='lat' dir='ltr'><strong>siguificat</strong></span> <span class='ocrx_word' id='word_1_131' title='bbox 1510 1441 1695 1519; x_wconf 74' lang='lat' dir='ltr'><strong>generaliter</strong></span> 
     </span>
     <span class='ocr_line' id='line_1_14' title="bbox 335 1526 1693 1614; baseline -0.004 -18"><span class='ocrx_word' id='word_1_132' title='bbox 335 1535 384 1596; x_wconf 89' lang='lat' dir='ltr'><strong>vel</strong></span> <span class='ocrx_word' id='word_1_133' title='bbox 408 1534 549 1598; x_wconf 87' lang='lat' dir='ltr'><strong>indicium</strong></span> <span class='ocrx_word' id='word_1_134' title='bbox 574 1531 787 1614; x_wconf 88' lang='lat' dir='ltr'><strong>qualecunque,</strong></span> <span class='ocrx_word' id='word_1_135' title='bbox 811 1535 846 1590; x_wconf 90' lang='lat' dir='ltr'><strong>nt</strong></span> <span class='ocrx_word' id='word_1_136' title='bbox 859 1526 994 1589; x_wconf 76' lang='lat' dir='ltr'><strong>bubones</strong></span> <span class='ocrx_word' id='word_1_137' title='bbox 1009 1534 1041 1589; x_wconf 92' lang='lat' dir='ltr'><strong>et</strong></span> <span class='ocrx_word' id='word_1_138' title='bbox 1054 1528 1272 1590; x_wconf 80' lang='lat' dir='ltr'><strong>exanthemata</strong></span> <span class='ocrx_word' id='word_1_139' title='bbox 1287 1527 1393 1607; x_wconf 89' lang='lat' dir='ltr'><strong>pestis,</strong></span> <span class='ocrx_word' id='word_1_140' title='bbox 1417 1527 1564 1608; x_wconf 74' lang='lat' dir='ltr'><strong>genitalia</strong></span> <span class='ocrx_word' id='word_1_141' title='bbox 1586 1549 1693 1605; x_wconf 80' lang='lat' dir='ltr'><strong>sexus3</strong></span> 
     </span>
     <span class='ocr_line' id='line_1_15' title="bbox 334 1616 1693 1702; baseline -0.001 -20"><span class='ocrx_word' id='word_1_142' title='bbox 334 1625 385 1686; x_wconf 85' lang='lat' dir='ltr'><strong>vel</strong></span> <span class='ocrx_word' id='word_1_143' title='bbox 408 1632 510 1686; x_wconf 89' lang='lat' dir='ltr'><strong>notam</strong></span> <span class='ocrx_word' id='word_1_144' title='bbox 535 1621 769 1702; x_wconf 81' lang='lat' dir='ltr'><strong>qualemcunque</strong></span> <span class='ocrx_word' id='word_1_145' title='bbox 792 1616 953 1696; x_wconf 78' lang='lat' dir='ltr'><strong>scriptam,</strong></span> <span class='ocrx_word' id='word_1_146' title='bbox 985 1622 1020 1678; x_wconf 90' lang='lat' dir='ltr'><strong>nt</strong></span> <span class='ocrx_word' id='word_1_147' title='bbox 1050 1616 1242 1680; x_wconf 79' lang='lat' dir='ltr'><strong>characteres</strong></span> <span class='ocrx_word' id='word_1_148' title='bbox 1272 1617 1462 1698; x_wconf 85' lang='lat' dir='ltr'><strong>planetarum</strong></span> <span class='ocrx_word' id='word_1_149' title='bbox 1485 1625 1518 1679; x_wconf 91' lang='lat' dir='ltr'><strong>et</strong></span> <span class='ocrx_word' id='word_1_150' title='bbox 1540 1617 1693 1698; x_wconf 79' lang='lat' dir='ltr'><strong>signorum</strong></span> 
     </span>
     <span class='ocr_line' id='line_1_16' title="bbox 335 1704 1691 1793; baseline -0.004 -18"><span class='ocrx_word' id='word_1_151' title='bbox 335 1713 483 1793; x_wconf 61' lang='lat' dir='ltr'><strong>scriptum</strong></span> <span class='ocrx_word' id='word_1_152' title='bbox 507 1719 560 1773; x_wconf 88' lang='lat' dir='ltr'><strong>aut</strong></span> <span class='ocrx_word' id='word_1_153' title='bbox 583 1710 700 1789; x_wconf 77' lang='lat' dir='ltr'><strong>signnm</strong></span> <span class='ocrx_word' id='word_1_154' title='bbox 724 1706 928 1787; x_wconf 86' lang='lat' dir='ltr'><strong>qualecunque</strong></span> <span class='ocrx_word' id='word_1_155' title='bbox 942 1704 1103 1767; x_wconf 90' lang='lat' dir='ltr'><strong>memoriae</strong></span> <span class='ocrx_word' id='word_1_156' title='bbox 1122 1723 1215 1768; x_wconf 87' lang='lat' dir='ltr'><strong>causa</strong></span> <span class='ocrx_word' id='word_1_157' title='bbox 1233 1706 1422 1776; x_wconf 85' lang='lat' dir='ltr'><strong>collocatum,</strong></span> <span class='ocrx_word' id='word_1_158' title='bbox 1446 1723 1498 1768; x_wconf 87' lang='lat' dir='ltr'><strong>eeu</strong></span> <span class='ocrx_word' id='word_1_159' title='bbox 1513 1705 1544 1768; x_wconf 94' lang='lat' dir='ltr'><strong>in</strong></span> <span class='ocrx_word' id='word_1_160' title='bbox 1559 1707 1691 1788; x_wconf 90' lang='lat' dir='ltr'><strong>scriptis,</strong></span> 
     </span>
    </p>
   </div>
   <div class='ocr_carea' id='block_1_3' title="bbox 215 1791 1692 1876">
    <p class='ocr_par' dir='ltr' id='par_1_3' title="bbox 215 1791 1692 1876">
     <span class='ocr_line' id='line_1_17' title="bbox 215 1791 1692 1876; baseline -0.006 -11"><span class='ocrx_word' id='word_1_161' title='bbox 215 1847 220 1857; x_wconf 86' lang='lat'>-</span> <span class='ocrx_word' id='word_1_162' title='bbox 334 1811 368 1865; x_wconf 91' lang='lat' dir='ltr'><strong>ut</strong></span> <span class='ocrx_word' id='word_1_163' title='bbox 391 1801 525 1876; x_wconf 87' lang='lat' dir='ltr'><strong>obelisci,</strong></span> <span class='ocrx_word' id='word_1_164' title='bbox 550 1795 707 1871; x_wconf 84' lang='lat' dir='ltr'><strong>asterisci,</strong></span> <span class='ocrx_word' id='word_1_165' title='bbox 732 1811 852 1868; x_wconf 86' lang='lat' dir='ltr'><strong>manns,</strong></span> <span class='ocrx_word' id='word_1_166' title='bbox 876 1791 1009 1864; x_wconf 91' lang='lat' dir='ltr'><strong>indiculi,</strong></span> <span class='ocrx_word' id='word_1_167' title='bbox 1034 1793 1142 1856; x_wconf 88' lang='lat' dir='ltr'><strong>literae</strong></span> <span class='ocrx_word' id='word_1_168' title='bbox 1164 1795 1204 1859; x_wconf 90' lang='lat' dir='ltr'><strong>N.</strong></span> <span class='ocrx_word' id='word_1_169' title='bbox 1220 1795 1262 1869; x_wconf 92' lang='lat' dir='ltr'><strong>B;</strong></span> <span class='ocrx_word' id='word_1_170' title='bbox 1286 1813 1339 1858; x_wconf 90' lang='lat' dir='ltr'><strong>seu</strong></span> <span class='ocrx_word' id='word_1_171' title='bbox 1362 1802 1459 1870; x_wconf 84' lang='lat' dir='ltr'><strong>extra,</strong></span> <span class='ocrx_word' id='word_1_172' title='bbox 1484 1803 1518 1856; x_wconf 90' lang='lat' dir='ltr'><strong>ut</strong></span> <span class='ocrx_word' id='word_1_173' title='bbox 1535 1796 1692 1876; x_wconf 79' lang='lat' dir='ltr'><strong>congeries</strong></span> 
     </span>
    </p>
   </div>
   <div class='ocr_carea' id='block_1_4' title="bbox 332 1882 1690 2062">
    <p class='ocr_par' dir='ltr' id='par_1_4' title="bbox 332 1882 1690 2062">
     <span class='ocr_line' id='line_1_18' title="bbox 332 1882 1690 1973; baseline -0.006 -20"><span class='ocrx_word' id='word_1_174' title='bbox 332 1889 477 1973; x_wconf 89' lang='lat' dir='ltr'><strong>lapidum,</strong></span> <span class='ocrx_word' id='word_1_175' title='bbox 503 1907 618 1958; x_wconf 89' lang='lat' dir='ltr'><strong>cruces,</strong></span> <span class='ocrx_word' id='word_1_176' title='bbox 642 1883 711 1948; x_wconf 94' lang='lat' dir='ltr'><strong>nodi</strong></span> <span class='ocrx_word' id='word_1_177' title='bbox 734 1883 763 1944; x_wconf 90' lang='lat' dir='ltr'><strong>iu</strong></span> <span class='ocrx_word' id='word_1_178' title='bbox 788 1883 927 1945; x_wconf 88' lang='lat' dir='ltr'><strong>arborum</strong></span> <span class='ocrx_word' id='word_1_179' title='bbox 951 1882 1114 1957; x_wconf 82' lang='lat' dir='ltr'><strong>frondibus,</strong></span> <span class='ocrx_word' id='word_1_180' title='bbox 1139 1883 1302 1964; x_wconf 82' lang='lat' dir='ltr'><strong>stigmata,</strong></span> <span class='ocrx_word' id='word_1_181' title='bbox 1327 1883 1487 1946; x_wconf 89' lang='lat' dir='ltr'><strong>incisiones</strong></span> <span class='ocrx_word' id='word_1_182' title='bbox 1510 1892 1543 1944; x_wconf 91' lang='lat' dir='ltr'><strong>et</strong></span> <span class='ocrx_word' id='word_1_183' title='bbox 1564 1885 1690 1946; x_wconf 81' lang='lat' dir='ltr'><strong>similia:</strong></span> 
     </span>
     <span class='ocr_line' id='line_1_19' title="bbox 332 1970 1688 2062; baseline -0.005 -21"><span class='ocrx_word' id='word_1_184' title='bbox 332 1999 391 2062; x_wconf 91' lang='lat' dir='ltr'><strong>quo</strong></span> <span class='ocrx_word' id='word_1_185' title='bbox 415 1997 506 2042; x_wconf 87' lang='lat' dir='ltr'><strong>sensu</strong></span> <span class='ocrx_word' id='word_1_186' title='bbox 529 1975 625 2058; x_wconf 80' lang='lat' dir='ltr'><strong>signis</strong></span> <span class='ocrx_word' id='word_1_187' title='bbox 657 1971 840 2036; x_wconf 87' lang='lat' dir='ltr'><strong>coelestibus</strong></span> <span class='ocrx_word' id='word_1_188' title='bbox 871 1970 992 2035; x_wconf 89' lang='lat' dir='ltr'><strong>minime</strong></span> <span class='ocrx_word' id='word_1_189' title='bbox 1025 1971 1163 2051; x_wconf 85' lang='lat' dir='ltr'><strong>quadrat</strong></span> <span class='ocrx_word' id='word_1_190' title='bbox 1210 1971 1393 2060; x_wconf 75' lang='lat' dir='ltr'><strong>Specialiter</strong></span> <span class='ocrx_word' id='word_1_191' title='bbox 1424 1990 1496 2034; x_wconf 87' lang='lat' dir='ltr'><strong>vero</strong></span> <span class='ocrx_word' id='word_1_192' title='bbox 1528 1972 1688 2035; x_wconf 87' lang='lat' dir='ltr'><strong>Zeichen</strong></span> 
     </span>
    </p>
   </div>
   <div class='ocr_carea' id='block_1_5' title="bbox 330 2059 1821 2240">
    <p class='ocr_par' dir='ltr' id='par_1_5' title="bbox 330 2059 1821 2240">
     <span class='ocr_line' id='line_1_20' title="bbox 333 2059 1821 2142; baseline -0.007 -10"><span class='ocrx_word' id='word_1_193' title='bbox 333 2067 495 2132; x_wconf 86' lang='lat' dir='ltr'><strong>Germanis</strong></span> <span class='ocrx_word' id='word_1_194' title='bbox 519 2072 610 2128; x_wconf 87' lang='lat' dir='ltr'><strong>sonat</strong></span> <span class='ocrx_word' id='word_1_195' title='bbox 632 2069 786 2126; x_wconf 83' lang='lat' dir='ltr'><strong>ostentum</strong></span> <span class='ocrx_word' id='word_1_196' title='bbox 807 2059 955 2136; x_wconf 88' lang='lat' dir='ltr'><strong>coeleste,</strong></span> <span class='ocrx_word' id='word_1_197' title='bbox 979 2067 1166 2142; x_wconf 85' lang='lat' dir='ltr'><strong>portentum,</strong></span> <span class='ocrx_word' id='word_1_198' title='bbox 1190 2061 1381 2135; x_wconf 83' lang='lat' dir='ltr'><strong>miracnlnm3</strong></span> <span class='ocrx_word' id='word_1_199' title='bbox 1411 2079 1527 2124; x_wconf 89' lang='lat' dir='ltr'><strong>rursum</strong></span> <span class='ocrx_word' id='word_1_200' title='bbox 1549 2080 1608 2124; x_wconf 92' lang='lat' dir='ltr'><strong>non</strong></span> <span class='ocrx_word' id='word_1_201' title='bbox 1631 2061 1688 2123; x_wconf 84' lang='lat' dir='ltr'><strong>ad-</strong></span> <span class='ocrx_word' id='word_1_202' title='bbox 1820 2097 1821 2106; x_wconf 27' lang='grc' dir='ltr'><strong>κ</strong></span> 
     </span>
     <span class='ocr_line' id='line_1_21' title="bbox 330 2147 1821 2240; baseline -0.007 -19"><span class='ocrx_word' id='word_1_203' title='bbox 330 2158 451 2221; x_wconf 87' lang='lat' dir='ltr'><strong>modum</strong></span> <span class='ocrx_word' id='word_1_204' title='bbox 473 2155 593 2236; x_wconf 88' lang='lat' dir='ltr'><strong>proprie</strong></span> <span class='ocrx_word' id='word_1_205' title='bbox 618 2153 656 2215; x_wconf 87' lang='lat' dir='ltr'><strong>de</strong></span> <span class='ocrx_word' id='word_1_206' title='bbox 680 2150 775 2231; x_wconf 78' lang='lat' dir='ltr'><strong>signis</strong></span> <span class='ocrx_word' id='word_1_207' title='bbox 797 2147 924 2224; x_wconf 85' lang='lat' dir='ltr'><strong>zodiaci,</strong></span> <span class='ocrx_word' id='word_1_208' title='bbox 947 2155 1035 2210; x_wconf 84' lang='lat' dir='ltr'><strong>tanto</strong></span> <span class='ocrx_word' id='word_1_209' title='bbox 1057 2156 1159 2212; x_wconf 61' lang='lat' dir='ltr'><strong>nmen</strong></span> <span class='ocrx_word' id='word_1_210' title='bbox 1182 2149 1370 2213; x_wconf 87' lang='lat' dir='ltr'><strong>tolerabilius</strong></span> <span class='ocrx_word' id='word_1_211' title='bbox 1393 2155 1506 2240; x_wconf 87' lang='lat' dir='ltr'><strong>quanto</strong></span> <span class='ocrx_word' id='word_1_212' title='bbox 1528 2158 1688 2231; x_wconf 83' lang='lat' dir='ltr'><strong>portentu-</strong></span> <span class='ocrx_word' id='word_1_213' title='bbox 1820 2223 1821 2240; x_wconf 12' lang='grc' dir='ltr'>χ</span> 
     </span>
    </p>
   </div>
   <div class='ocr_carea' id='block_1_6' title="bbox 332 2237 1072 2320">
    <p class='ocr_par' dir='ltr' id='par_1_6' title="bbox 332 2237 1072 2320">
     <span class='ocr_line' id='line_1_22' title="bbox 332 2237 1072 2320; baseline -0.012 -10"><span class='ocrx_word' id='word_1_214' title='bbox 332 2247 414 2310; x_wconf 86' lang='lat' dir='ltr'><strong>siora</strong></span> <span class='ocrx_word' id='word_1_215' title='bbox 435 2246 466 2309; x_wconf 91' lang='lat' dir='ltr'><strong>in</strong></span> <span class='ocrx_word' id='word_1_216' title='bbox 490 2243 575 2306; x_wconf 87' lang='lat' dir='ltr'><strong>coelo</strong></span> <span class='ocrx_word' id='word_1_217' title='bbox 597 2247 733 2305; x_wconf 87' lang='lat' dir='ltr'><strong>monstra</strong></span> <span class='ocrx_word' id='word_1_218' title='bbox 755 2238 892 2300; x_wconf 84' lang='lat' dir='ltr'><strong>duximus</strong></span> <span class='ocrx_word' id='word_1_219' title='bbox 916 2237 1072 2320; x_wconf 83' lang='lat' dir='ltr'><strong>astrologi.</strong></span> 
     </span>
    </p>
   </div>
   <div class='ocr_carea' id='block_1_7' title="bbox 920 2513 1096 2526">
    <p class='ocr_par' dir='ltr' id='par_1_7' title="bbox 920 2513 1096 2526">
     <span class='ocr_line' id='line_1_23' title="bbox 920 2513 1096 2526; baseline -0.023 0"><span class='ocrx_word' id='word_1_220' title='bbox 920 2513 1096 2526; x_wconf 54' lang='grc' dir='ltr'><strong>,ηιμ-αα·</strong></span> 
     </span>
    </p>
   </div>
   <div class='ocr_carea' id='block_1_8' title="bbox 902 2749 1112 2850">
    <p class='ocr_par' dir='ltr' id='par_1_8' title="bbox 902 2749 1112 2850">
     <span class='ocr_line' id='line_1_24' title="bbox 902 2749 1112 2850; baseline -0.014 -25"><span class='ocrx_word' id='word_1_221' title='bbox 902 2749 1023 2850; x_wconf 82' lang='lat' dir='ltr'><strong>Caput</strong></span> <span class='ocrx_word' id='word_1_222' title='bbox 1049 2749 1112 2824; x_wconf 92' lang='lat' dir='ltr'><strong>VI.</strong></span> 
     </span>
    </p>
   </div>
   <div class='ocr_carea' id='block_1_9' title="bbox 329 2925 1685 3082">
    <p class='ocr_par' dir='ltr' id='par_1_9' title="bbox 329 2925 1685 3082">
     <span class='ocr_line' id='line_1_25' title="bbox 329 2925 1685 3016; baseline -0.013 -5"><span class='ocrx_word' id='word_1_223' title='bbox 329 2941 631 3010; x_wconf 70' lang='lat' dir='ltr'><strong>Deoooceaeonao</strong></span> <span class='ocrx_word' id='word_1_224' title='bbox 662 2933 875 3016; x_wconf 65' lang='lat' dir='ltr'><strong>diaconorum</strong></span> <span class='ocrx_word' id='word_1_225' title='bbox 904 2931 943 2992; x_wconf 87' lang='lat' dir='ltr'><strong>cb</strong></span> <span class='ocrx_word' id='word_1_226' title='bbox 978 2925 1139 2992; x_wconf 66' lang='lat' dir='ltr'><strong>clamidis</strong></span> <span class='ocrx_word' id='word_1_227' title='bbox 1166 2949 1232 2994; x_wconf 81' lang='lat' dir='ltr'><strong>noo</strong></span> <span class='ocrx_word' id='word_1_228' title='bbox 1262 2948 1328 2991; x_wconf 82' lang='lat' dir='ltr'><strong>eece</strong></span> <span class='ocrx_word' id='word_1_229' title='bbox 1356 2949 1397 2994; x_wconf 82' lang='lat' dir='ltr'><strong>ec</strong></span> <span class='ocrx_word' id='word_1_230' title='bbox 1423 2951 1532 2996; x_wconf 82' lang='lat' dir='ltr'><strong>rerrnn</strong></span> <span class='ocrx_word' id='word_1_231' title='bbox 1559 2937 1685 3007; x_wconf 76' lang='lat' dir='ltr'><strong>nature,</strong></span> 
     </span>
     <span class='ocr_line' id='line_1_26' title="bbox 772 3017 1241 3082; baseline -0.006 -1"><span class='ocrx_word' id='word_1_232' title='bbox 772 3019 830 3082; x_wconf 86' lang='lat' dir='ltr'><strong>aed</strong></span> <span class='ocrx_word' id='word_1_233' title='bbox 851 3038 892 3082; x_wconf 76' lang='lat' dir='ltr'><strong>erc</strong></span> <span class='ocrx_word' id='word_1_234' title='bbox 914 3017 1048 3080; x_wconf 67' lang='lat' dir='ltr'><strong>mbitrc&#39;o</strong></span> <span class='ocrx_word' id='word_1_235' title='bbox 1071 3017 1241 3082; x_wconf 60' lang='lat' dir='ltr'><strong>domnam.</strong></span> 
     </span>
    </p>
   </div>
   <div class='ocr_carea' id='block_1_10' title="bbox 329 3175 1685 3532">
    <p class='ocr_par' dir='ltr' id='par_1_10' title="bbox 329 3175 1685 3449">
     <span class='ocr_line' id='line_1_27' title="bbox 418 3175 1685 3260; baseline -0.02 -7"><span class='ocrx_word' id='word_1_236' title='bbox 418 3189 522 3253; x_wconf 85' lang='lat' dir='ltr'><strong>Tertio</strong></span> <span class='ocrx_word' id='word_1_237' title='bbox 554 3188 619 3248; x_wconf 88' lang='lat' dir='ltr'><strong>loco</strong></span> <span class='ocrx_word' id='word_1_238' title='bbox 652 3178 831 3260; x_wconf 87' lang='lat' dir='ltr'><strong>explicanda</strong></span> <span class='ocrx_word' id='word_1_239' title='bbox 862 3184 912 3239; x_wconf 88' lang='lat' dir='ltr'><strong>est</strong></span> <span class='ocrx_word' id='word_1_240' title='bbox 942 3175 1026 3256; x_wconf 82' lang='lat' dir='ltr'><strong>origo</strong></span> <span class='ocrx_word' id='word_1_241' title='bbox 1058 3175 1341 3240; x_wconf 88' lang='lat' dir='ltr'><strong>denominationum.</strong></span> <span class='ocrx_word' id='word_1_242' title='bbox 1402 3175 1499 3258; x_wconf 59' lang='lat' dir='ltr'><strong>Signa</strong></span> <span class='ocrx_word' id='word_1_243' title='bbox 1536 3179 1615 3242; x_wconf 71' lang='lat' dir='ltr'><strong>enim</strong></span> <span class='ocrx_word' id='word_1_244' title='bbox 1646 3177 1685 3240; x_wconf 60' lang='lat' dir='ltr'><strong>ab</strong></span> 
     </span>
     <span class='ocr_line' id='line_1_28' title="bbox 329 3263 1684 3359; baseline -0.013 -17"><span class='ocrx_word' id='word_1_245' title='bbox 329 3277 493 3359; x_wconf 75' lang='lat' dir='ltr'><strong>astrologis</strong></span> <span class='ocrx_word' id='word_1_246' title='bbox 521 3276 584 3338; x_wconf 87' lang='lat' dir='ltr'><strong>alia</strong></span> <span class='ocrx_word' id='word_1_247' title='bbox 610 3271 701 3353; x_wconf 78' lang='lat' dir='ltr'><strong>ignea</strong></span> <span class='ocrx_word' id='word_1_248' title='bbox 722 3266 931 3348; x_wconf 89' lang='lat' dir='ltr'><strong>perhibentur,</strong></span> <span class='ocrx_word' id='word_1_249' title='bbox 964 3273 998 3328; x_wconf 91' lang='lat' dir='ltr'><strong>nt</strong></span> <span class='ocrx_word' id='word_1_250' title='bbox 1027 3265 1106 3345; x_wconf 94' lang='lat' dir='ltr'><strong>quod</strong></span> <span class='ocrx_word' id='word_1_251' title='bbox 1134 3264 1199 3346; x_wconf 84' lang='lat' dir='ltr'><strong>jani</strong></span> <span class='ocrx_word' id='word_1_252' title='bbox 1227 3263 1359 3348; x_wconf 81' lang='lat' dir='ltr'><strong>incipere</strong></span> <span class='ocrx_word' id='word_1_253' title='bbox 1390 3267 1499 3332; x_wconf 92' lang='lat' dir='ltr'><strong>dicitur</strong></span> <span class='ocrx_word' id='word_1_254' title='bbox 1523 3267 1684 3350; x_wconf 82' lang='lat' dir='ltr'><strong>triplicitas</strong></span> 
     </span>
     <span class='ocr_line' id='line_1_29' title="bbox 329 3353 1065 3449; baseline -0.023 -16"><span class='ocrx_word' id='word_1_255' title='bbox 329 3369 430 3449; x_wconf 78' lang='lat' dir='ltr'><strong>ignea,</strong></span> <span class='ocrx_word' id='word_1_256' title='bbox 453 3366 515 3428; x_wconf 88' lang='lat' dir='ltr'><strong>alia</strong></span> <span class='ocrx_word' id='word_1_257' title='bbox 538 3361 631 3434; x_wconf 73' lang='lat' dir='ltr'><strong>atria,</strong></span> <span class='ocrx_word' id='word_1_258' title='bbox 657 3359 718 3421; x_wconf 86' lang='lat' dir='ltr'><strong>alia</strong></span> <span class='ocrx_word' id='word_1_259' title='bbox 741 3374 848 3438; x_wconf 86' lang='lat' dir='ltr'><strong>aquea,</strong></span> <span class='ocrx_word' id='word_1_260' title='bbox 872 3353 934 3416; x_wconf 89' lang='lat' dir='ltr'><strong>alia</strong></span> <span class='ocrx_word' id='word_1_261' title='bbox 957 3361 1065 3417; x_wconf 91' lang='lat' dir='ltr'><strong>terrea.</strong></span> 
     </span>
    </p>

    <p class='ocr_par' dir='ltr' id='par_1_11' title="bbox 418 3439 1685 3532">
     <span class='ocr_line' id='line_1_30' title="bbox 418 3439 1685 3532; baseline -0.013 -11"><span class='ocrx_word' id='word_1_262' title='bbox 418 3457 522 3522; x_wconf 81' lang='lat' dir='ltr'><strong>Causa</strong></span> <span class='ocrx_word' id='word_1_263' title='bbox 543 3451 644 3532; x_wconf 77' lang='lat' dir='ltr'><strong>igitur,</strong></span> <span class='ocrx_word' id='word_1_264' title='bbox 668 3466 720 3509; x_wconf 92' lang='lat' dir='ltr'><strong>cur</strong></span> <span class='ocrx_word' id='word_1_265' title='bbox 743 3443 838 3524; x_wconf 77' lang='lat' dir='ltr'><strong>siguis</strong></span> <span class='ocrx_word' id='word_1_266' title='bbox 860 3443 918 3504; x_wconf 89' lang='lat' dir='ltr'><strong>hae</strong></span> <span class='ocrx_word' id='word_1_267' title='bbox 942 3443 1054 3504; x_wconf 84' lang='lat' dir='ltr'><strong>luerint</strong></span> <span class='ocrx_word' id='word_1_268' title='bbox 1075 3439 1239 3502; x_wconf 86' lang='lat' dir='ltr'><strong>attributae</strong></span> <span class='ocrx_word' id='word_1_269' title='bbox 1255 3441 1525 3519; x_wconf 66' lang='lat' dir='ltr'><strong>denominationes</strong></span> <span class='ocrx_word' id='word_1_270' title='bbox 1548 3444 1685 3525; x_wconf 85' lang='lat' dir='ltr'><strong>conjectu</strong></span> 
     </span>
    </p>
   </div>
   <div class='ocr_carea' id='block_1_11' title="bbox 194 3527 1685 3614">
    <p class='ocr_par' dir='ltr' id='par_1_12' title="bbox 194 3527 1685 3614">
     <span class='ocr_line' id='line_1_31' title="bbox 194 3527 1685 3614; baseline -0.013 0"><span class='ocrx_word' id='word_1_271' title='bbox 194 3578 202 3602; x_wconf 66' lang='grc' dir='ltr'><em>ι</em></span> <span class='ocrx_word' id='word_1_272' title='bbox 328 3557 377 3613; x_wconf 89' lang='lat' dir='ltr'><strong>est</strong></span> <span class='ocrx_word' id='word_1_273' title='bbox 400 3545 509 3611; x_wconf 79' lang='lat' dir='ltr'><strong>facilis.</strong></span> <span class='ocrx_word' id='word_1_274' title='bbox 556 3539 653 3603; x_wconf 89' lang='lat' dir='ltr'><strong>Omne</strong></span> <span class='ocrx_word' id='word_1_275' title='bbox 677 3553 771 3614; x_wconf 79' lang='lat' dir='ltr'><strong>genus</strong></span> <span class='ocrx_word' id='word_1_276' title='bbox 793 3532 954 3594; x_wconf 88' lang='lat' dir='ltr'><strong>humanum</strong></span> <span class='ocrx_word' id='word_1_277' title='bbox 988 3530 1058 3593; x_wconf 88' lang='lat' dir='ltr'><strong>iude</strong></span> <span class='ocrx_word' id='word_1_278' title='bbox 1086 3549 1106 3590; x_wconf 90' lang='lat' dir='ltr'><strong>a</strong></span> <span class='ocrx_word' id='word_1_279' title='bbox 1137 3527 1235 3608; x_wconf 90' lang='lat' dir='ltr'><strong>prima</strong></span> <span class='ocrx_word' id='word_1_280' title='bbox 1267 3530 1380 3612; x_wconf 81' lang='lat' dir='ltr'><strong>origine</strong></span> <span class='ocrx_word' id='word_1_281' title='bbox 1413 3530 1537 3612; x_wconf 82' lang='lat' dir='ltr'><strong>agnovit</strong></span> <span class='ocrx_word' id='word_1_282' title='bbox 1568 3541 1600 3594; x_wconf 96' lang='lat' dir='ltr'><strong>et</strong></span> <span class='ocrx_word' id='word_1_283' title='bbox 1630 3551 1685 3614; x_wconf 91' lang='lat' dir='ltr'><strong>pro</strong></span> 
     </span>
    </p>
   </div>
   <div class='ocr_carea' id='block_1_12' title="bbox 325 3617 1686 4072">
    <p class='ocr_par' dir='ltr' id='par_1_13' title="bbox 325 3617 1686 4072">
     <span class='ocr_line' id='line_1_32' title="bbox 327 3617 1684 3711; baseline -0.015 -9"><span class='ocrx_word' id='word_1_284' title='bbox 327 3639 467 3702; x_wconf 79' lang='lat' dir='ltr'><strong>confesso</strong></span> <span class='ocrx_word' id='word_1_285' title='bbox 491 3626 665 3711; x_wconf 88' lang='lat' dir='ltr'><strong>usurparit,</strong></span> <span class='ocrx_word' id='word_1_286' title='bbox 692 3626 893 3702; x_wconf 88' lang='lat' dir='ltr'><strong>tempestates</strong></span> <span class='ocrx_word' id='word_1_287' title='bbox 917 3639 1033 3682; x_wconf 89' lang='lat' dir='ltr'><strong>auunas</strong></span> <span class='ocrx_word' id='word_1_288' title='bbox 1057 3635 1095 3680; x_wconf 87' lang='lat' dir='ltr'><strong>ex</strong></span> <span class='ocrx_word' id='word_1_289' title='bbox 1118 3617 1203 3679; x_wconf 86' lang='lat' dir='ltr'><strong>coelo</strong></span> <span class='ocrx_word' id='word_1_290' title='bbox 1226 3619 1345 3684; x_wconf 88' lang='lat' dir='ltr'><strong>variari.</strong></span> <span class='ocrx_word' id='word_1_291' title='bbox 1393 3620 1427 3682; x_wconf 94' lang='lat' dir='ltr'><strong>In</strong></span> <span class='ocrx_word' id='word_1_292' title='bbox 1451 3621 1684 3702; x_wconf 84' lang='lat' dir='ltr'><strong>tempestatibus</strong></span> 
     </span>
     <span class='ocr_line' id='line_1_33' title="bbox 325 3705 1684 3798; baseline -0.014 -8"><span class='ocrx_word' id='word_1_293' title='bbox 325 3746 396 3790; x_wconf 88' lang='lat' dir='ltr'><strong>vero</strong></span> <span class='ocrx_word' id='word_1_294' title='bbox 421 3724 492 3789; x_wconf 89' lang='lat' dir='ltr'><strong>anni</strong></span> <span class='ocrx_word' id='word_1_295' title='bbox 515 3723 573 3784; x_wconf 89' lang='lat' dir='ltr'><strong>bae</strong></span> <span class='ocrx_word' id='word_1_296' title='bbox 597 3723 726 3798; x_wconf 84' lang='lat' dir='ltr'><strong>quatuor</strong></span> <span class='ocrx_word' id='word_1_297' title='bbox 747 3715 909 3772; x_wconf 89' lang='lat' dir='ltr'><strong>cernuntur</strong></span> <span class='ocrx_word' id='word_1_298' title='bbox 941 3707 1123 3787; x_wconf 87' lang='lat' dir='ltr'><strong>qualitates:</strong></span> <span class='ocrx_word' id='word_1_299' title='bbox 1159 3705 1302 3784; x_wconf 89' lang='lat' dir='ltr'><strong>calidum,</strong></span> <span class='ocrx_word' id='word_1_300' title='bbox 1336 3707 1491 3789; x_wconf 77' lang='lat' dir='ltr'><strong>frigidum,</strong></span> <span class='ocrx_word' id='word_1_301' title='bbox 1523 3709 1684 3784; x_wconf 88' lang='lat' dir='ltr'><strong>humidum,</strong></span> 
     </span>
     <span class='ocr_line' id='line_1_34' title="bbox 325 3793 1685 3892; baseline -0.015 -12"><span class='ocrx_word' id='word_1_302' title='bbox 325 3817 447 3880; x_wconf 86' lang='lat' dir='ltr'><strong>siccum.</strong></span> <span class='ocrx_word' id='word_1_303' title='bbox 493 3808 588 3892; x_wconf 79' lang='lat' dir='ltr'><strong>Atqui</strong></span> <span class='ocrx_word' id='word_1_304' title='bbox 612 3805 671 3868; x_wconf 87' lang='lat' dir='ltr'><strong>hae</strong></span> <span class='ocrx_word' id='word_1_305' title='bbox 694 3807 823 3882; x_wconf 85' lang='lat' dir='ltr'><strong>quatuor</strong></span> <span class='ocrx_word' id='word_1_306' title='bbox 845 3795 1010 3879; x_wconf 87' lang='lat' dir='ltr'><strong>qualitates</strong></span> <span class='ocrx_word' id='word_1_307' title='bbox 1042 3797 1072 3858; x_wconf 90' lang='lat' dir='ltr'><strong>in</strong></span> <span class='ocrx_word' id='word_1_308' title='bbox 1105 3793 1232 3858; x_wconf 87' lang='lat' dir='ltr'><strong>totidem</strong></span> <span class='ocrx_word' id='word_1_309' title='bbox 1263 3797 1435 3874; x_wconf 89' lang='lat' dir='ltr'><strong>elementis,</strong></span> <span class='ocrx_word' id='word_1_310' title='bbox 1469 3818 1545 3880; x_wconf 83' lang='lat' dir='ltr'><strong>qnae</strong></span> <span class='ocrx_word' id='word_1_311' title='bbox 1572 3797 1685 3862; x_wconf 76' lang='lat' dir='ltr'><strong>nocuis</strong></span> 
     </span>
     <span class='ocr_line' id='line_1_35' title="bbox 325 3883 1686 3968; baseline -0.016 0"><span class='ocrx_word' id='word_1_312' title='bbox 325 3906 524 3968; x_wconf 83' lang='lat' dir='ltr'><strong>obversantur</strong></span> <span class='ocrx_word' id='word_1_313' title='bbox 546 3895 693 3966; x_wconf 87' lang='lat' dir='ltr'><strong>sensibus,</strong></span> <span class='ocrx_word' id='word_1_314' title='bbox 719 3889 749 3951; x_wconf 88' lang='lat' dir='ltr'><strong>in</strong></span> <span class='ocrx_word' id='word_1_315' title='bbox 772 3887 841 3967; x_wconf 78' lang='lat' dir='ltr'><strong>igne</strong></span> <span class='ocrx_word' id='word_1_316' title='bbox 865 3886 957 3960; x_wconf 89' lang='lat' dir='ltr'><strong>calor,</strong></span> <span class='ocrx_word' id='word_1_317' title='bbox 982 3885 1012 3948; x_wconf 91' lang='lat' dir='ltr'><strong>in</strong></span> <span class='ocrx_word' id='word_1_318' title='bbox 1037 3891 1107 3947; x_wconf 78' lang='lat' dir='ltr'><strong>atre</strong></span> <span class='ocrx_word' id='word_1_319' title='bbox 1131 3883 1245 3960; x_wconf 89' lang='lat' dir='ltr'><strong>humor,</strong></span> <span class='ocrx_word' id='word_1_320' title='bbox 1268 3884 1298 3947; x_wconf 90' lang='lat' dir='ltr'><strong>in</strong></span> <span class='ocrx_word' id='word_1_321' title='bbox 1322 3905 1402 3968; x_wconf 86' lang='lat' dir='ltr'><strong>aqna</strong></span> <span class='ocrx_word' id='word_1_322' title='bbox 1420 3885 1523 3967; x_wconf 76' lang='lat' dir='ltr'><strong>frigus,</strong></span> <span class='ocrx_word' id='word_1_323' title='bbox 1548 3889 1579 3951; x_wconf 91' lang='lat' dir='ltr'><strong>in</strong></span> <span class='ocrx_word' id='word_1_324' title='bbox 1603 3896 1686 3951; x_wconf 84' lang='lat' dir='ltr'><strong>terra</strong></span> 
     </span>
     <span class='ocr_line' id='line_1_36' title="bbox 327 3969 1564 4072; baseline -0.015 -16"><span class='ocrx_word' id='word_1_325' title='bbox 327 3993 450 4056; x_wconf 85' lang='lat' dir='ltr'><strong>siccitas</strong></span> <span class='ocrx_word' id='word_1_326' title='bbox 473 3987 643 4072; x_wconf 87' lang='lat' dir='ltr'><strong>praecipue,</strong></span> <span class='ocrx_word' id='word_1_327' title='bbox 668 3977 868 4044; x_wconf 88' lang='lat' dir='ltr'><strong>dominantur.</strong></span> <span class='ocrx_word' id='word_1_328' title='bbox 913 3975 992 4037; x_wconf 88' lang='lat' dir='ltr'><strong>Hinc</strong></span> <span class='ocrx_word' id='word_1_329' title='bbox 1015 3971 1214 4036; x_wconf 82' lang='lat' dir='ltr'><strong>Aristotelian</strong></span> <span class='ocrx_word' id='word_1_330' title='bbox 1237 3973 1419 4038; x_wconf 88' lang='lat' dir='ltr'><strong>combinatio</strong></span> <span class='ocrx_word' id='word_1_331' title='bbox 1443 3969 1564 4051; x_wconf 60' lang='lat' dir='ltr'><strong>teliaci)</strong></span> 
     </span>
    </p>
   </div>
   <div class='ocr_carea' id='block_1_13' title="bbox 754 4079 1258 4140">
    <p class='ocr_par' dir='ltr' id='par_1_14' title="bbox 754 4079 1258 4140">
     <span class='ocr_line' id='line_1_37' title="bbox 754 4079 1258 4140; baseline -0.008 0"><span class='ocrx_word' id='word_1_332' title='bbox 754 4081 888 4140; x_wconf 81' lang='lat' dir='ltr'><strong>Calidum.</strong></span> <span class='ocrx_word' id='word_1_333' title='bbox 942 4080 1085 4138; x_wconf 84' lang='lat' dir='ltr'><strong>IGNIS.</strong></span> <span class='ocrx_word' id='word_1_334' title='bbox 1140 4079 1258 4136; x_wconf 85' lang='lat' dir='ltr'><strong>Siccum.</strong></span> 
     </span>
    </p>
   </div>
   <div class='ocr_carea' id='block_1_14' title="bbox 417 4429 1685 4722">
    <p class='ocr_par' dir='ltr' id='par_1_15' title="bbox 417 4429 1685 4722">
     <span class='ocr_line' id='line_1_38' title="bbox 739 4429 1278 4616; baseline -0.015 -15"><span class='ocrx_word' id='word_1_335' title='bbox 739 4489 901 4616; x_wconf 53' lang='lat' dir='ltr'><strong>xFrigidum.</strong></span> <span class='ocrx_word' id='word_1_336' title='bbox 941 4429 1278 4603; x_wconf 41' lang='lat' dir='ltr'><strong>AQUQQHumidum.</strong></span> 
     </span>
     <span class='ocr_line' id='line_1_39' title="bbox 417 4624 1685 4722; baseline -0.014 -16"><span class='ocrx_word' id='word_1_337' title='bbox 417 4642 493 4706; x_wconf 85' lang='lat' dir='ltr'><strong>cum</strong></span> <span class='ocrx_word' id='word_1_338' title='bbox 516 4640 617 4722; x_wconf 86' lang='lat' dir='ltr'><strong>itaque</strong></span> <span class='ocrx_word' id='word_1_339' title='bbox 642 4639 732 4704; x_wconf 90' lang='lat' dir='ltr'><strong>aliter</strong></span> <span class='ocrx_word' id='word_1_340' title='bbox 753 4655 862 4719; x_wconf 78' lang='lat' dir='ltr'><strong>capere</strong></span> <span class='ocrx_word' id='word_1_341' title='bbox 886 4654 943 4698; x_wconf 90' lang='lat' dir='ltr'><strong>uon</strong></span> <span class='ocrx_word' id='word_1_342' title='bbox 966 4641 1094 4716; x_wconf 87' lang='lat' dir='ltr'><strong>possent</strong></span> <span class='ocrx_word' id='word_1_343' title='bbox 1111 4633 1257 4706; x_wconf 86' lang='lat' dir='ltr'><strong>homines,</strong></span> <span class='ocrx_word' id='word_1_344' title='bbox 1281 4627 1429 4712; x_wconf 90' lang='lat' dir='ltr'><strong>quomodo</strong></span> <span class='ocrx_word' id='word_1_345' title='bbox 1443 4624 1501 4688; x_wconf 89' lang='lat' dir='ltr'><strong>hae</strong></span> <span class='ocrx_word' id='word_1_346' title='bbox 1519 4625 1685 4707; x_wconf 81' lang='lat' dir='ltr'><strong>qualitates</strong></span> 
     </span>
    </p>
   </div>
   <div class='ocr_carea' id='block_1_15' title="bbox 329 4715 1684 4894">
    <p class='ocr_par' dir='ltr' id='par_1_16' title="bbox 329 4715 1684 4894">
     <span class='ocr_line' id='line_1_40' title="bbox 329 4715 1683 4804; baseline -0.008 -16"><span class='ocrx_word' id='word_1_347' title='bbox 329 4745 367 4789; x_wconf 86' lang='lat' dir='ltr'><strong>ex</strong></span> <span class='ocrx_word' id='word_1_348' title='bbox 390 4732 474 4794; x_wconf 89' lang='lat' dir='ltr'><strong>coelo</strong></span> <span class='ocrx_word' id='word_1_349' title='bbox 498 4739 618 4802; x_wconf 84' lang='lat' dir='ltr'><strong>essent,</strong></span> <span class='ocrx_word' id='word_1_350' title='bbox 641 4729 671 4791; x_wconf 92' lang='lat' dir='ltr'><strong>in</strong></span> <span class='ocrx_word' id='word_1_351' title='bbox 695 4727 810 4792; x_wconf 89' lang='lat' dir='ltr'><strong>coelum</strong></span> <span class='ocrx_word' id='word_1_352' title='bbox 834 4744 887 4788; x_wconf 84' lang='lat' dir='ltr'><strong>eas</strong></span> <span class='ocrx_word' id='word_1_353' title='bbox 911 4724 1098 4787; x_wconf 87' lang='lat' dir='ltr'><strong>sustulerunt</strong></span> <span class='ocrx_word' id='word_1_354' title='bbox 1120 4723 1257 4804; x_wconf 85' lang='lat' dir='ltr'><strong>interque</strong></span> <span class='ocrx_word' id='word_1_355' title='bbox 1280 4719 1369 4800; x_wconf 78' lang='lat' dir='ltr'><strong>siguo</strong></span> <span class='ocrx_word' id='word_1_356' title='bbox 1390 4715 1507 4780; x_wconf 79' lang='lat' dir='ltr'><strong>zodiaci</strong></span> <span class='ocrx_word' id='word_1_357' title='bbox 1535 4715 1683 4778; x_wconf 85' lang='lat' dir='ltr'><strong>distribu-</strong></span> 
     </span>
     <span class='ocr_line' id='line_1_41' title="bbox 330 4803 1684 4894; baseline -0.007 -19"><span class='ocrx_word' id='word_1_358' title='bbox 330 4831 424 4879; x_wconf 84' lang='lat' dir='ltr'><strong>erunt</strong></span> <span class='ocrx_word' id='word_1_359' title='bbox 469 4819 515 4882; x_wconf 86' lang='lat' dir='ltr'><strong>At</strong></span> <span class='ocrx_word' id='word_1_360' title='bbox 537 4817 723 4880; x_wconf 85' lang='lat' dir='ltr'><strong>Aristoteles</strong></span> <span class='ocrx_word' id='word_1_361' title='bbox 746 4824 847 4894; x_wconf 76' lang='lat' dir='ltr'><strong>negat,</strong></span> <span class='ocrx_word' id='word_1_362' title='bbox 870 4813 977 4876; x_wconf 87' lang='lat' dir='ltr'><strong>iisdem</strong></span> <span class='ocrx_word' id='word_1_363' title='bbox 1000 4812 1090 4874; x_wconf 88' lang='lat' dir='ltr'><strong>imbui</strong></span> <span class='ocrx_word' id='word_1_364' title='bbox 1113 4809 1326 4893; x_wconf 82' lang='lat' dir='ltr'><strong>qualitatibus,</strong></span> <span class='ocrx_word' id='word_1_365' title='bbox 1350 4806 1456 4889; x_wconf 89' lang='lat' dir='ltr'><strong>quibus</strong></span> <span class='ocrx_word' id='word_1_366' title='bbox 1477 4803 1555 4866; x_wconf 82' lang='lat' dir='ltr'><strong>hacc</strong></span> <span class='ocrx_word' id='word_1_367' title='bbox 1577 4811 1684 4884; x_wconf 81' lang='lat' dir='ltr'><strong>nostra</strong></span> 
     </span>
    </p>
   </div>
   <div class='ocr_carea' id='block_1_16' title="bbox 0 0 1854 5530">
    <p class='ocr_par' dir='ltr' id='par_1_17' title="bbox 0 0 1854 5530">
     <span class='ocr_line' id='line_1_42' title="bbox 0 0 1854 5530; baseline 0 5"><span class='ocrx_word' id='word_1_368' title='bbox 0 0 1854 5530; x_wconf 95' lang='lat' dir='ltr'><strong> </strong></span> 
     </span>
    </p>
   </div>
  </div>
 </body>
</html>
