3700 5530
768 241 850 310 Gaput
867 242 939 296 vnn
1030 217 1041 273 ¹·
1469 237 1534 312 689

180 417 300 485 mmsis
322 439 377 484 sau
400 417 597 482 securitatibus
621 437 719 482 rerum
742 417 943 483 sublunariam
961 417 1101 498 imprimi,
1126 423 1158 480 et
1171 418 1219 480 his
1236 417 1364 498 abjectis
1379 417 1450 482 illas
1462 437 1535 499 per-

182 510 305 576 moveri.
322 527 388 572 cum
402 507 440 588 ad
456 508 641 570 formandum
657 509 768 572 turned
786 508 963 570 movendum
981 526 1110 586 corpus,
1125 507 1173 570 cui
1187 506 1332 568 movendo
1348 507 1534 585 praesident.

271 597 329 658 Hic
351 615 389 658 ne
413 596 480 675 quis
494 597 556 660 isto
576 615 623 660 ure
641 597 825 676 praejudicio
840 603 956 676 gravet,
983 596 1067 676 quasi
1087 596 1225 675 quaesita
1243 593 1411 656 subtilitate
1427 595 1535 658 mism-

181 687 267 767 isque
301 684 427 764 argutiis
460 685 635 764 deploratae
664 688 785 766 jamque
817 685 955 764 perditae
985 685 1205 763 astrologorum
1233 703 1344 746 causae
1368 685 1535 766 remedium

182 793 328 854 quaeram
349 773 466 836 anxius.
512 773 581 836 Non
604 774 683 836 tanti
706 775 785 836 facio
809 772 1013 854 astrologiam,
1039 791 1093 833 uec
1108 791 1237 852 unquam
1253 772 1351 851 refugi
1365 772 1536 852 astrologos

182 862 319 926 infensos
342 861 463 924 habere.
511 859 573 924 Sed
606 881 652 924 me
683 861 932 924 constantissima
961 863 1119 942 (quactum
1149 860 1177 922 in
1209 860 1397 922 naturalibus
1420 863 1536 940 sperari

182 952 302 1030 potest)
326 945 514 1029 experientia
537 950 573 1010 de
596 952 795 1012 commotione
818 949 1020 1012 sublunarium
1036 947 1209 1010 naturarum
1230 948 1285 1012 sub
1309 949 1534 1025 conjunctiones
1642 1020 1645 1030 ¹

183 1048 216 1100 at
239 1046 381 1118 aspectus
404 1057 541 1100 erronum
565 1039 686 1102 edocuit
709 1048 740 1099 et
761 1039 960 1101 reluctantem
985 1037 1067 1100 vicit.
1114 1039 1160 1098 At
1172 1038 1251 1099 forte
1265 1036 1323 1098 hoc
1344 1037 1415 1099 mihi
1433 1038 1538 1102 obstat

184 1129 223 1188 ad
247 1127 335 1188 fidem
360 1126 544 1201 faciendam,
573 1127 650 1206 quod
675 1147 760 1188 nemo
785 1127 1002 1205 astrologorum
1027 1126 1103 1187 hene
1127 1126 1231 1188 attulit
1260 1126 1406 1188 rationem
1415 1145 1425 1200 ;
1455 1128 1537 1188 solus

183 1233 240 1295 ego
265 1216 314 1287 (at
336 1213 402 1292 quis
425 1213 528 1289 bomo,
551 1215 630 1278 unde
652 1217 807 1295 prodiens,
833 1215 951 1295 quando
975 1213 1101 1286 natusl)
1125 1214 1295 1292 astrologos
1319 1213 1538 1294 philosophiam

183 1303 300 1366 doceo?
344 1302 412 1382 Ego
434 1322 505 1364 vero
530 1303 650 1384 appello
674 1303 868 1384 philosophos
893 1311 924 1363 et
947 1315 1058 1380 ecquos
1077 1303 1174 1362 rerum
1194 1301 1415 1377 aestimatores,
1440 1310 1537 1364 utrum

182 1411 243 1457 non
267 1390 368 1452 omnia
390 1391 554 1453 recentium
584 1393 721 1466 inventa,
755 1411 858 1452 omnes
887 1391 916 1451 in
947 1389 1053 1450 melius
1085 1391 1333 1452 commutationes
1362 1390 1418 1452 hoc
1447 1402 1537 1470 pacto

184 1479 271 1560 quasi
299 1479 419 1558 pessulo
443 1479 547 1542 obdito
571 1501 587 1540 e
610 1479 802 1559 philosophia
824 1478 1039 1540 excludantur?
1084 1479 1152 1542 Non
1184 1497 1261 1558 nego
1283 1479 1370 1552 Pico,
1396 1499 1537 1558 magnam

184 1587 253 1630 esse
278 1566 442 1628 vanitatem
466 1568 669 1646 experientiae
694 1569 731 1628 ab
756 1567 917 1646 astrologis
937 1566 1074 1644 jactatae
1090 1566 1180 1628 etiam
1195 1568 1274 1630 circa
1299 1568 1355 1629 hoc
1373 1577 1478 1649 eaput3
1506 1576 1539 1630 at

183 1675 244 1718 uon
267 1655 334 1717 ideo
359 1655 503 1730 concedo,
529 1656 640 1718 nullam
664 1657 756 1719 fuisse
780 1653 1004 1735 experientiam.

272 1742 342 1804 Jam
365 1743 482 1822 itaque,
512 1752 548 1804 ut
570 1745 650 1804 solet
677 1744 705 1805 in
736 1745 823 1805 robus
855 1742 1005 1816 obscuris,
1031 1741 1132 1820 magni
1156 1742 1338 1804 exstiterunt
1361 1761 1477 1804 errores
1502 1763 1539 1806 ex

184 1832 348 1900 varietate,
367 1831 553 1909 ingeniorum
586 1833 623 1894 de
656 1832 755 1894 carreis
788 1831 994 1910 cogitantium.
1041 1829 1188 1909 Exemplo
1218 1830 1259 1890 sit
1286 1831 1373 1906 nobis
1402 1831 1538 1911 quaestio

185 1920 314 1982 omnium
337 1919 480 1982 maxima:
515 1919 591 1991 Quis
619 1921 677 1983 nisi
704 1923 794 2000 plane
824 1921 947 1982 insanus
978 1926 1009 1980 et
1038 1919 1067 1980 in
1091 1917 1215 1998 Epicuri
1246 1919 1351 1980 schola
1380 1929 1537 1998 corruptus

185 2008 311 2088 negabit
334 2027 400 2070 esse
415 2008 533 2071 nsum?
558 2028 632 2082 cum,
656 2017 692 2071 nt
715 2010 752 2070 D.
772 2009 858 2070 Pauli
882 2007 981 2068 verbis
1006 2015 1083 2083 utar,
1108 2021 1243 2072 attrectet
1262 2033 1325 2073 eum
1346 2035 1425 2074 omna
1448 2033 1539 2090 genus

185 2106 332 2162 hominnm.
367 2095 409 2158 Et
432 2106 533 2158 tamen
557 2097 625 2160 huic
649 2097 852 2177 experientiae
876 2107 948 2176 quot
971 2095 1051 2158 falsa
1074 2095 1206 2175 quotidie
1220 2116 1252 2158 se
1267 2097 1446 2173 immiscent,
1470 2099 1538 2158 dum

186 2185 314 2264 quilibet
335 2183 432 2247 Deum
456 2185 514 2248 sibi
539 2185 628 2261 lecit,
661 2187 738 2248 unde
773 2187 892 2265 aliquod
923 2183 1019 2246 sensit
1050 2184 1209 2246 levamen?
1253 2185 1331 2246 Hinc
1354 2194 1401 2246 tot
1422 2183 1540 2264 species

187 2271 362 2350 impietatis.
408 2275 453 2338 At
477 2293 533 2336 non
558 2274 640 2350 ideo,
673 2275 743 2354 quin
773 2277 918 2353 deceptae
949 2281 1019 2334 sunt
1042 2272 1176 2334 infinitas
1199 2272 1351 2353 myriades
1373 2273 1539 2354 gentilium,

185 2361 279 2424 etiam
311 2359 498 2440 decipiuntur
532 2362 619 2424 hodie
644 2361 825 2432 Christiani,
856 2364 986 2436 Turres,
1011 2359 1135 2436 Judaei,
1158 2361 1256 2423 Deum
1288 2381 1377 2424 unum
1409 2362 1544 2424 colentes

185 2467 311 2527 eumque
333 2452 532 2529 qqleqenea.

273 2537 382 2600 Potest
405 2538 497 2617 igitur
520 2539 548 2600 iu
574 2557 605 2599 re
628 2544 692 2598 tam
716 2538 861 2619 perplexa
884 2537 963 2612 fieri,
992 2545 1026 2598 ut
1055 2555 1157 2598 omnes
1180 2536 1211 2597 in
1234 2545 1322 2617 parte
1345 2536 1541 2616 decipiantur,

186 2627 215 2688 in
239 2645 348 2705 genere
370 2634 472 2688 tamen
497 2645 598 2689 verum
624 2625 735 2706 aliquid
760 2627 960 2705 experiantur.
1006 2625 1053 2687 De
1073 2625 1144 2688 Sole
1168 2625 1245 2688 alius
1268 2626 1374 2700 credit,
1398 2626 1479 2688 diem
1502 2626 1539 2686 ab

187 2734 223 2776 eo
247 2733 301 2776 ceu
325 2714 466 2776 amictum
491 2714 637 2777 latissime
661 2723 831 2794 porrectum
855 2714 1040 2776 circumferri
1048 2732 1057 2788 ;
1081 2713 1159 2775 alius
1182 2732 1277 2793 aquas
1300 2715 1337 2775 ab
1362 2734 1397 2776 eo
1420 2713 1539 2776 extrahi

187 2810 323 2878 eterra,
354 2803 431 2864 alius
462 2823 536 2866 uvas
559 2801 653 2882 ipsius
676 2802 877 2866 illustratione
901 2802 1039 2875 colorari,
1064 2802 1141 2864 alius
1165 2802 1317 2864 fecundari
1341 2809 1477 2864 naturam
1502 2803 1539 2863 nb

187 2891 282 2971 ipsius
304 2890 442 2970 ingressu
455 2892 485 2954 in
500 2892 647 2966 Arietem,
672 2893 750 2952 alius
773 2892 882 2953 stellas
900 2910 935 2953 eo
953 2891 1136 2952 adventante
1160 2891 1242 2953 coelo
1267 2892 1386 2971 expelli.
1433 2889 1538 2952 Philo-

134 3015 135 3018 *
186 2979 301 3058 sophus
324 2979 432 3059 aliquis
456 2980 575 3058 singula
596 2980 786 3060 perpendens
810 2979 933 3054 inuenit,
957 2979 1052 3040 errari
1076 2978 1242 3060 asingrlis,
1267 2980 1344 3058 quod
1368 2980 1443 3041 haec
1465 2997 1539 3058 par-

187 3066 326 3132 ticularia
345 3062 468 3143 attinet,
494 3087 588 3148 neque
612 3069 747 3130 sufficere
767 3067 869 3132 Solem
892 3068 931 3129 ad
955 3068 1029 3130 ista:
1055 3065 1119 3146 ipse
1141 3086 1212 3129 vero
1235 3085 1267 3130 re
1291 3087 1449 3147 perpensa.
1473 3086 1540 3128 cnm

185 3158 288 3220 uideat
310 3157 385 3218 haec
408 3157 507 3220 omnia
529 3175 597 3218 cum
620 3155 701 3218 Solis
725 3174 849 3218 accessu
872 3156 951 3230 fleri,
980 3174 1046 3216 eum
1075 3173 1196 3218 recessu
1225 3154 1364 3230 diminui,
1395 3156 1536 3235 generale

188 3245 340 3326 quippiam
364 3245 431 3306 inde
455 3244 585 3324 colligit,
618 3253 771 3308 auctorem
803 3263 871 3306 esse
898 3263 954 3325 per
982 3263 1049 3306 sese
1073 3244 1167 3306 solius
1191 3245 1266 3306 lucis
1290 3251 1321 3303 et
1344 3243 1470 3308 caloris:
1502 3263 1540 3304 ex

193 3334 300 3413 quibus
323 3333 438 3396 duabus
461 3333 558 3406 rebus,
583 3333 746 3394 accedente
769 3342 878 3396 natura
901 3351 998 3394 rerum
1022 3331 1235 3399 sublunarium.
1259 3334 1468 3396 consecutione
1482 3351 1539 3394 na-

187 3422 279 3484 turali
300 3421 384 3500 sequi
400 3421 515 3500 reliqua
531 3421 639 3494 omnia,
659 3429 690 3482 et
710 3422 865 3484 deficiente
884 3421 986 3501 aliqua
1005 3437 1098 3482 causa
1115 3421 1170 3483 sub
1184 3421 1273 3484 Luna
1286 3419 1424 3500 impediri
1438 3439 1539 3500 posse.

276 3508 329 3570 Sic
352 3509 422 3572 olim
445 3527 512 3570 cum
535 3509 706 3588 magnete
730 3529 779 3572 res
803 3510 935 3583 habuit,
954 3528 1019 3570 cum
1051 3509 1170 3587 quidam
1193 3509 1326 3572 Jacobus
1349 3509 1540 3572 Florentinus

189 3596 456 3660 animadvertisset
478 3597 507 3658 in
532 3616 567 3658 eo
590 3597 700 3678 polum,
725 3597 776 3677 qui
791 3599 829 3658 ad
844 3597 944 3676 polum
960 3595 1061 3659 muudi
1079 3597 1284 3672 contenderet,
1309 3599 1416 3678 quique
1431 3597 1540 3658 ferrum

188 3684 367 3754 attraheret,
390 3685 530 3764 opposita
544 3694 631 3764 parts
646 3687 756 3748 serrum
770 3687 950 3766 repellente;
974 3684 1079 3746 statim
1093 3685 1284 3758 exstiterunt,
1301 3685 1349 3764 qui
1363 3684 1540 3746 mirabilium

189 3772 380 3836 artificiorum
405 3790 488 3851 spem
513 3774 664 3846 lacerent;
695 3783 796 3836 motus
829 3773 965 3854 perpetui
991 3792 1046 3853 per
1073 3771 1236 3836 claviculos
1263 3772 1294 3834 in
1322 3781 1390 3836 rota
1418 3774 1540 3848 ferreos,

188 3862 338 3942 sphaerae
361 3879 429 3922 cunr
452 3861 535 3926 coelo
558 3862 676 3924 mobilis
701 3861 765 3924 sine
789 3863 896 3925 rotulis
919 3862 966 3922 vel
989 3860 1179 3940 ponderibus,
1204 3860 1369 3940 alphabeti,
1394 3880 1451 3941 quo
1476 3861 1541 3941 quis

187 3949 276 4011 alteri
305 3949 344 4010 ad
374 3948 567 4012 coustitutum
598 3958 718 4030 tempus
750 3952 830 4012 ultra
857 3957 976 4011 centum
999 3947 1169 4010 milliarium
1193 3949 1322 4026 spatium
1350 3967 1427 4028 quae
1449 3949 1543 4010 vellet

182 4037 386 4118 significaret:
421 4055 497 4115 quae
525 4057 563 4100 ex
590 4047 724 4101 tractatu
747 4038 890 4118 Magistri
911 4037 1033 4100 Henrici
1063 4035 1099 4096 de
1127 4037 1241 4098 Hassis
1273 4046 1431 4116 excerpta,
1463 4037 1542 4117 quod

187 4125 322 4190 ostendit
346 4124 479 4200 libellus,
515 4135 585 4188 aute
609 4124 675 4190 200
703 4129 765 4189 lere
794 4145 888 4188 annos
918 4123 1152 4203 manuscriptus,
1185 4144 1272 4205 quern
1301 4125 1414 4200 habeo,
1439 4122 1489 4186 ubi
1511 4124 1542 4185 iu

187 4213 348 4278 Taisnierii
366 4212 518 4277 Hannouii
538 4233 643 4296 manus
658 4224 813 4290 venerunt,
838 4216 935 4276 denuo
959 4214 1014 4275 sub
1038 4231 1133 4274 novae
1156 4212 1337 4274 inventionis
1361 4213 1449 4275 titulo
1473 4218 1544 4274 sunt

187 4303 225 4364 ab
249 4321 285 4363 eo
308 4301 463 4464 pnqqicata
485 4303 586 4366 verbis
615 4313 649 4366 ut
675 4304 833 4382 plurimum
861 4301 981 4378 iisdem,
1010 4301 1213 4364 schematibus
1240 4319 1312 4361 vero
1346 4301 1384 4360 ad
1414 4318 1542 4379 unguem

186 4407 349 4470 expressis.
1453 4468 1455 4470 Ι

275 4477 327 4540 Ad
351 4476 476 4540 eundem
500 4476 619 4538 modum
643 4476 709 4537 dico
733 4475 926 4538 observatum
949 4494 1017 4538 csse
1041 4495 1060 4536 a
1083 4474 1234 4538 veteribus
1263 4481 1294 4533 et
1317 4471 1407 4534 hodie
1434 4471 1542 4534 ohser-

188 4563 256 4626 vari·
277 4565 439 4626 maximam
463 4564 523 4626 vim
546 4563 784 4642 conjunctionum
808 4564 996 4642 planetarum
1024 4563 1053 4624 in
1083 4561 1196 4626 ciendis
1226 4560 1421 4623 facultatibus
1445 4579 1542 4622 rerum

189 4651 406 4714 sublunarium:
431 4660 466 4714 at
497 4670 563 4714 cum
597 4669 635 4712 ex
666 4651 722 4712 hoc
750 4650 911 4713 universali
939 4652 1084 4730 principio
1115 4650 1192 4712 alius
1220 4649 1282 4710 alia
1304 4655 1463 4710 conaretur
1486 4667 1541 4708 ex-

189 4747 321 4812 struere,
351 4757 454 4800 omnes
483 4759 554 4802 vero
585 4741 625 4800 ad
653 4736 853 4818 particulares
884 4739 1106 4820 praedictiones
1139 4739 1367 4810 contenderent,
1401 4734 1542 4816 aphoris-
