3464 5524
615 299 646 354 ds
663 301 735 354 rebat
755 299 857 370 Optlcla.
1397 295 1417 370 9

103 497 149 540 cum
167 473 276 558 primum
291 475 382 538 Luna
407 499 427 538 a
443 473 525 541 Solis
548 477 612 540 loco
627 497 697 540 vero
713 477 896 559 digreditur,
920 486 992 562 post
1014 479 1155 554 velocius,
1182 487 1315 560 tempore
1339 479 1419 547 inter

103 568 296 646 conjunctionem
330 575 364 627 et
400 568 611 648 quadraturam
642 567 833 643 intermedio,
867 570 993 649 denique
1013 569 1120 632 iterum
1144 571 1244 643 tarde,
1280 571 1365 632 Luna
1388 570 1417 632 io

102 656 273 734 quadraturam
297 656 499 730 adventante,
525 676 542 716 a
566 676 622 736 quo
645 665 780 737 tempore
796 677 889 737 usque
912 659 942 718 io
966 657 1185 738 oppositionem
1209 677 1310 721 veram
1334 658 1416 722 redi-

101 745 131 804 bit
147 752 268 822 punctum
287 742 369 805 viam
394 744 522 806 eandem
545 746 706 826 eademque
731 746 796 826 lege
821 747 936 808 aDin
960 744 995 809 O.

162 832 199 892 At
218 832 245 892 in
268 833 427 911 praesenti
443 833 558 894 calculo
573 833 650 896 viam
667 834 757 897 aliam
774 854 830 914 ego
851 841 971 898 secutus
988 854 1067 909 sum,
1092 833 1149 895 hac
1173 843 1273 898 motus
1287 834 1415 900 ratione.

162 921 274 982 Praeter
305 928 356 982 tot
383 922 449 1002 jam
481 922 579 982 dictas
609 923 713 984 Lunae
743 923 993 1003 inaequalitates,
1027 921 1133 1003 quibus
1166 923 1242 984 alios
1277 924 1418 1004 planetas

97 1019 202 1088 superat,
229 1009 395 1072 affirmarit
417 1011 522 1091 Tycho
547 1019 578 1074 et
606 1011 696 1074 aliam
726 1012 835 1084 latere,
868 1033 926 1094 qua
954 1013 1007 1074 liat
1036 1019 1069 1073 ut
1092 1011 1193 1082 Luna,
1225 1033 1291 1074 curn
1315 1009 1419 1076 ⁴15⁰a
1533 1004 1538 1013 ¹

96 1099 148 1160 Sole
167 1099 208 1159 rel
231 1099 292 1178 ejus
313 1099 457 1178 opposito
482 1099 620 1176 recessit,
654 1095 708 1172 46‘
732 1101 800 1182 plus
825 1101 937 1164 habeat
959 1099 988 1162 in
1013 1107 1109 1168 motu,
1135 1118 1223 1181 quam
1246 1101 1303 1163 hec
1328 1101 1415 1164 modo

96 1188 156 1248 dicta
183 1186 335 1250 libratione
362 1186 573 1268 Cepernicana
605 1189 709 1251 confici
740 1190 855 1274 possit.
896 1188 972 1252 Cum
1003 1208 1074 1268 ergo
1103 1188 1287 1251 incrementa
1310 1190 1415 1267 statim

95 1285 145 1355 post
164 1275 399 1355 conjunctionem
423 1277 555 1338 debeant
568 1297 636 1339 esse
652 1278 771 1346 celeria,
797 1287 830 1340 ut
852 1279 939 1341 Luna
962 1277 1088 1339 ulterius
1103 1285 1323 1356 promoveatur,
1349 1285 1416 1340 sta-

95 1365 205 1424 tuendum
227 1364 320 1444 igitur
346 1365 417 1439 erit,
449 1386 606 1428 ascensum
629 1367 732 1445 puncti
757 1367 949 1448 aequalitatis
973 1367 1054 1446 apud
1076 1375 1219 1444 puuctum
1243 1365 1267 1429 0
1292 1366 1415 1427 celerri-

93 1471 151 1512 nmn
170 1471 244 1526 esse,
266 1473 326 1515 oon
351 1454 418 1515 loco
443 1455 560 1516 demum
584 1455 759 1517 intermedio
778 1455 857 1517 inter
872 1454 938 1518 OD.
976 1452 1078 1526 Quare
1093 1463 1196 1517 centro
1212 1451 1248 1528 0,
1272 1453 1419 1516 distantia

93 1539 141 1612 CD,
160 1541 336 1603 esDeduxi
362 1543 569 1622 quadrantem,
595 1565 613 1604 a
637 1545 721 1624 cujus
745 1545 804 1607 imo
829 1544 857 1606 in
873 1545 901 1606 D
917 1543 1064 1607 numerati
1087 1543 1198 1623 gradus
1223 1541 1417 1624 digressionis

92 1629 201 1688 Lunata
218 1647 288 1690 vero
314 1631 381 1694 loco
398 1631 479 1692 Solis
494 1651 549 1711 per
571 1631 687 1693 sinuum
711 1633 876 1696 doctrinam
899 1632 1067 1714 portionem
1080 1633 1233 1696 exhibent
1248 1631 1416 1694 addendam

92 1719 117 1776 ad
129 1715 185 1792 BC,
206 1723 239 1780 ut
256 1718 409 1782 habeatur
424 1721 557 1800 quolibet
571 1729 720 1783 momento
739 1722 824 1803 justa
837 1723 939 1802 puncti
955 1721 1149 1801 aequalitatis
1173 1741 1192 1782 a
1210 1729 1313 1783 centro
1337 1719 1417 1782 orbis

91 1801 170 1865 Lunae
191 1807 214 1866 B
237 1807 399 1870 distantia.

157 1893 215 1956 Hac
238 1915 312 1958 usus
336 1897 479 1960 methodo
503 1897 622 1958 invenio
637 1899 754 1960 Lunam
779 1905 849 1960 ante
865 1898 1104 1978 conjunctionem
1128 1916 1230 1961 veram
1254 1895 1416 1958 tardiorem

92 1981 148 2042 sitiri
167 1983 363 2058 sensibiliter,
389 2006 479 2067 quam
502 1995 574 2066 post
596 1985 844 2066 conjunctionem.
881 1988 917 2050 Id
941 2006 1043 2049 rerum
1067 1985 1108 2048 sit
1131 2005 1187 2048 nec
1210 2006 1263 2061 ne,
1290 1985 1416 2065 diligens
1483 2065 1486 2069 .

91 2071 210 2150 eclipseos
232 2072 409 2137 observatio
434 2074 604 2137 testabitur.

158 2159 373 2238 Latitudinem,
399 2163 457 2225 etsi
482 2163 555 2226 baec
579 2183 693 2244 quoque
709 2183 801 2244 nsque
827 2164 854 2226 io
870 2164 1069 2245 quadraturas
1086 2160 1139 2228 20⁴
1155 2171 1291 2244 augetur,
1316 2161 1416 2224 intac-
1494 2194 1505 2198 -

91 2257 135 2308 tarn
155 2257 244 2310 tamen
268 2251 397 2332 reliqui,
421 2271 456 2314 eo
482 2253 558 2332 quod
583 2253 671 2316 valde
687 2254 796 2333 exigua
819 2252 917 2333 portio
936 2261 1006 2314 ante
1030 2261 1061 2314 et
1084 2260 1156 2333 post
1178 2251 1417 2333 conjunctionem

90 2353 168 2399 reram
188 2339 297 2402 inisset
320 2341 472 2406 addenda.
519 2341 624 2423 Neque
647 2361 720 2404 saue
744 2343 819 2404 adeo
839 2349 955 2405 certam
977 2341 1073 2404 babeo
1097 2341 1273 2423 aTychone
1297 2341 1333 2402 de
1358 2339 1415 2402 lroc
1480 2395 1484 2404 .

91 2425 264 2490 traditionem.

157 2513 237 2588 Quod
263 2535 338 2579 vero
363 2517 510 2600 imprimis
533 2537 588 2599 per
610 2518 731 2600 eclipsis
756 2520 872 2582 futurae
889 2519 1129 2582 observationem
1154 2519 1311 2600 explorare
1336 2513 1418 2577 desi-

90 2603 159 2676 dero,
180 2614 226 2667 est
250 2607 359 2668 mirum
385 2608 535 2690 Tychonis
560 2608 740 2670 affirmatum
764 2610 801 2671 de
825 2609 980 2672 diametris
1004 2608 1202 2672 luminarium.
1251 2607 1330 2670 Nam
1353 2624 1419 2667 me-

90 2693 195 2756 diocrem
213 2695 321 2758 Lunae
346 2697 525 2760 diametrum
542 2697 624 2778 'facit
647 2694 711 2773 34¹,
735 2698 820 2761 atio
844 2697 1100 2778 conjunctionibus
1125 2698 1228 2778 quinta
1250 2704 1338 2776 parte
1361 2694 1419 2756 mi-

91 2801 169 2842 norem
190 2803 339 2865 apparere
364 2787 497 2848 affirmat
522 2805 608 2866 quam
630 2786 659 2848 io
680 2787 933 2867 oppositionibus,
957 2786 1076 2866 aequali
1090 2786 1238 2864 utrimque
1263 2782 1418 2845 distantia.

92 2867 199 2933 Causam
219 2874 446 2954 suspicionibus
470 2875 646 2956 quibusdam
670 2876 700 2938 in
716 2875 902 2939 diffusionem
922 2875 1041 2939 luminis
1057 2895 1075 2936 a
1089 2872 1161 2937 Sole
1183 2872 1212 2934 in
1232 2870 1420 2952 oppositione

91 2960 194 3022 mutuati
215 2963 343 3025 contert.

156 3047 277 3112 Scilicet
291 3051 407 3126 Lunae,
433 3051 588 3132 quominus
612 3052 760 3134 ἁπιχθων
782 3053 840 3114 dioi
863 3060 979 3134 posset,
1005 3051 1175 3114 defuturum
1198 3049 1255 3112 boc
1279 3054 1357 3119 erat,
1394 3045 1434 3107 si.

89 3154 132 3196 noo
151 3147 180 3198 et
200 3157 295 3220 vapor
320 3141 441 3220 quidam
472 3140 579 3202 similis
610 3142 672 3202 adri
703 3149 806 3204 oostro
837 3140 1136 3215 circumfunderetur,
1170 3140 1199 3200 in
1229 3156 1315 3218 quem
1343 3135 1421 3197 inci·

89 3223 146 3286 deus
158 3224 233 3289 Solis
257 3229 361 3290 radius
386 3229 552 3291 clarissime
575 3231 848 3310 resplendesceret,
873 3240 907 3294 ut
929 3249 1037 3311 corpus
1052 3230 1157 3291 Lunae
1182 3249 1201 3290 a
1223 3243 1335 3308 vapore
1359 3227 1420 3287 cir-

88 3315 198 3376 cumfuso
221 3316 298 3378 lueis
322 3317 463 3380 claritate
487 3318 616 3380 discerni
640 3327 780 3399 nequeat.

157 3403 288 3486 Denique
313 3425 350 3468 ne
374 3406 442 3486 quid
468 3407 677 3486 adeclipseos
693 3407 923 3487 descriptionem
948 3408 1062 3470 faciens
1086 3405 1302 3484 inexplicatum
1325 3400 1420 3465 relin-

45 3569 49 3578 .
88 3507 173 3567 quam,
203 3493 361 3555 dicendum
390 3503 438 3555 est
460 3503 491 3556 et
516 3496 553 3556 de
576 3497 720 3577 temporis
752 3498 945 3576 aequatione,
979 3515 1051 3558 sane
1076 3495 1146 3576 quia
1169 3513 1205 3555 ne
1231 3492 1278 3554 lric
1302 3491 1421 3574 quidem

88 3576 157 3640 deest
177 3582 252 3660 quod
277 3582 405 3646 mireris.

159 3667 263 3732 Solent
286 3673 381 3734 ceteri
400 3675 565 3735 astronomi
589 3691 647 3734 non
673 3672 859 3753 experientia
883 3673 937 3734 sed
961 3671 1077 3734 ratione
1091 3668 1326 3751 monitioptima
1340 3675 1420 3730 tenr-

87 3773 131 3834 prs
151 3777 275 3840 aequare
298 3768 423 3840 propter
437 3762 513 3823 duas
528 3781 651 3836 causas,
677 3762 772 3843 primo
791 3771 916 3842 propter
941 3761 1115 3841 inaequales
1133 3759 1263 3840 partium
1287 3753 1421 3836 signiferi

88 3847 261 3910 ascensiones
294 3859 409 3925 rectas,
444 3851 551 3912 deinde
575 3859 699 3930 propter
728 3859 827 3912 motus
852 3850 933 3912 Solis
958 3851 1079 3912 diurnos
1103 3848 1288 3930 inaequales.
1335 3845 1420 3904 llaoc

88 3937 266 4009 posteriorem
280 3938 384 4020 Tycho
408 3939 551 4018 negligit,
576 3939 700 4001 causam
724 3940 852 4001 afferens
876 3939 1105 4019 experientiam,
1130 3956 1188 4018 qua
1211 3933 1420 4014 deprehenda-

89 4030 126 4081 tur
148 4023 176 4084 in
204 4025 363 4088 collatione
387 4027 541 4106 eclipsiom
566 4027 759 4107 aequalitatis
783 4027 929 4089 rationem
954 4028 1020 4088 iniri
1049 4045 1106 4087 non
1137 4045 1244 4105 posse,
1278 4021 1335 4083 nisi
1368 4028 1424 4096 aut

88 4107 148 4172 baec
170 4113 336 4194 negligatur
361 4115 513 4196 aequatio,
549 4124 602 4178 aut
634 4135 749 4178 annuus
772 4116 909 4177 circellus
932 4123 980 4177 tot
1004 4115 1145 4196 epicyclis
1169 4114 1272 4174 Lunae
1301 4111 1423 4187 insuper

89 4198 237 4278 adjiciatur.
274 4205 382 4284 ltaque
405 4205 474 4266 dum
499 4212 619 4266 aestate
642 4212 723 4266 motu
747 4205 851 4266 diurno
876 4205 912 4266 de
936 4204 1059 4266 zodiaco
1084 4193 1419 4271 volvuntur360⁰57‘,

89 4285 168 4350 bieme
191 4309 258 4353 vero
280 4289 366 4356 361⁰
391 4291 435 4364 1⁴,
469 4301 594 4374 utroque
630 4294 773 4374 temporis
798 4293 897 4373 spatio
927 4292 1076 4374 inaequali
1100 4291 1129 4353 in
1154 4291 1240 4352 Luna
1263 4290 1424 4351 decurrent

93 4371 139 4434 ¹²⁰
162 4377 279 4444 trem
303 4381 482 4462 aequaliter.
531 4380 633 4453 Quare
666 4390 719 4444 aut
746 4383 841 4464 primo
870 4383 973 4445 mobili
997 4389 1096 4442 annua
1119 4380 1198 4441 inest
1220 4377 1422 4458 inaequalitas

90 4473 114 4524 et
133 4479 277 4550 respectus
301 4469 400 4542 Solis,
432 4480 483 4532 aut
508 4471 611 4534 Lunae
637 4481 735 4533 motus
759 4491 862 4534 omnes
882 4490 936 4552 pro
961 4470 1076 4532 ratione
1100 4485 1242 4530 accessus
1265 4475 1297 4528 et
1321 4485 1423 4529 reces-

90 4569 131 4614 sus
153 4555 226 4622 Solis
249 4559 380 4621 aTerra
404 4567 436 4620 et
459 4559 650 4622 orbeLunae
675 4562 720 4622 rel
748 4561 917 4622 lentescunt
940 4559 988 4620 rel
1012 4557 1215 4618 intenduntur.
1251 4555 1422 4636 Argumen-

91 4647 141 4704 tum
156 4647 261 4727 ingens,
286 4656 342 4711 aut
361 4647 466 4709 Lunae
492 4655 590 4710 motus
615 4669 651 4710 ex
666 4649 748 4712 Solis
766 4650 878 4711 virtute
902 4644 1050 4728 proticisci
1074 4651 1105 4704 et
1128 4643 1252 4726 physice
1276 4645 1422 4724 inaequa-

90 4727 125 4790 les
146 4755 218 4812 esse,
251 4737 332 4818 quod
369 4736 563 4798 vehomenter
595 4738 737 4800 abhorret
761 4737 883 4817 Tyr-lm:
917 4744 970 4797 aut
999 4733 1126 4814 primum
1156 4741 1266 4794 motum
1291 4730 1420 4794 Telluris

90 4821 216 4888 retonans
239 4827 373 4890 dirersis
401 4826 585 4906 temporibus
618 4826 799 4910 inaequabili
832 4821 1052 4896 administrari,
1087 4831 1175 4904 prout
1199 4821 1251 4884 Sol
1276 4827 1307 4882 et
1330 4820 1423 4881 Terra
