3566 5536
326 257 392 328 090
804 256 844 309 ns
863 257 1031 310 semron
1048 255 1199 324 0000000

327 459 442 523 000000
466 439 553 514 lixae,
576 455 630 518 pru
653 443 761 498 natura
783 435 850 510 loci,
875 434 926 518 qui
948 435 1162 498 inaestimabili
1184 435 1343 499 intervallo
1356 433 1511 513 aregione
1525 429 1696 496 mobilium

327 530 432 600 dietate
461 528 631 592 rarissimae
656 525 747 587 ctiam
769 533 802 586 et
824 524 953 588 maxime
977 525 1144 601 diuturnae,
1167 545 1236 588 cum
1259 525 1321 588 sint
1343 533 1376 588 et
1397 525 1559 588 maximae.

415 619 471 682 lv.
517 617 607 680 Addo
638 621 670 677 et
699 622 837 696 quartum
868 623 1075 694 argumentum
1098 615 1137 678 ab
1170 614 1275 696 eclipsi
1298 613 1399 690 Solis,
1433 632 1525 695 qnam
1549 609 1692 674 Octobri

328 728 430 774 mense
452 707 590 770 vidimus.
620 703 766 784 Neapoli
797 711 880 766 lotus
913 705 1031 785 quidem
1059 701 1113 768 801
1141 712 1241 768 100100
1273 703 1434 786 apparuit,
1465 704 1520 766 sed
1549 701 1691 764 eundem

326 801 415 881 plane
438 796 477 858 ad
501 795 631 870 modum,
656 793 901 874 quemadmodum
923 793 1104 856 Plutarchus
1128 802 1199 856 ants
1224 814 1318 857 00000
1345 791 1429 857 1500
1451 803 1484 856 01
1507 791 1575 873 ipse
1602 789 1691 852 vidit

325 887 474 969 aliqnam;
507 885 593 965 cujus
623 884 717 947 verba
744 902 783 944 ex
814 883 866 945 fol.
891 880 956 946 318
988 900 1119 946 meorum
1143 881 1319 964 Optieorum
1347 883 1424 945 hacc
1454 890 1543 945 sunt:
1575 892 1692 946 111οω1

327 986 437 1059 quidam
457 986 587 1056 splendor
607 983 681 1038 circa
700 983 826 1048 orbitam,
848 999 903 1038 nun
923 983 1015 1038 sinens
1036 984 1125 1038 altam
1143 983 1308 1055 nimiamque
1327 983 1388 1038 deri
1407 983 1539 1038 umbram.
1591 971 1690 1034 Nea-

329 1065 466 1146 politana
488 1083 560 1127 vcro
583 1062 690 1126 relatio
713 1061 875 1143 superioris
895 1061 965 1124 anni
979 1061 1023 1126 sic
1036 1061 1149 1126 babet:
1174 1074 1314 1126 accurate
1337 1069 1449 1126 tectum
1464 1061 1559 1124 fnisse
1579 1069 1690 1122 toturn

326 1153 438 1224 Solem,
462 1152 682 1236 quodquidam
706 1171 765 1215 000
784 1151 833 1214 diu
858 1152 1031 1228 duraverit;
1055 1152 1085 1214 iu
1100 1152 1206 1226 medio,
1232 1154 1282 1215 nbi
1304 1153 1400 1228 Luna,
1426 1151 1518 1214 luisse
1543 1149 1690 1228 speciem

328 1243 414 1325 quasi
438 1244 542 1324 nigrae
560 1241 659 1312 nubis,
683 1241 876 1304 circumcirca
899 1241 1054 1305 rubentem
1075 1247 1106 1304 et
1124 1242 1292 1306 flammeum
1315 1242 1513 1324 splendorem,
1539 1239 1690 1320 aequalis

325 1333 455 1413 undique
480 1331 662 1406 latitudinis,
696 1330 746 1412 qui
769 1331 878 1393 bonam
900 1331 977 1392 coeli
998 1339 1118 1411 partem
1150 1331 1350 1411 occupaverit
1395 1329 1570 1411 Eragione
1596 1327 1689 1394 Solis

326 1441 434 1486 versus
457 1421 693 1503 septentrionem
726 1421 840 1483 coelum
873 1419 1031 1483 obscurum
1059 1419 1168 1500 plane,
1199 1433 1322 1484 utrum
1354 1421 1501 1501 profunda
1523 1438 1586 1481 nox
1612 1427 1687 1490 est;

328 1511 437 1576 stellas
461 1519 563 1574 tamen
586 1530 646 1574 000
668 1508 761 1574 visas.
808 1509 852 1573 Ut
881 1517 981 1572 autem
1014 1509 1088 1572 nibil
1121 1510 1239 1574 dubites
1262 1511 1299 1574 de
1321 1511 1379 1572 lide
1407 1508 1572 1584 historiae,
1609 1525 1687 1568 ecce

328 1601 420 1664 aliam
452 1620 490 1664 ex
521 1599 681 1674 Flandria,
711 1598 762 1662 ubi
794 1618 851 1661 nou
884 1607 966 1662 totus
998 1599 1116 1680 quidem
1140 1598 1193 1663 Sol
1225 1607 1347 1675 tectus;
1378 1599 1569 1680 prominebat
1598 1597 1685 1658 enim

326 1709 468 1772 suprema
490 1708 561 1772 pare
585 1687 688 1752 circuli
706 1686 823 1750 Solaria
846 1688 946 1751 lucida
969 1688 1128 1750 latitudine
1150 1688 1236 1752 unius
1260 1689 1348 1769 digiti
1371 1696 1425 1751 aut
1446 1687 1562 1751 dimidii
1587 1688 1686 1760 (sane

326 1780 397 1862 qnia
420 1778 616 1859 Antverpiae,
640 1777 771 1840 citeriori
794 1777 876 1854 luco,
901 1777 1045 1840 exstabat
1067 1779 1214 1859 digitus);
1238 1780 1292 1842 sed
1316 1787 1416 1842 tamen
1439 1778 1548 1858 globus
1570 1777 1685 1838 lunae

325 1869 425 1943 visus,
460 1869 616 1932 declinans
649 1867 687 1930 ad
723 1866 927 1946 nigredinem,
965 1868 1067 1929 luscus
1099 1876 1153 1930 aut
1183 1869 1270 1950 quasi
1300 1867 1423 1948 iuligine
1457 1876 1579 1942 tectus,
1614 1883 1686 1927 cnm

324 1959 460 2040 superior
491 1955 733 2022 circumferentia
754 1957 858 2019 Lunae
889 1963 973 2018 esset
1003 1965 1070 2018 tota
1101 1957 1230 2019 candida
1252 1965 1284 2020 et
1312 1956 1398 2039 quasi
1427 1957 1528 2038 ignea.
1576 1955 1625 2016 Et
1648 1963 1686 2015 nt

324 2054 487 2125 constaret,
503 2048 598 2110 visum
613 2067 681 2110 esse
704 2047 801 2110 locum
816 2044 891 2108 di'sci
905 2045 1010 2108 Lunae
1028 2045 1144 2126 integre
1160 2047 1426 2129 circumscriptum,
1447 2045 1534 2110 addit
1556 2045 1684 2119 relatio,

324 2138 421 2202 locum
444 2155 569 2214 omnem,
594 2135 624 2199 iu
648 2155 734 2218 quern
757 2157 777 2200 a
798 2134 871 2198 Sole
893 2135 976 2197 visus
1005 2155 1130 2198 aversus
1160 2136 1357 2216 dirigeretur,
1389 2136 1485 2199 visum
1508 2154 1579 2198 esse
1607 2134 1684 2196 iuli-

324 2226 460 2307 giuosum
501 2225 742 2300 circumferentia
777 2225 875 2305 ignea.
929 2224 998 2288 Nou
1035 2233 1156 2305 poterat
1183 2225 1292 2306 igitur.
1312 2227 1538 2307 phaenomeuon
1577 2223 1685 2312 ipspm

324 2315 436 2379 habere
465 2315 573 2392 aliter,
605 2314 690 2394 cujus
720 2314 837 2394 speeies
860 2314 891 2376 in
915 2312 1000 2376 oculo
1029 2313 1100 2376 10110
1133 2325 1209 2378 erut
1255 2313 1360 2378 Simile
1391 2315 1545 2396 quippiam
1578 2312 1684 2374 visum

471 2422 525 2490 urg.
545 2417 570 2472 1.
721 2413 770 2467 est
782 2402 922 2466 Jeasenio
938 2404 1055 2484 Torgae
1078 2403 1109 2465 in
1133 2404 1237 2485 eclipsi
1260 2405 1331 2467 anni
1357 2401 1451 2468 1598.
1487 2402 1581 2466 Vidit
1599 2403 1684 2464 enim

725 2493 882 2574 splendore
905 2491 1023 2554 Lunam
1046 2493 1135 2572 plane
1158 2495 1247 2574 cingi.
1294 2494 1375 2557 Vide
1398 2511 1467 2574 pag.
1492 2490 1561 2556 318
1583 2488 1683 2572 Opti-

725 2602 842 2660 cornm,
882 2580 932 2643 ubi
960 2600 1065 2644 vocem
1097 2582 1178 2645 aeris
1215 2585 1276 2646 1010
1311 2583 1413 2666 accipe
1445 2601 1500 2665 pro
1530 2582 1685 2644 aetherea

725 2672 817 2736 etiam
840 2666 1079 2746 0010100110.”)

813 2761 870 2822 Hic
894 2779 1022 2842 quaero,
1056 2759 1177 2842 quinam
1205 2761 1294 2824 luerit
1317 2762 1368 2824 ille
1398 2760 1540 2841 splendor
1570 2761 1684 2840 igneus

725 2851 913 2914 circumdans
936 2849 1067 2925 Lunam,
1096 2869 1172 2930 quae
1196 2851 1235 2912 ad
1262 2851 1359 2914 visum
1381 2859 1448 2914 erat
1470 2849 1542 2914 8010
1569 2851 1680 2930 major,

724 2940 794 3023 quia
833 2948 929 3002 totum
960 2937 1064 3002 Solem
1098 2940 1321 3003 absconderat?
1371 2941 1434 3002 Imo
1467 2939 1592 3022 quinam
1629 2939 1682 3002 ille

723 3029 880 3112 splendor,
913 3028 962 3109 qui
985 3028 1101 3091 Lunam
1124 3029 1163 3090 ab
1187 3029 1325 3093 interiore
1349 3029 1456 3104 limbo,
1488 3049 1546 3111 quc
1572 3027 1681 3092 Solem

723 3120 797 3183 baec
829 3119 868 3181 ad
899 3117 987 3180 unius
1017 3117 1104 3198 digiti
1138 3118 1327 3182 latitudinem
1363 3119 1548 3195 excedebat,
1583 3119 1679 3181 nibil-

723 3208 839 3271 ominus
867 3207 1128 3288 amplectebatur?
1160 3207 1310 3289 Splendor
1342 3217 1408 3272 erat
1431 3208 1529 3284 80110,
1566 3208 1677 3290 100010.

603 3296 604 3301 ’
723 3298 856 3372 Verum;
879 3307 913 3359 at
935 3315 994 3358 nou
1016 3297 1074 3358 hoc
1097 3297 1259 3378 quaeritur,
1285 3300 1339 3362 sed
1363 3317 1512 3387 quaenam
1533 3297 1678 3371 materia,

632 3398 645 3424 ·
722 3385 871 3468 quoduam
895 3385 1068 3466 subjectum,
1093 3386 1122 3448 in
1147 3406 1205 3468 quo
1228 3387 1359 3452 inhaesit
1381 3389 1441 3452 istc
1460 3387 1542 3451 80110
1568 3389 1677 3468 00100-

721 3475 797 3538 dor?
820 3476 892 3554 Ipsa
915 3493 1040 3557 namque
1063 3492 1118 3555 per
1141 3495 1173 3538 se
1198 3477 1248 3540 lux
1271 3478 1409 3558 digressa
1432 3499 1452 3540 a
1469 3497 1523 3540 suo
1547 3495 1678 3558 corpure

721 3564 802 3626 cerni
826 3583 883 3627 000
907 3573 1010 3646 potest
1032 3564 1090 3627 nisi
1113 3564 1142 3626 in
1167 3566 1322 3645 subject03
1346 3567 1418 3648 quia
1435 3565 1575 3647 nuspiam
1599 3585 1677 3629 cou-

721 3652 814 3728 sistit,
839 3653 976 3734 nuspiam
998 3653 1173 3735 impingitur
1195 3655 1251 3718 nisi
1275 3656 1304 3718 10
1329 3675 1423 3738 opaco
1447 3657 1577 3741 quodam
1600 3654 1678 3718 snb·

717 3743 812 3823 jecto.
865 3740 900 3805 Si
937 3743 1037 3819 dicas,
1071 3749 1171 3806 adrem
1207 3744 1300 3828 fuisse
1333 3747 1400 3810 huic
1434 3745 1589 3827 splendori
1621 3763 1676 3826 pro

722 3831 1075 3912 subjecto,'diversorum
1098 3833 1231 3896 locorum
1253 3835 1448 3916 experientiis
1472 3834 1675 3898 diversimode

719 3921 900 3984 relutabere.
947 3921 1158 3984 Iu·schemate
1190 3923 1386 4001 0110011801,
1421 3921 1459 3999 dd
1484 3925 1591 4000 Luna,
1624 3919 1680 4002 001

721 4029 814 4073 00000
846 4010 989 4074 umbrae:
1023 4010 1130 4090 globus
1163 4011 1293 4076 Telluris
1317 4037 1356 4082 ar,
1401 4015 1500 4096 Igitur
1530 4013 1673 4094 Neapoli,

721 4099 770 4182 qui
794 4100 877 4164 locus
905 4099 1092 4180 concipiatur
1114 4101 1144 4162 in
1168 4123 1195 4176 s,
1221 4109 1304 4164 totus
1328 4102 1382 4166 Sol
1410 4103 1509 4167 latuit.
1554 4104 1602 4165 At
1624 4102 1674 4164 ubi

720 4189 776 4254 801
798 4189 893 4266 10101,
924 4189 951 4252 10
974 4191 1057 4252 10000
1080 4189 1111 4253 10
1140 4189 1244 4254 umbra
1267 4200 1315 4255 est
1337 4193 1458 4269 Lunae,
1491 4201 1566 4272 puta
1594 4193 1674 4254 iutra

603 4264 608 4293 ³
719 4305 738 4356 ι,
763 4300 798 4342 a:
823 4298 915 4360 quare
937 4278 991 4340 illa
1013 4279 1112 4359 portio
1136 4280 1230 4354 atris,
1263 4299 1317 4361 per
1340 4302 1428 4364 quam
1452 4283 1569 4363 species
1594 4279 1674 4362 ignei

719 4369 888 4449 splendoris
902 4368 1020 4429 Lunam
1042 4368 1177 4449 proxime
1196 4370 1383 4435 circumdans
1398 4372 1428 4434 in
1443 4373 1546 4434 oculos
1565 4371 1673 4434 obser·

718 4457 833 4520 vetoris
857 4465 906 4519 est
929 4456 1071 4536 delapsa,
1096 4457 1150 4521 illa
1176 4457 1297 4539 inquam
1327 4461 1426 4541 portio
1450 4460 1530 4524 01010
1553 4459 1673 4524 eratin

718 4547 823 4610 umbra
846 4547 951 4609 Lunae
974 4546 1055 4608 iutra
1077 4569 1123 4610 vr.
1170 4545 1224 4610 Sol
1248 4549 1340 4628 igitur
1367 4557 1468 4614 aerem
1489 4551 1591 4626 illum,
1625 4550 1673 4612 cni

718 4636 858 4699 tribuitur
886 4635 1029 4716 splendor
1055 4635 1114 4698 iste
1138 4637 1176 4700 ab
1200 4647 1392 4719 opponente„
1408 4659 1468 4704 non
1496 4639 1671 4704 illustravit.

718 4725 809 4787 Dicet
839 4725 941 4787 forsan
971 4723 1180 4801 adversarius,
1217 4729 1369 4810 margines
1396 4730 1502 4792 Lunae
1531 4729 1672 4811 Solisque

718 4815 794 4876 adeo
817 4814 954 4894 praecise
978 4813 1104 4880 invicem
1128 4814 1307 4898 applicatos,
1331 4825 1365 4883 ut
1381 4837 1440 4883 non
1454 4818 1531 4883 bene
1554 4818 1671 4882 discer-
