3464 5524
228 416 235 429 Ι
267 323 288 409 b
684 345 783 396 thsras
801 341 902 409 Keplerl
922 341 1071 408 dierumque
1090 346 1191 392 nantuac

270 527 390 584 ceteros
421 519 601 584 observandi
634 519 740 582 modos
774 519 882 582 eludit:
916 519 946 580 iu
979 517 1053 579 solis
1086 516 1254 580 domatibus
1278 513 1434 580 Solarihus
1457 514 1625 595 peritorum

267 611 433 692 optinorum
457 611 560 673 oculos
584 609 712 671 omnium
735 607 903 670 rectissime
926 607 1069 669 incurrit:
1100 607 1207 688 quiut
1228 606 1280 667 ills
1302 607 1399 667 Persa
1420 602 1501 668 Solis
1525 609 1625 665 ortum
1710 651 1716 656 .

268 697 422 762 conversis
445 699 485 760 ad
508 715 646 760 occasum
667 697 775 772 oculis,
800 696 842 758 sic
866 697 964 777 ipsum
986 696 1135 758 defectum
1159 697 1236 759 facie
1260 691 1374 756 a'Sole
1403 711 1511 754 aversa
1534 707 1627 770 snper

268 787 374 849 tabula
396 787 556 849 tenebroso
582 788 647 848 loco
671 785 868 848 delitescente
893 784 1144 863 contemplantur.
1177 783 1274 854 Quem
1298 783 1419 846 modurn
1443 777 1626 842 observandi

269 875 327 938 etsi
350 876 475 938 tradunt
498 881 650 949 suctores,
676 891 732 936 non
756 883 829 954 puto
844 882 945 936 tamen
960 878 1137 953 usurpatum
1157 874 1331 953 a'l'ychons
1355 869 1503 932 destituto
1527 867 1628 946 eclip-

268 963 354 1026 sibus
376 964 511 1044 magnis3
533 971 563 1024 et
586 963 646 1042 ipsi
670 963 761 1025 etiam
777 971 915 1025 auctores
930 961 1060 1023 nondum
1075 961 1151 1022 hano
1167 961 1334 1023 doctrinam
1356 959 1402 1021 its
1420 959 1629 1026 excoluerunt,

270 1052 314 1114 uti
338 1052 434 1115 excoli
458 1059 576 1132 potest:
608 1053 715 1124 eredo,
739 1052 810 1132 quia
832 1071 917 1114 raruss
942 1051 1007 1129 ejus
1031 1069 1103 1111 usus
1127 1055 1184 1111 est.

358 1139 418 1204 Sed
452 1141 491 1202 ad
523 1159 585 1202 rem
617 1141 713 1220 ipsam
744 1150 792 1202 est
831 1141 1041 1203 accedendum.
1090 1140 1125 1200 Iu
1158 1139 1306 1220 eclipseos
1338 1137 1459 1215 negotio
1496 1134 1629 1214 primum

269 1231 367 1292 locum
391 1227 447 1291 sibi
479 1229 634 1292 vindicant
664 1237 763 1292 motus
787 1229 985 1292 luminarium.
1032 1229 1145 1290 Locum
1169 1229 1269 1308 itaque
1286 1227 1367 1289 Solis
1395 1243 1497 1286 verum
1521 1223 1630 1304 Tycho

269 1337 307 1380 ex
339 1317 568 1380 comentissimis
601 1319 714 1381 tubulis
748 1320 785 1380 ad
819 1319 971 1381 meridiem
1004 1317 1190 1397 aequabilem
1224 1317 1283 1378 diei
1321 1314 1370 1378 to.
1393 1312 1467 1376 Jutti
1500 1321 1532 1374 et
1559 1329 1630 1373 me-

268 1406 416 1559 ppiapupn
443 1402 654 1469 Haeonensem
687 1408 844 1470 constituit
878 1401 937 1470 18⁰
959 1404 991 1468 δ’
1015 1421 1062 1481 ea,
1099 1405 1278 1467 diametrum
1313 1400 1394 1467 Solis
1428 1408 1632 1482 apparentem

392 1494 412 1528 u

357 1583 390 1644 ln
415 1583 546 1658 motibus
570 1585 675 1645 Lunae
700 1584 806 1646 mediis
831 1583 997 1646 adhucdum
1028 1584 1122 1646 utitur
1146 1579 1320 1644 Ganonibus
1344 1578 1528 1653 Protenicis,
1568 1573 1633 1638 nisi

269 1669 348 1751 quod
375 1680 423 1734 tot
447 1673 555 1733 seculis
584 1673 657 1753 quot
681 1674 747 1752 jam
771 1695 790 1734 a
812 1673 1027 1736 Nabonassare
1051 1673 1138 1751 lapsa
1161 1679 1246 1743 sunt,
1271 1669 1412 1751 Τγειιοιιε
1431 1667 1533 1748 judice
1559 1665 1633 1726 exi-

268 1779 327 1839 guo
351 1761 484 1841 spatiolo
508 1761 633 1824 ulterius
656 1763 794 1840 pervenit
818 1763 922 1825 Lunae
946 1761 1169 1832 concentricus,
1197 1779 1285 1840 quam
1309 1780 1327 1821 a
1351 1757 1518 1822 Prutsnicis
1543 1755 1632 1818 indi-

268 1855 368 1918 catur,
402 1851 549 1928 scrupulis
573 1870 616 1912 sc.
645 1847 750 1913 t‘20‘t
798 1851 976 1914 Anomaliae
999 1869 1071 1912 vero
1095 1850 1199 1914 eodem
1223 1849 1310 1912 modo
1342 1849 1428 1910 addit
1450 1867 1509 1910 scr.
1534 1841 1632 1909 8‘0“.

270 1935 454 2000 Latitudinis
479 1947 590 2000 motum
615 1939 755 2020 relinquit
777 1939 972 2015 invariatum,
997 1947 1140 2020 quantum
1165 1937 1283 2017 quidem
1306 1939 1379 2000 mihi
1402 1943 1534 2000 constat.

359 2027 409 2087 Ad
434 2027 644 2106 explicandum
667 2046 769 2090 verum
793 2027 897 2091 Lunae
922 2037 1035 2092 motum
1058 2029 1226 2107 indigemus
1245 2025 1447 2108 explicatione
1471 2031 1634 2106 systema-

269 2112 309 2174 tis
323 2113 461 2177 Lunaris.
493 2112 561 2184 Quo
595 2115 659 2178 loco
684 2135 781 2178 meam
805 2117 900 2199 ipsius
923 2137 1032 2199 sequor
1055 2115 1234 2180 sententiam
1251 2116 1355 2178 ascitis
1370 2113 1551 2198 Tychonicis
1566 2132 1633 2174 nu-

269 2201 369 2266 meris.
398 2203 519 2266 Etenim
542 2204 594 2266 ille
609 2203 768 2286 Copemici
791 2207 928 2288 vestigiis
942 2207 1086 2270 insistens
1099 2205 1260 2288 plurimum
1283 2205 1427 2266 abhorret
1449 2224 1468 2265 a
1489 2209 1634 2265 motuum

270 2290 501 2372 inaequalitate,
537 2293 702 2372 cujusmodi
727 2296 920 2358 Ptolemaeus
949 2297 1126 2359 introduxit.
1173 2295 1278 2373 ltaque
1310 2299 1344 2355 nt
1367 2311 1469 2356 omnes
1494 2309 1635 2354 errorum

269 2379 373 2441 Lunae
397 2381 511 2442 formas
534 2401 588 2461 per
612 2390 711 2444 motus
735 2385 911 2447 circulorum
936 2385 1076 2464 aequales
1100 2402 1191 2464 super
1209 2382 1321 2444 centris
1344 2379 1474 2462 propriis
1499 2380 1635 2442 demon-

269 2474 360 2544 stret,
398 2467 543 2548 plurimos
573 2470 698 2532 adhibet
720 2473 886 2548 orbiculos,
922 2493 1046 2552 quorum
1070 2470 1296 2535 coacervatione
1320 2471 1466 2550 perplexa
1488 2467 1636 2531 redditur

267 2556 445 2637 systematis
469 2559 697 2639 contemplatio.
736 2561 827 2635 Mihi,
852 2563 987 2643 quamvis
1002 2569 1187 2641 repugnante
1202 2559 1327 2622 multum
1348 2557 1500 2640 Tyehone,
1526 2558 1636 2636 magis

266 2651 394 2706 naturae
418 2664 552 2708 consona
574 2646 694 2710 videtur
716 2649 909 2731 simplicitas,
935 2671 1022 2730 quam
1037 2657 1072 2712 ut
1086 2649 1247 2721 obtineam,
1271 2646 1475 2708 Ptolemaicae
1490 2653 1636 2708 motuum

267 2733 479 2812 inaequalitati
514 2737 678 2798 remedium
711 2747 759 2799 est
791 2739 1029 2818 apeoitissimis
1062 2745 1188 2800 naturae
1219 2735 1425 2816 penetralibus
1448 2734 1634 2814 petendum.

268 2819 345 2884 Dico
371 2841 442 2902 ergo
467 2831 571 2886 contra
604 2843 693 2906 quam
717 2825 902 2908 Copemicus
926 2827 974 2889 vel
998 2827 1116 2909 Tycho,
1150 2835 1275 2887 naturae
1306 2823 1435 2885 maxime
1462 2841 1635 2884 consonum

269 2927 353 2983 esse,
377 2917 416 2971 ut
438 2912 590 2991 planeta
613 2921 719 2976 tanto
742 2917 824 2994 plus
849 2937 867 2977 a
890 2915 1090 2977 celeritate
1113 2921 1234 2976 motus
1258 2913 1449 2983 remittat,
1483 2919 1635 2989 quanto

269 2999 423 3076 longius
447 3019 466 3060 a
489 3009 617 3064 centro
642 3021 704 3065 sno
729 3003 956 3080 digreditur:
980 3012 1142 3084 propterea
1165 3002 1242 3084 quod
1267 3007 1298 3062 et
1311 3009 1444 3060 veterum
1460 3006 1533 3059 ante
1548 2997 1636 3062 Pto·

267 3087 420 3148 lernaeum
443 3095 475 3148 et
498 3095 603 3150 nostra
626 3097 729 3152 aetate
753 3089 912 3171 Copernici
936 3099 967 3152 et
994 3092 1060 3170 jam
1084 3091 1233 3171 'lychonis
1263 3089 1424 3150 observata
1447 3094 1638 3150 constanter

268 3180 441 3235 testantur:
467 3176 609 3238 virtutem
633 3179 788 3240 matricem
805 3197 820 3239 e
836 3188 938 3241 centro
962 3179 990 3240 in
1016 3177 1275 3241 circumferentiae
1299 3175 1501 3255 capacitatem
1517 3175 1634 3238 distri·

269 3261 330 3322 bui.
377 3261 484 3350 ltaque
509 3263 604 3326 virtus
633 3275 745 3345 quanto
778 3267 895 3346 longius
921 3267 1101 3349 digreditur,
1135 3275 1221 3327 tanto
1253 3265 1350 3342 magis
1384 3269 1565 3325 attenuatur
1602 3266 1634 3326 in

269 3349 482 3428 spatiosiorem
508 3353 610 3415 orbern
641 3354 788 3432 dispersa.
836 3357 934 3417 Minor
964 3373 1035 3434 ergo
1059 3362 1159 3418 motus
1182 3354 1341 3435 impressio
1366 3359 1414 3412 est
1436 3351 1466 3412 in
1492 3353 1634 3433 planeta,

272 3454 340 3500 oum
363 3437 390 3498 is
414 3440 473 3501 alio
505 3450 604 3503 motus
629 3443 774 3522 principio
797 3445 832 3506 fit
855 3445 998 3506 remotior
1021 3465 1039 3505 a
1062 3444 1133 3505 sede
1150 3442 1280 3504 virtutis.
1320 3439 1394 3502 Cnm
1418 3439 1511 3518 igitur
1536 3442 1636 3503 etiam
1672 3446 1680 3458 ⁴

270 3525 377 3589 Lunae
407 3527 541 3618 accidat,
576 3538 610 3590 ot
637 3531 704 3610 jam
727 3533 850 3612 propius
881 3533 961 3594 absit
985 3554 1003 3594 a
1027 3539 1129 3594 centro
1154 3531 1198 3591 sui
1223 3529 1316 3604 orbis,
1352 3529 1429 3608 quod
1454 3529 1552 3590 Terra
1587 3538 1638 3591 est

272 3617 324 3689 (ut
347 3627 412 3676 cum
437 3623 533 3679 totum
551 3617 654 3681 Solem
679 3622 781 3700 tegit),
802 3623 868 3702 jam
892 3622 1009 3701 longius
1035 3623 1083 3693 (ut
1107 3639 1173 3681 eum
1196 3617 1338 3680 circulum
1363 3617 1399 3678 de
1424 3613 1497 3678 Sole
1522 3617 1635 3679 lucen-

273 3711 335 3765 tem
358 3703 531 3785 relinquit),
566 3709 685 3771 accidet
708 3710 803 3772 eidem
828 3709 934 3784 etium,
967 3719 1000 3771 ut
1032 3711 1063 3771 in
1086 3709 1143 3770 hac
1172 3725 1282 3786 magna
1305 3704 1453 3767 distantia
1475 3704 1638 3768 lentescat

272 3787 339 3872 ejus
363 3801 477 3869 motus,
512 3795 541 3856 in
573 3795 626 3857 illa
648 3797 785 3861 breviore
808 3799 991 3861 intendatur.
1039 3799 1103 3859 Hoc
1126 3802 1217 3876 pacto
1248 3793 1466 3855 ratiocinantes
1491 3813 1530 3856 ex
1555 3813 1635 3856 con·

217 3946 221 3952 ,
272 3880 408 3943 cantrico
433 3889 465 3944 et
489 3883 604 3946 duobus
627 3886 785 3967 epinyclis,
810 3906 884 3967 quos
899 3887 991 3948 habet
1006 3886 1122 3968 Tycho,
1147 3901 1235 3944 unum
1257 3881 1452 3943 retinebimus
1477 3884 1635 3945 eccentri-

271 3985 339 4031 cum
365 3969 450 4050 eique
475 3971 695 4051 assignabimus
717 3983 852 4036 nentrum
873 3975 1021 4054 quoddam
1041 3972 1234 4053 aequalitatis
1265 3971 1353 4048 longe
1377 3987 1469 4048 snpra
1493 3977 1636 4033 centrum

272 4058 365 4119 orbis.
410 4059 462 4121 Ad
492 4059 569 4122 hanc
592 4079 656 4123 rem
679 4063 865 4141 probandam
889 4062 1004 4124 inverte
1030 4061 1177 4144 quoddam
1207 4059 1372 4137 optinorum
1401 4058 1534 4120 axioma.
1584 4058 1635 4120 Illi

272 4145 352 4208 enim
376 4146 438 4210 sie:
465 4151 510 4209 Ta
532 4145 727 4230 ποῤῥωτεροι
750 4161 898 4229 φερομιιά
921 4153 1105 4232 βραὸντεροι
1128 4151 1269 4210 κινεισθαι
1292 4151 1380 4208 donar.
1413 4145 1455 4207 Et
1478 4147 1549 4209 hinc
1574 4167 1636 4209 na-

273 4242 398 4296 scuntur
421 4237 508 4299 nobis
533 4240 711 4314 eccentrict,
742 4240 876 4319 quamvis
901 4239 955 4300 hos
980 4239 1069 4300 etiarn
1094 4236 1214 4298 aliunde
1237 4233 1411 4313 probemus,
1447 4236 1635 4316 praesertim
1686 4241 1693 4251 “

275 4321 303 4381 in
328 4323 526 4386 luminaribus
550 4345 587 4388 ex
607 4327 745 4389 variabili
769 4328 979 4388 diametrorum
1003 4345 1151 4388 mensura.
1198 4323 1264 4402 Ego
1288 4321 1347 4383 sio:
1379 4323 1424 4384 Τα
1446 4325 1638 4405 βραδυτεροι

274 4431 408 4486 uespera
431 4409 624 4494 ιιοῤῥωειροι
647 4421 797 4494 aspectas
820 4419 907 4476 tauns.
948 4413 1022 4476 Cum
1046 4415 1187 4498 planetae
1207 4419 1305 4472 motus
1329 4411 1423 4472 multo
1447 4411 1560 4474 lentior
1574 4419 1636 4485 est,

275 4514 365 4578 quam
388 4511 545 4580 comperta
567 4503 633 4581 ejus
663 4501 872 4583 propinquitas
895 4501 1022 4581 patitur,
1056 4510 1126 4562 tunc
1160 4499 1276 4576 culpam
1310 4499 1471 4560 secundum
1502 4501 1636 4579 primum

274 4587 394 4648 axioma
416 4587 446 4650 in
470 4590 666 4652 remotionem
691 4591 894 4662 conferentes,
926 4591 1013 4668 longe
1037 4585 1225 4650 remotiorem
1250 4605 1314 4646 eum
1339 4586 1499 4659 (metiendi
1523 4591 1637 4660 causa)

275 4673 416 4750 facimus,
441 4693 531 4756 quam
554 4695 624 4741 vere
649 4686 706 4740 est.
753 4679 859 4758 ltaque
884 4684 1019 4738 centrum
1042 4677 1133 4738 altius
1158 4682 1299 4754 tanquam
1323 4674 1388 4735 orbi
1412 4675 1508 4738 multo
1533 4677 1636 4758 magis

274 4764 444 4827 eccentrico
468 4765 668 4846 assignamus.
1577 4779 1579 4784 '

364 4849 415 4914 Sit
436 4853 589 4928 ATerra,
615 4855 640 4915 B
665 4859 798 4915 centrum
823 4849 1000 4928 eccentrici,
1026 4849 1201 4914 C'centrum
1225 4849 1431 4930 aequalitatis,
1456 4851 1482 4911 T
1506 4853 1638 4934 planeta
