3684 5518
744 281 826 347 ⁰⁸n¹¹t
845 278 891 334 lv.
911 279 936 332 ⁷·
1450 279 1516 347 200

167 460 256 516 erunt
280 455 429 534 aequales
457 454 514 517 AB
544 463 575 518 et
597 455 664 518 DE.
712 455 762 519 Sit
789 457 868 520 enim
894 455 978 520 ACB
1005 458 1095 538 plane
1126 476 1203 538 qua·
1300 455 1353 522 mg.
1373 452 1416 504 ⁷²·

168 543 276 618 draus,
300 553 419 624 quanta
442 544 561 626 quidem
585 545 733 620 distantia
755 564 822 608 raro
851 546 969 626 capitur
996 546 1202 610 instrumentis
1492 553 1532 610 ⁰.

168 649 316 712 nunquam
348 632 468 713 qnidcur
498 635 689 696 sextantibus
713 634 906 716 iischcuiois,
934 654 1084 716 nunqnam
1108 635 1201 698 radiis

167 729 220 782 ant
241 720 356 784 baculis
380 723 608 798 astronomicis,
632 741 669 784 ne
693 723 815 785 nimium
846 724 923 786 oculi
950 732 1147 806 torqueantur
1170 732 1201 786 et

168 809 338 871 observatio
361 811 453 873 infida
475 811 633 874 efficiatur.
680 813 824 874 Demissa
846 812 939 892 igitur
960 813 1199 893 perpendiculari

168 895 227 970 OF,
250 898 312 960 erit
335 897 415 960 CFE
438 910 554 973 rectus,
578 899 657 964 Fon
681 895 752 976 45⁰,
782 900 852 981 quia
874 899 959 963 DCE
981 902 1142 970 isosceles,
1167 909 1199 962 et

168 984 218 1047 ΟΕ
242 981 304 1050 89⁰
327 982 390 1050 26⁴.
436 989 477 1050 Et
499 997 535 1050 ut
557 988 640 1051 sinus
664 986 743 1050 OFE
767 991 806 1050 ad
835 990 932 1050 sinum
957 988 1024 1064 ΟΕ,
1049 990 1093 1052 sic
1116 991 1199 1052 sinus

166 1071 244 1136 FOE
277 1077 316 1136 ad
350 1077 447 1138 sinum
469 1078 537 1152 ΒΕ,
569 1079 653 1157 cujus
688 1079 809 1157 duplum
833 1085 881 1138 est
903 1077 970 1140 DE.
1016 1080 1123 1159 [taque
1146 1097 1200 1158 pro
1231 1103 1256 1154 ῃ

167 1181 212 1235 ec,
235 1164 317 1244 quod
340 1165 396 1226 AB
422 1167 519 1228 haeret
542 1161 616 1240 90⁰,
651 1165 708 1228 DE
736 1167 884 1229 distantia
916 1165 1052 1229 involuta
1083 1167 1200 1229 refrac-

167 1252 298 1314 tiouihus
322 1253 382 1314 erit
404 1249 465 1318 89⁰
483 1249 538 1317 59‘
557 1249 623 1316 ‘13⁴‘
636 1274 645 1316 r
669 1254 839 1317 differentia
863 1251 934 1317 17⁴⁴.
975 1255 1075 1318 Minor
1098 1256 1200 1332 etiarn,

169 1343 217 1404 uhi
243 1340 393 1404 distantia
416 1342 483 1422 ipsa
505 1343 562 1404 ΑΒ
586 1342 681 1405 minor
704 1343 840 1407 sumitur.
1224 1328 1247 1378 Α

257 1429 345 1502 Quae
368 1450 439 1493 vero
463 1441 535 1494 suut
557 1432 760 1511 propositione
775 1427 830 1504 53,
853 1431 931 1512 quod
951 1430 1115 1494 distantiae
1134 1433 1292 1500 stellarum
1310 1437 1359 1498 vel
1384 1436 1522 1499 diametri
1572 1409 1574 1412 Ι
1667 1441 1671 1450 “

168 1519 298 1582 sidemm
321 1519 476 1582 avertice
499 1539 604 1594 versus
628 1521 811 1583 horizontem
833 1527 1000 1602 porrectae,
1025 1520 1052 1582 si
1072 1524 1252 1602 praesertim
1276 1525 1354 1588 alter
1378 1527 1523 1588 terminus

168 1610 209 1670 sit
232 1609 380 1672 horizonti
411 1607 544 1692 vicinus,
576 1607 708 1674 minores
736 1609 821 1688 justo
854 1607 935 1672 sint:
969 1610 1043 1671 haec
1072 1611 1192 1691 inquam
1215 1621 1247 1676 et
1277 1633 1349 1678 uera
1373 1624 1404 1677 et
1432 1631 1523 1677 sensu

169 1697 322 1760 evidentia
344 1706 416 1761 suut
430 1705 463 1759 et
485 1692 656 1761 astronomo
676 1699 804 1761 rrraxime
827 1698 1001 1760 necessaria
1014 1699 1146 1778 cognitu.
1182 1701 1329 1786 Adeoque
1344 1723 1402 1765 non
1423 1704 1522 1780 oredo,

170 1788 244 1849 lianc
275 1786 511 1867 propositionem
537 1787 647 1850 lectam
684 1788 745 1851 illis
781 1787 995 1850 refractionum
1030 1787 1255 1854 Braheanarum
1287 1793 1522 1866 accusatoribus,

171 1876 337 1956 dequibus
365 1894 458 1956 supra
480 1877 510 1937 iu
534 1876 725 1939 conclusione
747 1895 794 1955 pr.
819 1873 850 1940 9.
882 1877 968 1955 hujus
1001 1875 1129 1958 capitis:
1161 1878 1230 1942 illos
1263 1879 1355 1960 igitur
1378 1882 1418 1943 ad
1445 1881 1524 1943 hanc

170 1964 405 2045 propositionem
429 1963 546 2044 ablsgo.

256 2052 340 2133 Ergo
373 2053 451 2133 quod
486 2052 610 2116 Vitellio
642 2071 729 2132 prop.
763 2047 816 2115 bt.
851 2051 988 2131 sequenti
1020 2053 1134 2131 tradit,
1168 2074 1270 2118 omues
1302 2057 1411 2119 stellas
1444 2055 1525 2118 circa

171 2142 356 2205 horizontem
375 2141 471 2204 videri
489 2141 620 2204 minores
639 2143 733 2221 justo,
760 2159 861 2203 verum
881 2148 946 2203 est:
970 2142 1050 2221 quod
1064 2161 1135 2206 vero
1156 2152 1188 2206 et
1210 2146 1356 2208 rotundas
1379 2163 1525 2225 apparere

173 2231 338 2308 contendit,
362 2230 483 2293 falsum.
529 2231 597 2294 Non
622 2229 700 2292 enim
723 2249 826 2291 verum
850 2238 912 2304 est,
935 2239 1038 2293 omnes
1062 2251 1163 2294 earum
1193 2234 1357 2297 diametros
1380 2251 1526 2314 apparere

173 2320 371 2402 aequabiliter
392 2319 542 2382 minores:
568 2319 707 2399 quoniam
731 2337 808 2399 quae
830 2335 936 2380 versus
958 2319 1103 2387 verticem
1132 2323 1312 2400 porrigitur,
1343 2323 1526 2384 adsensum

174 2412 268 2472 minor
291 2408 405 2480 evadit,
427 2427 591 2489 quaerero
611 2407 758 2470 horizonti
781 2405 976 2487 aequidistnr,
1001 2409 1176 2471 insensibile
1201 2411 1352 2490 quippiam
1375 2411 1526 2473 minuitur.

174 2497 261 2562 Unde
285 2499 397 2578 figurae
426 2497 622 2560 refractoriae
650 2497 769 2558 oralem
795 2496 921 2575 figuram
950 2497 1132 2572 sortiuntur,
1164 2499 1282 2579 qualern
1306 2507 1337 2560 et
1358 2499 1475 2561 denarii
1497 2500 1527 2560 in

178 2605 286 2668 aquam
320 2585 459 2666 conjecti,
491 2587 518 2648 si
545 2586 635 2647 valde
658 2604 696 2646 cx
719 2585 839 2665 obliquo
871 2583 1076 2662 inspiciantur.
1124 2587 1227 2667 Atque
1260 2588 1335 2650 haec
1363 2597 1411 2650 est
1442 2587 1530 2650 unica

177 2675 354 2759 propositio,
378 2675 410 2736 in
434 2694 502 2755 qua,
527 2675 576 2755 qui
599 2675 797 2736 retractiones
820 2681 946 2752 negant,
977 2673 1143 2736 tirocinium
1166 2675 1283 2756 optices
1305 2694 1446 2755 posuere,
1471 2694 1528 2737 uon

177 2765 268 2826 aliam
291 2781 360 2826 esse
383 2763 443 2827 rati
465 2763 526 2825 viru
548 2762 796 2836 retractionibus,
824 2761 882 2824 nisi
905 2762 944 2823 ad
973 2761 1131 2824 dilatanda
1154 2764 1203 2825 vel
1232 2764 1437 2826 contrahenda
1460 2782 1528 2826 cor-

175 2871 253 2934 pora
272 2871 327 2932 per
353 2852 565 2914 refractionem
591 2851 669 2914 risa.
717 2849 806 2922 Quod
833 2850 925 2930 igitur
952 2857 1163 2931 superstrnunt
1186 2853 1223 2913 de
1253 2853 1336 2914 visus
1366 2852 1530 2914 directione

175 2945 203 3003 in
227 2949 363 3004 centrum
397 2939 523 3017 sideris,
556 2959 615 3002 non
645 2947 749 3021 potest
780 2958 848 3001 esse
880 2938 1006 3013 firmius,
1041 2959 1129 3020 quam
1161 2941 1237 3002 haec
1264 2941 1334 3020 ipsa
1355 2939 1531 3003 Vitellianis

176 3030 355 3111 propositio.
404 3027 454 3092 Sit
476 3035 511 3090 ut
534 3048 638 3109 margo
663 3027 745 3116 Solis
775 3027 897 3089 inferior
923 3027 1108 3090 horizontem
1131 3029 1276 3108 stringat,
1301 3029 1367 3108 ejus
1389 3028 1531 3090 retractio

176 3119 233 3181 erit
255 3115 321 3188 342
346 3117 508 3198 superioris
531 3136 614 3190 vero,
636 3125 671 3178 ut
693 3117 743 3196 qui
766 3115 962 3178 altitudinem·
979 3116 1073 3179 habet
1096 3117 1211 3179 dimidii
1238 3117 1365 3198 gradus,
1390 3116 1532 3179 retractio

176 3209 234 3270 erit
256 3205 321 3270 29¹.
359 3207 465 3286 ltaque
488 3223 543 3286 pro
567 3201 621 3268 30‘
645 3204 792 3266 diametro
813 3202 894 3266 Solis
918 3203 1068 3267 videbitur
1091 3205 1244 3286 quantitas
1269 3204 1332 3281 25¹,
1357 3214 1534 3268 transversa

177 3314 248 3364 reru
271 3315 325 3357 sen
353 3295 501 3356 horizonti
529 3293 693 3374 parallelos
721 3293 780 3354 erit
804 3289 878 3365 30⁴,
911 3293 1135 3356 semidiameter
1164 3294 1336 3357 altitudinis
1369 3288 1449 3372 12¹1,
1462 3313 1472 3369 ;
1503 3295 1533 3356 in

178 3384 255 3446 hanc
279 3383 363 3445 visus
394 3383 542 3452 directus,
573 3387 786 3462 praeterquam
818 3378 897 3460 quod
921 3401 940 3442 a
961 3389 1027 3444 toto
1055 3399 1179 3462 corpore
1211 3382 1347 3458 aberrat,
1380 3382 1535 3446 aberrabit

181 3473 271 3536 etiarn
297 3491 317 3532 a
339 3479 443 3534 centro
467 3472 601 3551 corporis
624 3471 755 3533 refracta
779 3469 836 3530 visi
859 3487 913 3549 per
935 3464 996 3553 2¹),
1023 3470 1148 3532 minuta.

268 3561 385 3622 Eadem
409 3560 612 3642 propositione
628 3556 681 3622 54.
705 3557 832 3621 Vitellio
856 3558 952 3621 tradit
976 3559 1050 3619 duas
1074 3559 1151 3622 alias
1174 3577 1293 3633 causas,
1319 3578 1394 3639 quae
1417 3559 1534 3621 diame-

180 3659 244 3713 tros
275 3648 417 3712 luminum
444 3647 572 3712 varient.
619 3647 752 3710 Primam
779 3647 825 3709 ait
853 3663 986 3710 crassum
1013 3645 1155 3728 vaporem
1183 3645 1299 3710 duabus
1322 3646 1534 3727 superficiebus

109 3797 112 3806 .
181 3739 249 3801 hinc
273 3737 343 3799 inde
368 3736 575 3811 terminatum,
605 3755 729 3816 quarum
752 3737 851 3798 altera
873 3737 998 3810 stellae,
1023 3736 1122 3798 altera
1144 3734 1222 3797 visui
1249 3741 1352 3796 nostro
1376 3734 1536 3814 objiciatur

181 3828 279 3890 instar
308 3825 434 3888 convexi
465 3825 640 3906 perspicilli.
686 3825 752 3887 Hoc
781 3824 900 3904 quidam
931 3823 1081 3904 sphaerici
1113 3821 1207 3887 libelli
1237 3823 1410 3891 imitantur,
1442 3821 1535 3884 verba

180 3915 273 3978 etiam
297 3914 403 3976 eadem
426 3922 606 3993 usurpantes
631 3915 667 3975 dc
692 3913 814 3975 denario
833 3912 864 3974 in
880 3930 990 3992 aquam
1013 3912 1160 3991 conjecto.
1198 3911 1305 3998 ltaque
1329 3928 1412 3986 cave,
1437 3910 1533 3972 lector

179 4005 285 4068 harum
308 4022 407 4065 rerum
431 4002 580 4078 studiose,
604 4001 809 4064 confundaris.
855 4000 1062 4063 Reiracticnis
1088 3999 1222 4080 vulgaris
1249 3998 1402 4077 negotium
1424 4016 1479 4078 per
1502 4017 1534 4060 se

179 4095 241 4155 tale
266 4100 328 4167 est,
353 4098 388 4154 ut
410 4091 449 4152 ad
472 4091 502 4152 id
525 4089 693 4153 imminutio
718 4090 932 4152 diametrorum
956 4098 1107 4170 sequatur,
1132 4105 1189 4150 non
1218 4086 1425 4166 amplificatio,
1457 4087 1536 4166 quod

179 4182 326 4244 hactenus
354 4187 437 4241 recte
460 4179 609 4243 Vitellio:
634 4185 688 4240 aut
711 4177 806 4240 sicubi
829 4177 968 4240 diametri
995 4185 1119 4258 propter
1144 4174 1355 4239 refractionem
1379 4181 1536 4255 augentur,
1609 4185 1613 4192 ·

181 4267 363 4332 econtrario
386 4267 429 4330 ibi
448 4275 481 4330 et
504 4267 666 4331 distantias
691 4266 796 4346 augeri
819 4284 943 4328 necesse
968 4273 1025 4342 est,
1050 4274 1084 4328 ut
1101 4266 1132 4327 in
1156 4263 1332 4344 quibusdam
1355 4261 1536 4343 perspicillis

181 4358 315 4438 adeoque
346 4363 379 4418 et
405 4356 435 4419 iu
468 4355 592 4419 denario
622 4356 652 4417 in
685 4374 793 4436 aquarn
825 4355 983 4435 conjecto,
1014 4354 1040 4416 si
1063 4373 1082 4414 a
1105 4351 1317 4434 perpendiculo
1348 4351 1535 4432 inspiciatur.

181 4445 237 4508 Hic
261 4463 333 4508 vero
356 4445 447 4524 plane
477 4445 659 4508 casuarium
690 4443 802 4507 accidit
824 4444 852 4506 ei
875 4442 973 4518 casui,
1002 4439 1051 4522 qui
1081 4441 1189 4504 existit
1216 4440 1351 4522 projecto
1374 4440 1403 4501 in
1429 4457 1538 4520 aquam

183 4533 317 4598 denario.
357 4533 524 4596 Denarium
548 4533 626 4594 enim
650 4533 680 4594 in
704 4531 836 4594 densiori
858 4528 956 4592 medio
980 4537 1151 4592 versantem
1175 4528 1299 4608 inspicis
1322 4535 1355 4589 tn
1379 4546 1417 4589 ex
1441 4527 1538 4590 medio

183 4623 307 4687 rariori:
332 4629 367 4684 at
389 4621 498 4685 stellas
520 4621 551 4683 in
570 4620 677 4682 rariori
701 4620 799 4682 medio
821 4618 953 4681 aetheris
977 4625 1135 4680 versantes
1154 4617 1289 4679 videmus
1308 4634 1363 4678 nos
1383 4635 1421 4678 ex
1441 4615 1538 4678 medio

184 4701 315 4775 densiori
338 4710 436 4788 aeris„
466 4712 573 4790 [taque
597 4727 665 4771 cum
687 4707 735 4770 hic
749 4707 876 4770 Vitellio
895 4725 934 4770 ex
948 4705 1119 4782 Cleomede,
1145 4713 1177 4768 et
1199 4723 1237 4768 ex
1259 4704 1307 4766 his
1330 4704 1383 4766 alii
1405 4723 1538 4777 causam,

185 4815 236 4862 cnr
256 4797 407 4884 interdum
434 4797 543 4862 stellae
574 4795 735 4860 uideantur
760 4795 906 4876 majores,
928 4793 1101 4875 explicant:
1132 4811 1190 4856 non
1222 4791 1338 4872 allegat
1360 4795 1480 4868 ‘aerem
1508 4791 1538 4853 in
1630 4805 1635 4814 ·

236 4897 324 4952 ιιιιιιι
336 4899 415 4952 caua
435 4899 463 4943 a.
1295 4893 1328 4947 rt
