3672 5528
684 277 687 285 .
767 211 849 276 capus
867 212 911 262 ιι.
932 207 956 260 ι.
1474 215 1538 282 215

181 393 311 468 punam
345 403 406 464 qno
430 385 548 464 qnidam
579 393 712 466 tempore
735 394 807 466 post
828 407 942 468 pancas
974 387 1063 449 horas
1092 395 1273 452 notaverunt
1300 391 1539 471 conjunctionem

182 475 268 538 Jovis
290 481 322 536 et
346 473 453 535 Lunae
477 474 506 535 io
531 473 570 536 20
592 474 703 536 Tauri:
733 493 770 538 ne
794 477 859 556 quis
891 476 1090 550 existimaret,
1115 479 1255 556 neglecta
1285 479 1377 542 tirisse
1401 483 1440 544 ab
1463 484 1538 563 ipsis

184 563 295 626 dierum
323 563 517 644 noctiumque
541 563 628 643 justa
656 563 757 643 spatia
786 566 823 626 ob
853 565 1010 627 continuas
1044 566 1195 627 tenebras.
1242 569 1285 630 Ut
1313 576 1414 632 autem
1443 573 1539 634 omnis

185 652 330 716 dubitatio
365 651 506 728 tollatur,
540 652 588 714 die
619 650 671 715 27.
695 651 834 716 Januarii
866 661 962 716 totum
989 652 1092 716 Solem
1125 663 1230 717 extare
1264 657 1410 721 viderunt.
1455 661 1538 742 Ergo

184 740 233 808 25.
256 740 398 804 Januarii
421 748 556 804 asomum
580 740 638 802 init
659 748 768 805 ortum.
814 743 891 822 Ejus
914 743 956 805 rei
985 742 1185 806 admiratione
1213 745 1295 826 eapti
1318 748 1404 810 multi
1428 750 1538 813 uroltos

183 831 296 912 passim
319 831 498 894 consuluere
522 829 762 906 mathematicos,
789 849 913 911 qnorum
937 831 989 893 alii
1013 831 1103 904 alind,
1127 851 1182 912 ego
1207 834 1263 896 hoc
1286 836 1447 916 respondi:
1473 859 1538 901 cnm

183 921 238 986 fids
261 921 356 1000 digna
378 918 520 982 videatur
542 920 727 982 Batavorum
757 919 905 995 narratio,
935 939 1057 983 causam
1084 940 1142 983 noo
1173 942 1289 984 omnem
1322 925 1539 1004 conjiciendam

182 1008 404 1090 srsspicionibns
436 1009 467 1070 in
501 1026 630 1071 errorem
662 1015 822 1072 nautarum
855 1009 936 1071 circa
967 1009 1157 1072 altitudinem
1190 1012 1251 1090 poli
1284 1013 1538 1094 investigandam,

182 1100 260 1180 quod
284 1097 339 1160 alii
363 1097 526 1160 iaciebant.
559 1098 643 1160 ·Nam
663 1097 689 1158 si
710 1099 765 1160 hoc
789 1097 890 1160 nautis
911 1098 1037 1172 adimas,
1062 1105 1095 1160 ut
1113 1099 1193 1161 intra
1208 1097 1246 1163 5⁰
1268 1103 1396 1182 (quanto
1421 1103 1538 1183 quidem

182 1190 243 1251 lore
268 1205 341 1248 arcu
364 1185 419 1249 Sol
443 1187 483 1248 ad
506 1185 619 1249 dictum
644 1185 722 1248 diem
745 1187 825 1249 inira
848 1187 1034 1249 horizontem
1062 1187 1159 1249 adhuc
1183 1197 1250 1250 erat
1273 1190 1303 1250 ln
1326 1191 1369 1252 rei
1392 1192 1538 1264 veritate)

182 1277 254 1340 nihil
279 1275 355 1337 certi
374 1277 411 1337 de
435 1275 594 1338 altitudine
613 1276 676 1355 poli
700 1275 812 1338 habere
835 1275 962 1355 possint,
987 1275 1159 1338 universam
1173 1295 1249 1356 pene
1273 1280 1427 1342 nauticam
1450 1281 1539 1360 hujus

181 1365 276 1428 seculi
299 1364 465 1439 everteris3
489 1383 584 1445 oeque
608 1364 665 1427 hoc
689 1363 754 1426 sine
778 1364 983 1443 indignatione
1009 1365 1107 1426 ferent
1129 1365 1174 1438 illi
1194 1365 1327 1429 Palinuri
1352 1369 1388 1430 ds
1412 1389 1445 1431 se
1470 1371 1537 1432 dici.

183 1456 363 1528 Praeterea,
395 1451 430 1516 ut
457 1453 548 1515 habet
578 1453 710 1534 ipsorum
743 1453 893 1528 narratio,
924 1451 1006 1514 Solis
1039 1453 1135 1515 centri
1167 1453 1322 1518 occubitus
1349 1457 1429 1520 inter
1452 1458 1483 1522 2.
1510 1467 1542 1520 et

184 1542 213 1606 3.
238 1543 424 1606 Novembris
447 1541 516 1604 huic
544 1543 609 1623 ejus
636 1540 754 1606 exortui
782 1541 901 1604 minime
929 1541 1143 1622 respondebat.
1189 1543 1271 1624 Ergo
1295 1563 1353 1606 non
1377 1547 1407 1607 in
1432 1548 1540 1609 altito-

183 1631 337 1712 diospoli
361 1631 527 1694 totusiste
558 1649 640 1694 error
668 1650 736 1694 esse
764 1637 877 1712 potest.
923 1630 1001 1692 Erat
1028 1631 1076 1691 die
1099 1628 1131 1694 2.
1155 1631 1335 1696 Novembris
1361 1632 1401 1712 Θ
1426 1636 1455 1698 io
1484 1633 1542 1697 110

183 1717 311 1799 370111,
336 1739 402 1782 curu
427 1737 486 1782 nou
509 1726 606 1784 toturn
633 1719 786 1796 viderunt,
818 1720 866 1783 die
891 1714 921 1781 3.
947 1719 977 1782 in
1004 1716 1062 1781 120
1083 1716 1138 1782 380
1160 1730 1212 1798 tq,
1243 1721 1293 1783 obi
1317 1722 1368 1784 vix
1395 1744 1541 1789 summum

183 1811 351 1889 marginem
374 1825 576 1889 conspexere,
600 1827 673 1888 ergo
697 1817 831 1872 centrum
856 1807 1017 1872 conditio
1045 1805 1104 1870 120
1127 1807 1159 1871 70
1181 1819 1231 1888 ιιι,
1263 1809 1347 1889 cujus
1378 1813 1541 1875 declinatio

188 1897 245 1964 150
267 1897 334 1974 270,
359 1905 474 1978 quanta
497 1905 544 1960 ost
567 1898 659 1960 etiam
673 1896 749 1970 Soli,
772 1917 839 1962 oum
863 1896 1028 1976 ingreditur
1050 1915 1104 1977 per
1130 1894 1188 1959 170
1210 1895 1264 1962 530
1277 1917 1334 1975 ωε,
1360 1902 1407 1963 dis
1432 1898 1462 1965 6.
1479 1905 1540 1964 Fe-

184 1987 317 2062 bruarii,
348 2006 408 2049 non
438 2005 504 2048 cum
529 1984 569 2064 Θ
603 1987 632 2049 in
665 1985 704 2050 5⁰
726 1985 779 2052 280
803 2003 851 2048 aaa
874 1983 927 2050 25.
951 1985 1099 2048 tannarii.
1145 1987 1192 2048 At
1222 2006 1318 2068 neque
1350 1991 1479 2053 natabat
1511 1992 1540 2053 in

184 2094 298 2140 oceano
322 2077 407 2139 locus
430 2093 483 2138 seu
506 2075 578 2138 litus
608 2075 699 2146 illud,
723 2076 752 2136 iu
777 2093 835 2157 qno
859 2074 969 2157 glaciei
992 2073 1119 2136 vinculis
1147 2074 1260 2155 captivi
1288 2079 1470 2141 tenebantur
1493 2082 1542 2152 (nt

182 2165 293 2230 Bodiui
317 2164 475 2244 discipulis
498 2164 545 2227 hic
568 2165 793 2244 respondeam),
818 2171 853 2228 ιιι
873 2182 929 2246 per
952 2163 1114 2243 sexaginta
1135 2164 1278 2227 milliaria
1296 2187 1315 2228 a
1336 2168 1541 2248 septentrione

184 2255 214 2318 iu
246 2260 383 2316 austrum
414 2271 469 2333 per
500 2253 583 2316 illam
615 2254 800 2316 trimestrem
822 2261 953 2340 ⁸noctem
981 2252 1147 2316 transvecti
1173 2271 1246 2316 esse
1278 2257 1408 2335 possint.
1462 2258 1542 2319 Nam

184 2344 273 2424 paulo
297 2350 370 2422 post
392 2343 525 2422 repetita
547 2342 609 2423 poli
633 2343 767 2424 adeoque
791 2348 823 2404 et
846 2341 928 2405 Solis
951 2341 1095 2416 altitudo,
1119 2361 1236 2404 rursum
1259 2343 1408 2424 prioribus
1433 2347 1541 2409 obser-

184 2431 358 2494 vationibus
381 2432 516 2511 proxime
540 2433 751 2513 respondebat.
793 2431 836 2492 Et
858 2438 1027 2493 remeantes
1050 2429 1130 2492 idem
1152 2430 1212 2493 iter
1233 2441 1440 2515 peragrarunt,
1465 2435 1543 2516 quod

185 2528 330 2584 exeuntes
359 2520 563 2584 coniecerant.
610 2518 801 2602 Relinquitur
829 2519 939 2600 igitur,
973 2527 1007 2582 ut
1035 2520 1101 2581 sola
1132 2520 1273 2583 retractio
1306 2523 1424 2602 colpam
1456 2524 1543 2603 hujus

185 2609 385 2691 phaenomeni
409 2609 561 2671 sustineat
585 2610 679 2690 (quod
701 2617 735 2671 et
752 2607 919 2689 nuperrime
944 2607 1088 2670 Miverins
1108 2607 1213 2684 sensit,
1238 2609 1340 2672 libello
1365 2611 1393 2672 in
1419 2609 1542 2674 Christ-

185 2717 324 2762 maounm
347 2697 487 2778 scripto).
504 2691 545 2772 00)
592 2699 636 2762 11ι
657 2705 759 2761 autem
780 2717 852 2760 vero
877 2696 983 2760 similis
1007 2703 1091 2758 esset
1115 2704 1176 2759 tam
1204 2698 1377 2778 prodigiosa
1401 2701 1542 2762 refractis

186 2795 233 2851 tot
254 2789 413 2868 graduum,
433 2786 512 2867 jussi
533 2787 661 2866 primum
683 2787 793 2852 intueri
817 2787 848 2850 in
867 2786 943 2848 haec
965 2785 1054 2848 modo
1078 2785 1213 2865 allegata
1235 2787 1373 2866 exempla
1387 2789 1542 2868 Tobingae

185 2886 217 2939 et
238 2876 388 2950 hassiae,
413 2875 465 2939 ubi
487 2877 700 2939 refractionem
723 2875 939 2939 horizontalem
971 2874 1130 2955 majorem,
1164 2873 1225 2937 illic
1248 2895 1321 2951 uno,
1354 2876 1402 2939 hic
1427 2877 1542 2939 duobus

186 2966 330 3047 gradibus
362 2972 508 3028 notavere
539 2971 679 3028 auctores
708 2966 766 3028 fide
800 2965 892 3044 digni.
948 2966 1028 3027 Nam
1060 2964 1120 3025 etsi
1156 2964 1239 3028 locos
1272 2965 1456 3028 Batavorum
1486 2967 1544 3028 fuit

186 3055 364 3130 maritimus,
390 3053 440 3116 nbi
455 3055 616 3117 secundum
639 3063 778 3118 naturam
793 3053 925 3116 humoris
947 3052 1161 3134 propemodum
1181 3054 1284 3114 cadom
1305 3053 1432 3116 altitudo
1452 3055 1542 3124 atris,

186 3163 261 3226 quas
286 3153 319 3206 et
337 3143 367 3204 iu
382 3141 491 3213 Deoia,
513 3143 614 3225 potuit
636 3151 738 3206 tamen
754 3145 852 3206 altera
875 3161 1042 3216 causarum,
1068 3140 1204 3203 densitas
1222 3161 1329 3222 nempe
1347 3143 1428 3206 illius
1452 3145 1542 3217 aeris,

185 3234 329 3314 adjuvare
361 3231 580 3306 refractionem
620 3233 726 3314 quodsi
762 3251 866 3295 verum
900 3239 964 3306 est,
998 3231 1029 3292 iu
1056 3229 1191 3294 tenebris
1223 3232 1403 3295 condensari
1430 3239 1542 3307 aerem,

185 3324 249 3386 loce
274 3322 442 3396 extenuari,
468 3321 610 3384 tenebrae
634 3321 752 3402 quidem
776 3321 813 3384 iis
832 3319 906 3382 locis
925 3339 979 3400 pro
1003 3327 1092 3382 tanta
1115 3319 1296 3382 refractione
1311 3328 1363 3384 sat
1385 3321 1543 3385 diuturnae

185 3412 277 3486 fuere,
301 3411 395 3472 trium
417 3410 537 3473 circiter
559 3410 716 3472 mensium.
754 3409 869 3473 Addidi
892 3416 923 3470 et
944 3408 1026 3471 aliud
1049 3408 1284 3488 experimentum
1307 3409 1344 3471 do
1368 3411 1543 3473 nebularum

185 3497 393 3566 Gronlaudiae
425 3499 539 3579 guttis,
571 3498 756 3563 incredibilis
788 3499 878 3580 plane
909 3496 1143 3578 magnitudinis,
1176 3505 1210 3559 ut
1243 3505 1390 3561 testatum
1422 3499 1544 3578 reliquit

184 3589 286 3654 nescio
311 3589 390 3669 quis.
427 3587 484 3650 His
499 3587 529 3650 iu
547 3589 724 3668 praeseutia
747 3588 919 3669 priusquam
939 3586 1051 3667 aliquid
1075 3586 1249 3667 adjungam,
1273 3587 1400 3666 primum
1424 3588 1541 3648 exami-

184 3687 271 3742 netur
292 3679 427 3759 ipsorum
451 3676 580 3740 altitudo
602 3677 676 3757 poli.
723 3675 774 3740 Sit
795 3677 849 3739 EF
876 3675 1015 3750 horizon,
1039 3673 1094 3738 OD
1118 3683 1278 3758 aequatur,
1308 3676 1393 3755 cujus
1416 3674 1478 3754 poli
1500 3676 1539 3750 A,

182 3766 217 3838 B,
240 3768 289 3830 die
313 3762 377 3850 2012
405 3765 586 3828 Novembris
609 3764 663 3828 Sol
687 3766 715 3828 in
739 3768 765 3828 F
792 3785 858 3828 cum
887 3763 1087 3826 declinatione
1258 3796 1313 3862 mg.
1333 3792 1375 3846 ⁷³.

182 3856 235 3920 DF
261 3853 323 3922 150
346 3853 411 3918 270.
457 3855 515 3918 Die
538 3851 592 3918 30.
616 3854 732 3936 Aprilis
760 3873 830 3917 vero
854 3853 895 3916 sit
918 3853 971 3918 Sol
994 3853 1024 3914 in
1047 3852 1084 3928 E,

183 3947 304 4026 quodie
329 3943 483 4024 (intelligo
506 3940 546 4006 12
560 3943 642 4006 horis
661 3951 731 4006 ante
750 3943 928 4018 meridiam),
952 3940 1086 4004 referunt

182 4053 213 4096 se
235 4037 368 4116 primum
393 4030 497 4096 Solem
520 4038 617 4096 totum
640 4051 732 4111 supra
753 4032 938 4094 horizontem
959 4029 1084 4092 vidisse.

181 4124 256 4187 Erat
278 4124 309 4186 io
335 4118 500 4197 9021111,
525 4139 592 4184 curu
616 4121 815 4184 declinatione
843 4117 902 4184 14⁰
920 4116 984 4192 320,
1009 4137 1084 4198 quae

180 4222 226 4276 sst
255 4213 330 4288 OE,
366 4209 512 4273 subtrahe
552 4205 603 4273 150
640 4209 913 4283 sernidiamstrum,
949 4225 1021 4286 ergo
1055 4206 1083 4268 in

180 4303 383 4368 declinatione
415 4294 554 4361 140240
587 4307 723 4361 centrum
755 4297 837 4360 Solis
868 4299 898 4360 iu
932 4295 1084 4358 horizonte

176 4413 242 4458 esse
260 4389 378 4475 potuit.
416 4387 477 4450 Est
494 4387 586 4467 igitur
602 4387 660 4450 ΑΕ
680 4383 741 4452 750
754 4382 807 4450 360
827 4394 858 4448 et
875 4385 931 4448 DF
948 4382 1006 4449 150
1020 4381 1084 4456 270,

172 4503 291 4549 sutuma
316 4476 430 4544 debuit
452 4495 518 4538 esse
541 4473 609 4551 90⁰,
635 4485 669 4539 at
691 4482 815 4556 superat
833 4469 899 4539 900-
915 4492 970 4554 per
991 4467 1028 4534 10
1042 4469 1083 4546 30,

170 4577 219 4657 qui
247 4581 300 4639 est
329 4566 475 4634 modulus
497 4566 620 4646 junctae
653 4565 806 4644 utriusque
838 4560 1028 4625 retractionis
1055 4561 1084 4622 in

165 4665 249 4730 liet
271 4665 310 4727 F.
363 4655 452 4720 Sans
476 4671 564 4735 quam
585 4673 709 4734 parvus.
756 4651 890 4724 Quodsi
913 4649 1084 4713 observatio

158 4757 228 4840 jam
252 4751 354 4819 modo
391 4743 478 4808 diota
504 4743 594 4806 luerit
616 4743 664 4806 die
689 4739 742 4808 30.
767 4740 883 4822 Aprilis
911 4737 949 4802 12
972 4737 1053 4800 horis
1076 4745 1147 4816 post
1173 4736 1341 4810 meridiem,
1370 4737 1465 4802 minor
1491 4737 1543 4801 flet
