3702 5532
772 283 854 348 caput
871 281 915 334 x1.
1461 280 1525 350 367

168 455 249 519 Nam
272 455 416 518 tredecim
448 455 563 521 ultimis
592 459 715 524 minutis
748 461 891 542 temporis
923 461 1058 524 decrevit
1088 461 1209 541 eclipsis
1233 479 1287 542 per
1314 455 1370 540 1²1,
1402 463 1528 543 digitos,

169 563 240 623 ergo
264 551 332 607 octo
366 543 487 611 minutis
520 547 633 628 digitus
665 551 815 614 decrescit
837 557 890 612 aut
912 551 1031 614 crescit.
1077 551 1185 631 Itaque
1211 551 1237 613 si
1260 551 1374 631 digitus
1400 573 1474 615 unus
1498 553 1527 614 in

167 635 262 715 primo
293 641 420 715 aspectu
453 636 579 715 defecit,
614 639 733 703 duratio
755 642 790 704 fit
812 640 841 702 h.
867 637 898 704 2.
924 636 987 703 360.
1035 638 1089 702 Sin
1114 639 1174 702 illic
1198 639 1306 716 minus,
1340 640 1388 702 hic
1412 659 1529 722 quoque

169 723 266 787 minus
290 724 358 786 erit.

259 812 392 894 Cumque
417 815 531 878 duobus
557 815 673 879 iudiciis
697 817 764 879 finis
789 818 926 882 defectus
950 817 1043 880 cadat
1065 818 1095 879 in
1119 818 1222 880 horam
1250 815 1300 879 12.
1326 815 1391 886 55¹,
1416 819 1528 881 ablatis

172 903 264 984 igitur
286 903 316 964 h.
343 901 373 966 2.
396 901 458 979 36‘,
484 905 601 967 initium
626 907 716 968 cadet
739 907 768 968 in
796 904 852 971 10h
878 904 928 971 19‘
952 913 1005 968 aut
1028 907 1108 986 plus.
1149 908 1199 969 An
1223 907 1271 968 hic
1296 925 1412 987 quoque
1438 907 1527 968 testi-

170 993 300 1054 monium
331 993 507 1056 habebimus
539 995 576 1056 ab
608 994 841 1058 observatione?
875 995 1050 1058 Videamus.
1100 994 1229 1058 (lumin
1262 996 1429 1076 quadrante
1461 1015 1528 1057 meo

171 1082 321 1144 distantia
344 1079 427 1145 Solis
450 1104 469 1144 a
493 1083 604 1144 vertice
636 1095 811 1164 argueretur
835 1081 904 1158 590,
934 1085 1047 1146 nullum
1072 1085 1169 1146 adhuc
1193 1093 1260 1148 erat
1287 1084 1448 1163 vestigium
1473 1086 1527 1146 de-

172 1173 279 1233 iectus.
329 1168 473 1234 Calculus
496 1173 596 1251 arguit
619 1173 764 1235 minutum
789 1183 930 1236 octavum
954 1181 1024 1234 aute
1054 1174 1210 1235 decimam.
1258 1173 1332 1234 Inde
1357 1171 1411 1234 Sol
1435 1173 1528 1234 nubes

172 1259 267 1322 subiit
298 1267 330 1321 et
359 1279 433 1322 saue
468 1261 607 1341 quamdin
640 1262 744 1335 latuit,
780 1263 865 1342 quasi
905 1257 935 1340 ¹1,
971 1261 1080 1337 horae;
1119 1262 1211 1324 donec
1245 1280 1400 1340 emergens
1433 1262 1528 1340 digito

174 1349 300 1410 deficere
334 1348 495 1412 videretur.
542 1351 688 1412 Huennae
720 1351 837 1413 Dauiae
869 1351 1039 1431 aquodam
1072 1351 1222 1432 Tychonis
1255 1351 1391 1412 studioso
1424 1351 1529 1412 eodem

173 1445 306 1516 tempore
330 1437 595 1517 contemplationis
618 1440 706 1519 hujus
726 1459 819 1502 causa
839 1440 986 1501 ininsula
1009 1448 1150 1501 versante
1173 1439 1323 1515 proditum
1342 1447 1391 1500 est
1413 1439 1529 1501 initium

174 1528 206 1588 h.
233 1523 283 1588 10.
309 1523 350 1600 30,
376 1527 443 1588 finis
467 1525 649 1591 1ι.12.320.
688 1527 815 1592 Duratio
839 1529 867 1591 h.
893 1525 923 1592 2.
945 1526 1010 1591 29⁴.
1055 1528 1150 1607 Digiti
1174 1521 1250 1609 9²1,.
1292 1528 1388 1607 Atqui
1410 1536 1529 1607 tempus

175 1615 292 1694 lougius
317 1634 384 1680 esse
409 1617 509 1678 decuit
533 1636 621 1698 quam
646 1615 756 1680 Gratii.
803 1619 890 1680 Luna
914 1617 991 1679 euim
1015 1624 1049 1678 ut
1078 1617 1323 1698 septentrionalis
1346 1636 1401 1696 par
1424 1625 1472 1678 cst
1494 1623 1529 1678 ut

174 1705 204 1766 in
229 1704 282 1766 illa
304 1703 366 1784 poli
390 1705 570 1778 elevatione,
595 1724 670 1785 quae
690 1703 729 1770 9⁰
752 1699 849 1768 meam
873 1713 1007 1787 superat,
1031 1705 1063 1768 5¹
1083 1706 1111 1766 in
1131 1705 1213 1767 Solis
1233 1723 1341 1783 corpus
1364 1704 1529 1766 demersior

175 1793 350 1873 apparuerit
372 1794 512 1874 viamque
536 1794 700 1857 coniecerit
717 1801 803 1857 tanto
829 1797 993 1874 longiorem
1007 1813 1061 1873 per
1084 1813 1193 1875 corpus
1208 1793 1299 1855 Solis.
1334 1793 1414 1855 Vide
1438 1793 1529 1872 igitur

176 1880 317 1944 fallacias
340 1882 424 1946 visus
447 1901 539 1962 supra
554 1903 593 1944 ex
611 1884 711 1963 capite
727 1893 824 1946 sexto.
864 1884 966 1966 Tycha
982 1883 1056 1963 ipse,
1081 1891 1115 1944 ut
1129 1884 1167 1944 ad
1182 1883 1374 1944 Maestlinum
1399 1882 1529 1961 scripsit,

173 1971 293 2033 initium
322 1971 548 2050 Wandesburgi
579 1973 618 2032 ad
651 1973 856 2052 Hamburgum
887 1992 941 2052 per
971 1971 1105 2034 armillas
1139 1972 1313 2033 observavit
1342 1972 1372 2035 h.
1405 1967 1435 2034 9.
1465 1967 1529 2044 520,

174 2060 254 2139 qnod
278 2069 362 2124 esser
383 2061 528 2123 Hueunae
552 2061 582 2122 h.
611 2059 659 2122 10.
683 2055 762 2144 4000
791 2061 860 2142 quia
883 2062 1002 2122 Houdio
1031 2061 1263 2123 meridianorum
1292 2059 1462 2121 differentia
1484 2067 1533 2120 est

176 2145 214 2212 3⁰
238 2145 281 2212 8‘.
329 2149 464 2211 Medium
492 2149 584 2230 igitur
607 2150 752 2212 Hucnnae
776 2153 806 2213 h.
835 2148 884 2214 11.
913 2145 1019 2230 17οΙ,’,
1045 2149 1146 2212 Gratii
1169 2150 1198 2210 h.
1228 2147 1277 2210 11.
1303 2146 1356 2212 370
1381 2155 1434 2208 ant
1456 2147 1533 2227 plus.

176 2237 279 2308 Quare
314 2237 483 2300 differentia
515 2238 744 2302 meridianorum
778 2240 898 2302 circiter
921 2237 984 2312 200,
1011 2259 1064 2301 seu
1088 2235 1146 2302 5⁰:
1180 2238 1327 2317 siquidem
1351 2236 1453 2299 omnia
1474 2236 1532 2298 rite

176 2335 356 2388 constarent
379 2345 454 2409 quae
479 2327 617 2389 adbibita
636 2337 714 2389 sunt.
752 2329 815 2390 Nec
832 2328 944 2390 Hondii
968 2327 1072 2390 tabula
1096 2328 1189 2389 multo
1214 2328 1311 2400 aliter,
1337 2324 1534 2388 differentiam

175 2414 294 2478 scilicet
318 2417 547 2479 meridianorum
572 2417 653 2478 ultra
676 2414 715 2481 40
739 2419 822 2480 iacit.
840 2413 898 2490 ¹⁰¹)

265 2505 353 2567 Nunc
378 2513 410 2566 et
431 2505 587 2585 problema
613 2504 664 2568 17.
694 2506 750 2568 hoc
784 2507 920 2585 exemplo
953 2505 1128 2578 declarabo,
1164 2511 1195 2564 et
1223 2521 1369 2582 quaenam
1392 2521 1431 2564 ex
1460 2501 1535 2562 meis

176 2593 335 2673 ellipsibus
358 2595 508 2674 prodeant
530 2595 739 2658 inclinationes
763 2598 932 2657 ostendam.
978 2595 1111 2656 Primum
1143 2593 1297 2671 exquiram
1324 2590 1535 2672 proportiones

177 2683 392 2744 diametrorum
424 2684 503 2745 inter
526 2703 560 2745 se
589 2685 627 2747 ad
661 2684 836 2746 altitudines
861 2683 941 2746 Solis
966 2680 1027 2746 370
1049 2691 1080 2744 et
1104 2677 1174 2754 36⁰,
1204 2681 1307 2759 quales
1336 2680 1418 2742 fuere
1446 2678 1535 2756 paulo

177 2781 249 2832 ante
267 2780 380 2851 etpost
396 2773 482 2834 finem
498 2772 656 2852 eclipseos,
683 2791 739 2851 quo
756 2780 891 2851 tempore
910 2771 1034 2850 ellipses
1054 2770 1181 2848 signavi.
1222 2767 1297 2832 Cum
1312 2787 1382 2831 arcu
1397 2762 1458 2830 520
1471 2762 1535 2839 450,

176 2857 239 2924 530
254 2860 297 2935 0¹,
322 2857 384 2924 53⁰
402 2858 462 2936 15‘,
488 2862 637 2940 prodeunt
660 2861 847 2941 tangentium
872 2861 1059 2924 differentiae
1087 2856 1181 2932 1197,
1206 2855 1300 2929 1212,
1326 2875 1397 2936 ergo
1421 2855 1539 2933 longior

178 2951 328 3012 diameter
352 2946 455 3026 2409,
489 2950 611 3013 brevior
641 2969 713 3014 vero
740 2969 794 3030 per
824 2970 911 3014 axem
944 2949 1011 3012 coni
1042 2949 1134 3011 ducta
1167 2946 1381 3025 (multiplicato
1415 2951 1539 3006 secante

178 3035 242 3104 530
257 3038 286 3100 iu
302 3047 476 3117 tangentem
495 3037 561 3114 15¹)
580 3037 675 3104 1450.
713 3039 844 3104 Rursum
869 3059 935 3102 cum
960 3038 1088 3102 arcubus
1112 3032 1173 3102 53⁰
1186 3032 1250 3111 450,
1267 3029 1328 3098 540
1340 3032 1382 3110 00,
1399 3027 1461 3096 540
1478 3030 1540 3105 150,

179 3127 371 3190 differentiae
396 3129 584 3208 tangentium
609 3130 756 3209 prodeunt
784 3125 877 3205 1255,
906 3127 1001 3202 1271,
1026 3145 1097 3207 ergo
1127 3126 1243 3206 longior
1271 3125 1418 3187 diameter
1441 3117 1539 3196 2526,

176 3216 300 3280 brevior
323 3237 378 3298 per
402 3237 491 3280 arem
515 3219 582 3280 coni
610 3215 703 3292 1486,
729 3219 881 3298 proportio
905 3238 981 3298 quae
1009 3214 1050 3277 17
1075 3217 1113 3278 ad
1141 3212 1191 3289 10,
1215 3213 1296 3293 prior
1318 3214 1409 3294 paulo
1433 3211 1539 3272 minor.

179 3306 338 3385 Propertio
362 3306 391 3370 in
415 3307 490 3370 meis
515 3307 745 3380 schematismis,
770 3307 822 3368 sed
846 3306 1013 3370 rudissimis
1034 3315 1066 3367 et
1085 3303 1294 3386 rapidissimis,
1320 3302 1422 3382 prodit
1446 3299 1541 3361 minor

176 3396 304 3475 ideoque
321 3396 442 3472 vitiosa,
458 3397 495 3458 ob
510 3415 619 3460 causas
634 3397 820 3478 problemate
836 3395 885 3459 17.
902 3397 1021 3459 dictas:
1039 3395 1154 3457 ethaeo
1169 3400 1333 3468 causaest,
1350 3411 1401 3454 cur
1416 3391 1446 3452 in
1460 3390 1538 3450 huuc

180 3485 300 3548 rrrodum
320 3505 358 3548 cx
380 3493 543 3566 praecepto
558 3487 653 3566 probi.
673 3485 722 3550 17.
747 3485 955 3564 corrigendam
979 3484 1153 3564 suscipiam.
1192 3482 1348 3542 Diametcr
1365 3478 1458 3560 igitur
1472 3479 1541 3539 lon-

176 3573 294 3654 gioria
319 3575 454 3639 secunda
476 3595 608 3639 mearum
632 3575 781 3654 ellipsiuui
805 3576 862 3637 fuit
885 3575 953 3656 plus
978 3592 1066 3655 quam
1090 3573 1212 3652 duplum
1237 3571 1335 3648 hujus,
1361 3567 1457 3631 literis
1482 3565 1537 3626 AB

181 3682 355 3743 expressae,
372 3683 463 3727 cornu
479 3665 605 3728 alterum
623 3665 652 3726 in
673 3664 730 3726 imo
755 3665 840 3745 apice
855 3664 893 3738 D,
919 3662 1047 3726 alterum
1072 3663 1101 3724 in
1126 3663 1207 3724 linea
1221 3657 1279 3721 GL
1303 3652 1542 3738 perpendiculari

177 3753 217 3814 ad
239 3753 308 3816 AB.
355 3751 464 3816 Divisa
497 3773 568 3834 ergo
592 3753 650 3816 BA
678 3754 776 3816 medio
808 3753 874 3815 loco
898 3755 929 3816 iu
952 3753 993 3825 Ε,
1027 3752 1178 3814 scribatur
1207 3768 1244 3808 ex
1266 3747 1293 3808 Ε
1318 3745 1445 3808 circulus
1469 3738 1539 3843 BD,

180 3859 267 3923 quam
300 3850 384 3906 secet
407 3841 466 3906 LG
489 3843 518 3904 in
543 3841 581 3906 G.
630 3842 670 3904 Et
703 3843 856 3906 bisecetur
886 3861 973 3904 arom
1004 3839 1064 3904 DG
1093 3841 1170 3903 iuter
1200 3854 1314 3900 cornua
1342 3834 1372 3896 in
1403 3833 1448 3908 H,
1482 3838 1541 3892 errt

177 3931 238 3994 ΕΗ
261 3930 425 4008 inclinatio,
452 3951 528 4012 quac
547 3933 611 4012 jam
635 3933 736 4012 prodit
758 3930 801 3996 22
811 3925 842 4014 ¹1,
856 3928 877 3994 ⁰.
1230 3961 1285 4026 pig,
1308 3955 1368 4007 122.
1534 3943 1537 3948 '

268 4017 385 4092 Quodsi
426 4021 504 4084 scire
543 4021 718 4095 desideras,
759 4021 825 4101 quis
862 4039 931 4082 vere
965 4019 1056 4081 fuerit

179 4112 262 4174 locus
296 4109 421 4174 alterius
451 4130 559 4186 cornu,
595 4118 698 4174 centro
725 4110 753 4172 Ε
783 4108 979 4190 amplitudine
1003 4108 1055 4182 ΕΙ,
1150 4134 1168 4175 o

179 4207 293 4282 quanta
316 4207 365 4262 est
386 4200 506 4263 brevior
529 4199 675 4263 diameter
699 4201 736 4262 ad
760 4199 934 4278 longiorem,
959 4198 1056 4260 scribe
1115 4260 1117 4279 ,

178 4289 329 4352 circellum
355 4289 397 4352 [K
422 4299 453 4352 et
476 4297 619 4352 connecte
637 4288 675 4362 Ε,
692 4287 731 4358 G,
756 4308 832 4368 qnae
856 4287 974 4350 secabit
996 4287 1056 4350 oir-

179 4379 286 4442 cellnm
311 4379 340 4440 in
364 4379 387 4454 I,
414 4399 504 4462 quare
529 4379 614 4458 perl
638 4376 803 4457 paralleloe
828 4377 885 4458 ipsi
900 4375 958 4438 Ba
981 4395 1057 4456 agas
1089 4441 1104 4484 Β
1117 4328 1166 4463 Α
1188 4428 1206 4461 ,
1312 4424 1316 4449 ,

183 4467 292 4531 lineam
317 4465 367 4544 01,
393 4487 469 4549 quae
493 4468 609 4531 secabit
633 4465 742 4528 lineam
766 4465 824 4528 GL
848 4467 877 4528 in
902 4463 938 4528 G.
975 4465 1056 4544 Ergo

181 4555 279 4620 cruit
297 4577 388 4620 cornu
413 4559 550 4634 alterum,
574 4558 603 4618 D
618 4575 689 4618 vero
712 4556 867 4637 reliquum.
907 4555 942 4616 Iu
967 4552 1059 4616 tertia

180 4647 277 4727 ellipsi
301 4665 369 4710 mea
399 4665 489 4711 cornu
513 4647 610 4712 adhuc
632 4653 699 4708 erat
717 4644 802 4726 qnasi
825 4645 904 4708 inira
923 4643 952 4704 iu
973 4643 1057 4722 apice

181 4755 234 4798 seu
257 4736 370 4798 vertice
395 4737 545 4817 ellipseos,
569 4734 724 4800 inclinatio
745 4734 917 4798 mechanica
934 4728 1002 4806 200,
1029 4733 1057 4792 iu

180 4833 289 4905 quarta
311 4819 389 4906 19¹1,
402 4821 422 4902 ⁰,
446 4827 476 4890 iu
496 4827 600 4908 quinta
624 4825 720 4888 adhuc
744 4825 848 4899 minor,
875 4823 943 4886 dum
967 4840 1058 4884 cornu
