3476 5532
550 305 593 338 ιιι
611 289 746 342 umnam
767 289 792 345 ιιι
811 289 868 341 sors
885 292 957 340 aaa
1364 291 1427 362 301

82 463 177 526 biduo
200 464 396 545 etamplius,
428 467 482 528 sed
506 468 598 530 etiam
621 465 740 540 Pascha
767 467 888 548 saepius
920 467 1074 530 statuebat
1097 476 1167 529 ante
1196 471 1424 550 aequinoctium.

83 553 166 616 Sane
190 555 247 616 hoc
271 553 418 635 posterius
443 555 604 620 etiamnum
627 566 762 637 tempore
786 555 977 620 Constantini
1001 555 1229 618 committebant
1250 559 1369 637 Judaei,
1394 569 1428 625 ut

82 641 180 724 liquet
202 662 240 706 ex
263 642 391 722 epistola
414 642 605 708 Constantini
629 647 665 708 de
688 646 838 709 Paschate
863 655 895 708 et
918 665 956 706 ex
979 645 1046 707 aliis
1069 645 1231 726 Epiphanii
1256 648 1337 713 locis.

173 729 235 796 Sed
258 734 295 794 ad
319 752 400 796 rent:
425 733 512 798 VIII.
534 733 599 800 Cal.
616 735 732 816 Aprilis
753 733 906 799 Christum
930 734 1048 816 quidam
1073 734 1283 811 resurrexisse,
1308 739 1428 819 quidam

82 821 204 900 liuguae
234 822 320 903 lapsu
349 840 472 903 passum
503 842 570 887 esse
595 833 626 887 et
648 825 691 888 sic
714 825 834 888 Pascha
856 825 991 887 ultimum
1016 813 1130 887 Christi
1154 842 1189 884 eo
1213 824 1261 887 die
1284 825 1427 892 incidisse

83 911 232 986 diserunt,
257 910 363 992 diuque
386 912 545 976 admodum
566 914 687 977 Pascha
709 915 799 977 fixum
821 915 877 976 hoc
901 913 948 976 die
972 908 1024 976 25.
1048 912 1153 976 Martii
1178 910 1261 976 Galli
1288 916 1426 980 celebra-

83 1007 156 1062 runt
188 1019 281 1082 nsque
312 1007 383 1079 post
414 1008 552 1082 tempora
583 1003 700 1067 concilii
731 1003 846 1066 Niceni.
894 1002 1009 1066 Eodem
1036 1002 1087 1065 die.
1108 1002 1197 1066 VIII.
1223 1001 1290 1066 Cal.
1314 1005 1429 1086 Aprilis

83 1095 263 1170 conceptum
286 1109 353 1152 esse
377 1090 405 1152 io
429 1099 514 1154 utero
530 1093 655 1169 Matris,
679 1092 843 1156 hauserunt
865 1093 913 1154 vel
937 1111 974 1154 ex
995 1089 1209 1174 Chrysostnmo
1233 1093 1281 1155 vel
1304 1112 1341 1154 ex
1363 1093 1429 1157 Ros

81 1177 182 1240 mauis
214 1178 440 1260 antiquioribus.
485 1181 600 1244 Eodem
625 1182 672 1245 die
700 1189 733 1245 et
763 1183 903 1245 muudum
933 1181 1084 1244 conditum
1116 1200 1183 1243 esse
1214 1181 1328 1261 opinati
1360 1193 1431 1247 sunt
1503 1259 1507 1272 Ι

79 1275 187 1350 patres
218 1269 325 1350 synodi
355 1268 548 1332 Palaestinae
579 1293 598 1334 a
629 1271 794 1352 Theophila
830 1269 1023 1351 cougregati3
1059 1278 1093 1333 ut
1130 1270 1223 1352 liquet
1258 1290 1296 1334 ex
1329 1292 1429 1336 eorum

81 1356 215 1436 epistola
246 1357 402 1436 synodali,
433 1369 581 1440 quaeest
608 1360 686 1442 apud
709 1361 840 1436 Bedam,
871 1368 903 1422 et
926 1379 962 1422 ex
984 1358 1161 1440 Epiphanio.
1208 1359 1315 1442 Itaque
1340 1362 1427 1425 VIII.

83 1443 152 1509 Cal.
176 1445 291 1527 Aprilis
315 1445 397 1512 dicta
419 1449 476 1511 fuit
497 1467 714 1530 spernentesne
735 1445 840 1530 ἡμιρα,
862 1456 896 1512 ιι
918 1449 1011 1512 refert
1029 1447 1166 1529 Scaliger
1188 1449 1375 1529 praelatione
1399 1451 1428 1514 1ι

81 1534 260 1598 Eusebium.
301 1535 377 1601 Curu
400 1535 500 1619 itaque
524 1537 577 1604 25.
596 1539 699 1603 Martii
723 1541 761 1602 ab
780 1537 1017 1602 occidentalibus
1039 1556 1092 1618 pro
1111 1535 1244 1618 principe
1267 1539 1315 1601 die
1339 1540 1431 1603 luerit

82 1623 220 1695 habitus,
248 1624 318 1706 quid
341 1625 454 1704 mirum,
479 1647 581 1692 eorum
603 1648 807 1692 successorem
831 1628 1008 1708 scriptorem
1030 1626 1193 1690 Annalimu
1217 1623 1368 1692 Gallicum
1391 1649 1429 1694 ex

84 1733 124 1775 ea
145 1712 192 1776 die
216 1712 346 1795 incipere
374 1717 506 1780 anuum?
540 1719 599 1781 Vel
627 1726 707 1781 certe
732 1735 770 1780 ex
792 1737 830 1780 ea
852 1718 900 1780 die
923 1717 1084 1780 Pascbatis
1112 1715 1248 1793 mobilis,
1282 1719 1362 1800 quod
1385 1717 1428 1782 cis

84 1809 117 1865 et
139 1801 219 1879 ultra
240 1802 318 1866 huno
341 1804 420 1868 diem
442 1805 572 1871 incidere
595 1809 683 1872 solet.

171 1890 437 1957 Euideutissimnm
470 1915 540 1960 vero
573 1897 685 1960 habent
714 1901 919 1976 argumentum
942 1893 1000 1973 ipsi
1030 1891 1099 1955 anni
1128 1893 1348 1958 Incaruatioois
1375 1915 1429 1960 seu

84 1981 209 2060 vulgata
237 2001 323 2058 aera,
357 2001 416 2064 qua
438 1985 526 2048 bodie
554 1987 664 2050 utimur
695 2005 817 2068 quaque
835 1991 866 2046 et
888 1983 1019 2064 scriptor
1047 1979 1155 2045 Gallus
1186 1990 1234 2046 est
1262 2005 1352 2059 usus,
1385 1986 1431 2048 illi

2 2126 3 2139 ,
85 2069 232 2151 siquidem
264 2070 301 2134 ab
334 2080 455 2137 auctore
488 2095 541 2138 suo
569 2075 715 2158 Dionysio
746 2074 930 2156 putabantur
961 2070 1090 2151 genuina
1122 2072 1243 2135 notione
1272 2073 1356 2136 vocis
1389 2075 1427 2138 ab

1 2141 5 2166 ¹
84 2159 305 2236 Incaruatiou‘e,
329 2160 385 2226 hoc
404 2170 452 2226 ιιι
470 2183 489 2226 a
504 2161 707 2246 Conceptione
729 2163 851 2239 Christi,
876 2163 1039 2241 posteritas
1061 2180 1132 2224 uero
1157 2161 1285 2242 decepta
1308 2165 1429 2244 putauit

1 2271 7 2330 ¹,
85 2247 261 2332 Dionysium
284 2269 438 2314 numerare
462 2253 530 2316 illos
553 2273 647 2317 annos
667 2253 868 2317 aNativitate
888 2249 1002 2314 Christi
1013 2270 1023 2325 ;
1046 2249 1104 2312 uisi
1126 2251 1205 2313 enlm
1225 2251 1428 2316 aNativitate

0 2410 1 2413 Ἴ
84 2347 321 2412 numerarentur,
336 2338 476 2405 Christus
499 2353 587 2406 uatus
607 2351 690 2407 esset
708 2363 785 2406 anno
798 2340 919 2403 Juliano
934 2333 987 2402 46.
1007 2339 1176 2404 Decembri.
1213 2340 1302 2404 Anno
1325 2341 1428 2424 itaque

86 2423 139 2490 74.
163 2426 339 2505 Decembri,
363 2430 447 2510 cujus
469 2432 662 2513 praecedenti
685 2429 855 2512 Septembri
878 2428 1037 2496 finiebatur
1062 2424 1112 2492 15.
1137 2428 1263 2505 Tiberii,
1289 2427 1429 2495 Christus

0 2584 1 2597 q
84 2517 203 2580 demum
227 2516 400 2582 inchoasset
422 2539 532 2606 anuum
555 2517 612 2594 29,
636 2522 713 2603 quod
737 2517 916 2582 contrarium
945 2517 1103 2580 videbatur
1125 2517 1355 2599 Evangelistae‚
1379 2521 1429 2601 qui

83 2606 201 2668 videtur
231 2605 397 2683 affirmare,
422 2605 576 2672 Christum
603 2628 679 2686 anuo
711 2605 761 2674 15.
786 2606 897 2670 Tiberii
928 2605 1085 2668 inchoasse
1114 2625 1223 2668 annum
1247 2603 1300 2672 ³0.
1345 2609 1429 2672 Haec

82 2693 186 2774 itaque
210 2711 302 2756 causa
325 2695 395 2772 fuit,
426 2715 478 2760 cur
499 2696 644 2781 Dionysio
666 2697 850 2779 posteriores
873 2713 967 2758 anuos
991 2713 1079 2756 aerae
1102 2693 1321 2778 Dionysiam,
1354 2717 1428 2779 quos

84 2782 136 2846 ille
159 2792 369 2847 numeraverat
390 2785 428 2847 ab
452 2786 665 2863 iucamatione,
689 2784 911 2850 numeraverint
934 2783 1147 2859 aNativitate,
1170 2790 1204 2847 nt
1226 2785 1270 2847 sic
1289 2785 1428 2870 Dionysii

85 2889 188 2934 aeram
211 2873 472 2955 quomodocunque
495 2875 689 2940 conciliarent
711 2896 777 2940 cnm
800 2875 837 2938 D.
862 2874 946 2937 Luce
968 2872 1180 2954 Evangelista,
1209 2873 1245 2935 de
1276 2875 1363 2938 aunis'
1387 2873 1429 2940 30

86 2959 275 3040 incompletis
299 2969 330 3025 et
355 2960 395 3028 15
424 2963 536 3028 Tiberii
565 2966 722 3046 completis
745 2963 917 3028 intellectis.
954 2962 1041 3026 Unde
1065 2962 1246 3044 sequebatur
1267 2971 1303 3027 nt
1325 2964 1354 3040 ii,
1380 2965 1429 3046 qui

85 3047 224 3132 Dionysii
246 3058 377 3114 mentem
400 3053 581 3129 retinebant,
604 3075 705 3118 aeram
720 3053 833 3119 Christi
856 3051 1032 3116 inchoarent
1054 3051 1092 3114 ab
1116 3051 1203 3115 VIII.
1222 3049 1287 3116 Cal.
1302 3052 1429 3134 Aprilis,

1 3157 2 3170 ¹
85 3138 229 3219 quivero
253 3158 319 3204 earn
351 3140 442 3206 aliter
472 3143 765 3224 interpretabantur,
797 3143 835 3206 ab
858 3139 945 3204 VlIl.
971 3139 1036 3205 Cal.
1059 3139 1129 3202 Jan.
1154 3143 1369 3222 praecedente,
1394 3163 1428 3206 eu

1 3309 2 3312 Ἴ
85 3227 164 3308 quod
186 3235 319 3309 tempore
340 3230 478 3314 Dionysii
506 3240 660 3313 receptum
683 3242 763 3309 erat,
786 3230 940 3296 Christum
967 3238 1141 3312 conceptum
1165 3229 1283 3310 quidem
1306 3251 1373 3296 esse
1397 3240 1429 3296 ιι

1 3339 2 3344 ’
83 3317 271 3380 incarnatum
294 3319 382 3384 VIII.
408 3319 475 3386 Cal.
499 3321 607 3401 April„
631 3330 734 3386 natum
756 3341 826 3386 vero
851 3319 938 3384 VIII.
965 3320 1030 3385 Cal.
1055 3317 1201 3383 Ianuarii.

171 3406 275 3470 Putaui
310 3427 381 3472 veru
419 3430 514 3473 annos
547 3409 662 3475 Christi
691 3410 891 3494 Dionysiacos
923 3409 1018 3490 primo
1054 3407 1185 3471 auctoris
1217 3407 1356 3472 instituto
1388 3411 1427 3474 ah

83 3495 291 3558 Incaruatione
321 3504 353 3560 ιι
382 3499 426 3563 ι1ι
449 3521 469 3564 a
491 3496 544 3564 25.
567 3501 672 3564 Martii
705 3501 774 3564 auni
800 3499 916 3564 Iuliani
941 3494 1005 3572 46,
1035 3515 1094 3562 ιιι
1126 3516 1199 3560 vero
1223 3519 1243 3561 a
1265 3495 1333 3563 Cal.
1357 3499 1444 3564 Jau.

83 3583 347 3664 praecedentibus,
380 3589 510 3653 affirmat
530 3589 663 3654 Lucidus
687 3599 719 3653 et
746 3609 801 3671 ego
833 3587 925 3670 probo
948 3607 986 3652 ιιι
1009 3607 1063 3664 eo,
1092 3587 1171 3668 quod
1193 3585 1357 3671 Dionysius
1380 3596 1427 3652 tot

78 3673 144 3753 jam
168 3672 278 3736 seculis
301 3695 320 3737 a
343 3673 464 3742 Christo
487 3679 599 3760 elapsis
621 3682 733 3761 primus
757 3679 821 3754 luit,
846 3679 895 3760 qni
914 3675 1099 3740 asententia
1120 3683 1256 3739 veterum
1279 3677 1426 3740 ecclesiae

83 3760 261 3843 scriptorum
285 3763 419 3842 descivit,
442 3767 620 3849 principium
642 3789 731 3834 aerae
756 3767 870 3832 Christi
893 3773 1072 3829 connectens
1096 3783 1154 3826 noo
1178 3784 1245 3826 cum
1268 3759 1322 3828 42.
1346 3785 1424 3828 ιιιο

83 3851 216 3932 Augusti
240 3870 292 3914 ιιι
318 3871 384 3916 oum
413 3857 556 3939 principio
580 3855 784 3933 44..Ιι11ιι1,
809 3864 842 3920 ot
864 3863 984 3918 veteres
1006 3871 1116 3934 magno
1139 3870 1260 3917 numero
1290 3853 1425 3917 affirma·

81 3949 161 4014 runis
185 3959 259 4022 quos
282 3941 350 4004 vide
382 3944 463 4024 apud
483 3946 663 4022 Baronium3
696 3949 750 4011 sed
772 3945 928 4010 transtulit
949 3944 1023 4007 illud
1044 3943 1075 4006 in
1098 3936 1151 4008 46.
1174 3940 1335 4004 Iulianum.
1377 3943 1425 4006 Ex

82 4048 141 4110 qno
165 4037 301 4110 apparet,
316 4030 492 4115 Dionysium
506 4054 563 4097 uon
578 4037 747 4118 respexisse
762 4037 801 4099 ad
820 4053 993 4115 expressum
1007 4033 1037 4096 iu
1051 4030 1251 4112 Evangelista
1273 4051 1425 4097 nnmerum

79 4115 125 4184 30
147 4137 300 4190 annorum,
324 4121 363 4184 ad
386 4141 474 4204 quem
496 4131 615 4188 veteres
637 4133 847 4206 respexerant,
871 4123 924 4185 sed
949 4122 1016 4184 aliis
1041 4121 1224 4202 argumentis
1247 4140 1334 4184 usum
1357 4141 1424 4186 esse

79 4209 120 4272 ad
143 4216 233 4290 capnt
255 4209 336 4273 illius
359 4229 432 4275 suae
456 4219 488 4276 et
510 4222 632 4288 nostrae
654 4233 743 4278 aerae
775 4211 1028 4292 investigandum.
1073 4210 1292 4293 Argumentum
1324 4218 1424 4274 autem

80 4299 144 4380 ejus
174 4296 232 4361 hoc
263 4297 356 4362 inisse
389 4300 497 4382 colligo
530 4321 567 4364 ex
599 4312 707 4366 aventu
739 4301 979 4364 ratiocinationis
1011 4301 1108 4382 hujus.
1163 4299 1325 4384 Dionysius
1357 4320 1423 4364 cum

82 4386 300 4470 chrysostomo
325 4385 479 4453 Christum
511 4399 614 4454 uatum
644 4392 774 4456 credidit
795 4386 848 4454 25.
873 4389 1047 4453 Decembris
1071 4389 1100 4452 iu
1128 4390 1260 4453 solstitio
1289 4388 1422 4467 hiberno,

80 4483 112 4540 et
134 4486 310 4558 conceptum
325 4497 431 4542 uorem
454 4481 605 4545 mensibus
626 4491 707 4558 aute,
722 4477 774 4546 25.
790 4480 894 4543 Μιιι11
908 4480 938 4542 1ι
958 4478 1146 4562 acquinoctio
1168 4478 1292 4542 vernali.
1328 4479 1422 4542 Porro

80 4565 175 4629 series
197 4567 344 4630 historiae
367 4566 569 4650 Euangelicae
598 4571 744 4647 ostendit,
766 4569 936 4634 Iohannem
958 4587 1013 4632 sex
1035 4569 1154 4634 circiter
1177 4568 1328 4632 mensibus
1352 4577 1422 4634 auto

79 4653 232 4720 Christum
256 4655 349 4720 luisse
372 4667 557 4741 conceptum.
585 4661 667 4743 Ergo
691 4660 881 4742 sequebatur,
904 4668 1080 4742 conceptum
1102 4678 1169 4722 esse
1188 4659 1219 4722 in
1233 4658 1421 4740 aequinoctio

80 4745 255 4809 antumnali.
301 4747 388 4810 Hanc
411 4748 448 4811 de
471 4749 576 4814 Natali
605 4752 633 4814 iu
657 4747 709 4814 25.
731 4749 906 4812 Decembris
934 4750 1066 4814 nonnulli
1093 4749 1330 4812 vetustissImam
1354 4757 1420 4812 tra-

79 4833 221 4898 ditionem
245 4835 365 4912 iaciuut,
391 4838 580 4923 referuntque
605 4848 683 4904 teste
701 4839 870 4921 Nicephoro
894 4841 922 4904 1ι
942 4839 1090 4904 Evodium
1105 4839 1141 4902 D.
1161 4838 1244 4902 Petri
1268 4860 1422 4932 uurqpoaoe

156 4939 332 4993 mamurr-
346 4943 373 4984 u.
1175 4943 1207 4995 bl
