3476 5532
347 297 412 368 796

347 499 462 562 quaque
486 499 519 544 se
542 480 664 543 mirifice
687 479 780 542 fnisse
805 479 930 542 affectos
954 481 1159 556 affirmabunt,
1190 481 1369 546 luculentius
1397 483 1557 546 caderem
1578 483 1679 545 latinis

347 589 403 651 quo
427 570 523 633 literis
546 577 722 651 conceptam
744 569 774 631 in
796 569 945 648 publicum
969 571 1145 634 emitterem.

434 660 499 722 Illis
523 677 578 739 ego
603 658 671 744 dum
695 676 753 720 non
777 658 927 739 gravatim
951 659 1136 734 obsecundo,
1160 659 1346 723 commodum
1369 661 1508 733 secedit,
1539 670 1681 724 utcontra

347 771 415 816 eom
439 749 571 812 libellum
594 747 666 810 mihi
690 753 773 810 esset
794 748 958 828 agendum,
994 749 1043 830 qui
1066 749 1138 812 mihi
1160 757 1325 830 negaverat
1346 749 1497 830 possibile
1522 769 1591 812 esse
1612 751 1681 812 Mer-

344 841 458 904 curium
482 838 536 901 sub
560 835 663 901 Solem
686 837 844 900 incurrere.
892 834 952 908 Qui
974 837 1093 904 libellus
1117 858 1182 916 cum
1206 847 1276 902 aute
1300 838 1450 902 biennium
1476 839 1550 904 lune
1580 839 1612 904 Oi
1639 843 1682 902 To

345 930 546 1009 fratribusque
569 926 761 990 Ludovico
785 933 817 988 ct
838 925 859 988 J
864 926 937 988 ulio
961 935 1045 990 esset
1067 928 1106 991 eb
1130 935 1250 991 auctore
1274 929 1448 991 dedicatus:
1486 936 1525 991 ut
1547 929 1634 1010 igitur
1653 931 1681 992 sd

345 1019 470 1082 eundem
493 1017 638 1080 erbitmm
663 1017 829 1079 deferretur
851 1035 920 1078 mea
942 1017 1092 1093 defensio,
1124 1018 1171 1080 cui
1202 1025 1270 1080 erat
1291 1016 1395 1082 oblate
1418 1018 1571 1100 objectio,
1599 1021 1681 1102 sieque

344 1111 400 1174 1112
419 1105 472 1170 (12⁰
498 1109 542 1169 Τῑ
560 1107 596 1168 de
620 1105 794 1186 quaestione
817 1113 900 1167 mota
918 1105 1085 1168 rectissime
1099 1107 1264 1187 judicaret:
1289 1107 1362 1170 nihil
1375 1107 1448 1172 mihi
1464 1109 1572 1188 potius
1587 1109 1683 1171 fecicu-

345 1199 415 1262 dum
438 1197 611 1270 videbator,
644 1215 733 1276 quam
757 1203 791 1257 ut
812 1195 869 1257 hoc
892 1195 1034 1278 quidquid
1058 1205 1106 1260 est
1129 1197 1451 1260 commentatiunculae
1477 1198 1554 1260 litte
1582 1197 1624 1261 cu·
1640 1200 1682 1260 To

344 1288 523 1362 dedicarem,
549 1285 704 1366 eidemque
727 1285 764 1347 de
787 1285 844 1347 buc
868 1279 948 1348 felici
971 1285 1160 1353 successione
1184 1287 1213 1348 in
1236 1286 1457 1366 gubernatione
1477 1288 1600 1366 patuiae
1617 1307 1683 1349 meae

339 1377 431 1458 juxta
452 1376 631 1457 gratularer,
656 1373 843 1438 faustissime
867 1375 966 1437 omnis
988 1383 1146 1455 precatus:
1170 1383 1260 1456 atque
1284 1375 1340 1438 hac
1364 1377 1509 1457 quamvis
1532 1377 1612 1440 tenni
1631 1378 1681 1458 sig-

343 1467 514 1530 nificatione
538 1473 570 1528 et
591 1463 725 1545 Principi
747 1465 837 1528 fidem
860 1463 1134 1546 subjectionemque
1159 1473 1189 1528 et
1211 1464 1330 1546 patrius
1354 1485 1495 1530 amorem
1513 1486 1611 1528 meum
1632 1475 1681 1528 tes

342 1565 440 1620 tatum
466 1556 607 1619 facerem.
1463 1600 1464 1606 κ

430 1647 496 1708 Has
518 1645 611 1726 igitur
633 1643 787 1707 chartulas
811 1642 883 1705 11120
913 1640 948 1706 0¹
976 1643 1033 1703 Tus
1062 1642 1105 1706 sic
1128 1644 1229 1720 offero,
1264 1651 1298 1707 ut
1329 1643 1470 1724 ejusdem
1505 1647 1618 1709 tutelae
1638 1666 1682 1706 una

342 1755 390 1798 me
413 1754 556 1816 meosque
579 1733 702 1797 offeram
725 1740 758 1795 et
780 1733 992 1812 commendem,
1018 1731 1220 1816 imprimisque
1234 1751 1318 1796 meas
1332 1741 1424 1812 artes,
1452 1753 1536 1816 quas
1551 1735 1605 1799 snb
1622 1734 1680 1797 libc-

342 1825 464 1890 rulitate
487 1833 519 1888 et
541 1821 739 1887 beneficentia
761 1821 907 1884 Ludovici
930 1822 1172 1903 praedecessoris
1197 1822 1241 1886 tui
1255 1823 1381 1904 primum
1402 1825 1603 1904 degustatus,
1623 1843 1680 1886 nuuc

343 1914 428 1996 jussu
452 1921 485 1978 et
507 1913 654 1977 sumtibus
673 1911 825 1990 Rudolphi
838 1911 880 1974 II.
905 1911 1100 1992 Imperatoris
1123 1913 1219 1976 nostri
1242 1912 1372 1994 perficio.
1418 1913 1491 1976 Eas
1514 1915 1564 1978 Ill.
1585 1913 1616 1978 0.
1635 1913 1680 1974 Tus

343 2005 423 2066 inter
445 2012 564 2068 ceteras
586 2001 715 2083 Reipub.
749 2005 853 2080 partes
885 2000 928 2061 sic
959 2001 990 2063 iu
1021 2001 1191 2064 clientelam
1214 2003 1360 2083 suscipiat
1382 2021 1460 2083 rogo
1491 2005 1597 2085 sicque
1618 2023 1679 2065 oon

229 2133 236 2148 ·
342 2093 436 2174 plecti
458 2100 583 2175 pergat,
607 2099 641 2154 ut
663 2109 740 2174 quae
764 2096 970 2153 omamentnm
1002 2091 1086 2171 pacis
1119 2091 1181 2154 siut
1213 2091 1340 2156 luturee.
1386 2091 1436 2154 Ea
1456 2113 1495 2156 re
1520 2103 1554 2156 et
1575 2093 1679 2176 praede

343 2202 495 2246 cessorum
518 2185 555 2245 dc
579 2181 626 2244 his
650 2181 765 2244 artibus
784 2179 900 2259 judicia
923 2181 1111 2261 approbabit,
1136 2180 1185 2261 qui
1208 2180 1306 2244 locum
1320 2181 1357 2243 iis
1372 2183 1472 2245 etiam
1493 2184 1526 2246 in
1547 2183 1677 2246 academie

343 2292 399 2335 sua
421 2291 488 2336 esse
511 2272 682 2345 voluemnt,
717 2277 748 2330 et
776 2269 895 2349 publice
920 2253 957 2330 de
980 2270 1028 2332 Ill.
1054 2267 1092 2340 Ο,
1115 2271 1158 2332 Tu
1181 2280 1358 2352 conceptum
1390 2273 1573 2351 opinionem
1594 2273 1677 2335 condr-

342 2361 438 2425 mabit
460 2369 591 2444 votaque
622 2357 773 2441 implebit,
806 2377 881 2442 qnae
914 2378 1044 2422 meorum
1078 2359 1169 2423 etiam
1200 2367 1337 2424 votomm
1370 2381 1496 2425 summa
1530 2373 1588 2426 est.
1629 2361 1677 2423 llltt

343 2449 379 2515 0.
403 2451 461 2513 Tss
487 2471 535 2514 me
559 2448 777 2532 subjectissime
800 2449 985 2512 commendo.
1031 2449 1159 2530 Pragse,
1184 2448 1310 2514 Galcnd.
1334 2451 1443 2514 Martii
1470 2451 1504 2517 5.
1532 2472 1608 2516 anuo
1621 2451 1675 2512 Dio·

342 2539 486 2624 nysianae
511 2561 601 2606 aerae
626 2535 721 2603 1608.

429 2691 528 2768 Illust.
553 2701 617 2769 cel.
640 2701 675 2763 T.

839 2837 1075 2941 subjectissimus
1099 2857 1222 2956 illisus

1117 3043 1123 3064 '
1193 3056 1336 3154 Joere
1355 3003 1553 3143 Keppleiw

1121 3177 1155 3244 S.
1180 3177 1214 3243 0.
1230 3175 1322 3246 'Mt-ss
1351 3183 1610 3248 Mathematicus.
