3730 5528
339 220 406 289 ιιι
935 225 967 276 n
985 223 1102 288 opum

339 403 394 466 Ego
412 405 536 451 utrarum
554 401 635 452 latear
647 403 684 450 lta
701 401 829 466 perplexus
847 399 957 450 redditus
973 417 1027 451 sum
1039 401 1086 452 boc
1099 407 1245 466 mgumemo
1258 407 1285 450 et
1298 401 1507 451 demomhsticue
1520 403 1574 463 elus
1591 400 1695 459 uriam,

339 480 368 522 ut
385 472 436 522 lere
456 473 564 522 dubitem
583 472 613 521 de
633 478 686 521 tota
705 471 817 521 doctriua
836 472 1021 538 triangulorum.
1052 472 1106 522 Nisi
1125 479 1151 521 tu
1171 487 1202 522 ex
1219 472 1297 536 ipslus
1315 470 1426 522 Uraniae
1443 472 1612 535 penetralibus
1630 471 1696 522 huuc

339 544 415 609 ipsius
434 543 524 592 nodum
541 549 639 593 mature
656 543 716 591 milri
735 543 881 598 dissolveris.
902 551 986 594 ectum
1005 545 1036 594 de
1055 559 1094 593 ure
1114 551 1140 594 et
1157 545 1220 594 meis
1238 544 1325 594 studiis
1344 539 1458 592 Uranicis
1475 544 1531 594 eric

428 613 506 664 Credo
524 619 549 664 te
568 614 654 662 librum
673 613 771 679 legisse,
792 615 856 664 alias
873 614 921 664 bec
940 615 1112 679 exemplariter
1129 617 1310 679 proposuissem
1328 629 1359 664 ex
1377 614 1559 664 Christmanuo.
1591 611 1619 663 Si
1636 613 1695 662 mibi

338 687 405 736 huuc
423 684 561 748 scrupulum
581 685 708 735 commode
726 687 871 742 remoreris,
890 700 996 751 magnus
1018 687 1077 736 mibi
1096 688 1145 736 eris
1162 686 1258 750 Apollo.
1297 686 1349 750 Ego
1368 684 1466 748 quidem
1485 685 1695 734 obseruationibus

338 758 402 808 illius
416 755 540 806 solaribus
553 770 640 818 parum
653 756 742 814 tribuo,
761 765 790 806 ut
801 757 900 806 lubricis
914 764 940 806 et
952 758 1040 815 dubiis,
1053 759 1117 822 quod
1130 759 1249 808 beneficio
1262 757 1401 806 sciotherici
1415 756 1583 820 perficiantur.
1596 757 1695 806 iuterim

337 835 421 878 tamn
439 825 486 876 hcc
505 827 569 876 illins
588 835 734 892 argumento
752 843 858 885 moveor,
877 844 927 878 uon
946 830 1062 878 msumtis
1080 830 1118 878 rel
1137 829 1299 880 consideratis
1311 828 1377 877 illius
1396 827 1605 877 obseruationibus
1623 825 1694 878 Sole·

338 900 411 949 ribus.
450 897 637 946 Beiractiouem
655 899 753 962 quidem
771 899 898 953 concedit,
919 905 947 948 at
965 914 1020 950 eam
1039 901 1132 950 nullam
1151 900 1316 950 differentiam
1340 899 1510 948 altitudinibus
1528 899 1654 964 ingerere,
1674 899 1695 947 sl

338 971 370 1020 ad
388 975 501 1020 centrum
513 967 577 1018 Solis
595 977 720 1032 respectus
739 971 792 1020 fiat.
819 970 911 1020 Verum
930 972 1114 1021 observationes
1133 971 1292 1020 altitudinum
1305 969 1368 1020 Solis
1386 983 1430 1034 per
1449 968 1557 1020 armillas
1575 971 1601 1018 iu
1619 970 1694 1020 certis

337 1056 355 1090 a
370 1040 505 1090 meridiano
523 1041 698 1090 remotionibus
725 1041 788 1092 baec
816 1041 888 1092 aliter
905 1041 973 1091 baud
992 1043 1064 1092 dubio
1084 1043 1225 1092 ostendunt.
1263 1042 1296 1090 Et
1313 1057 1363 1091 uon
1382 1040 1479 1098 dubito,
1499 1039 1532 1088 D.
1553 1039 1694 1103 Tyshuuem

336 1128 361 1175 p.
380 1127 414 1161 m.
434 1111 498 1160 tales
517 1111 700 1161 obseruationes
727 1112 844 1176 plurimas
872 1115 1046 1177 consignasse.
1073 1115 1159 1177 quibus
1186 1115 1238 1176 ipse
1258 1113 1446 1162 Christmaunus
1472 1111 1575 1162 refutari
1602 1116 1694 1174 posset.

337 1183 443 1250 Faceres
461 1183 545 1247 igitur,
563 1183 596 1232 mi
614 1182 731 1246 Keplere,
751 1183 906 1232 utilissimam
926 1191 951 1232 ct
969 1184 1101 1249 gloriosam
1120 1199 1233 1248 operam,
1253 1185 1272 1232 si
1293 1199 1323 1233 ex
1341 1183 1510 1234 laudamentis
1529 1181 1695 1232 cummuni

337 1268 402 1305 uera
419 1253 547 1318 paradoxa
573 1253 712 1313 refutares3
733 1255 795 1304 alias
813 1255 854 1303 ille
872 1254 962 1304 multos
981 1256 1018 1306 rel
1043 1256 1128 1306 dubios
1152 1255 1240 1305 reddet
1263 1255 1302 1304 uel
1327 1255 1425 1304 omniuo
1443 1255 1470 1303 in
1488 1254 1560 1303 deria
1578 1253 1692 1304 deducet

337 1324 428 1376 Scribit
447 1326 522 1376 etiam
540 1324 767 1388 prosthaphaeresis
786 1327 913 1376 inventum
931 1328 1040 1378 nonnisi
1053 1328 1079 1376 iu
1097 1325 1247 1392 rectaugulis
1267 1325 1397 1391 triangulis
1416 1325 1517 1379 valere,
1535 1338 1693 1388 nequaquem

338 1403 421 1468 queem
441 1397 467 1443 iu
486 1395 674 1460 obliquaugulis.
702 1395 751 1446 Sed
770 1403 840 1446 tunm
855 1398 975 1460 judicium
997 1398 1135 1448 aridissime
1154 1399 1184 1448 tle
1197 1398 1234 1446 bis
1254 1399 1366 1446 omnibns
1380 1401 1492 1460 expecto.
1516 1394 1610 1456 Quanti
1629 1397 1696 1446 euim

336 1473 364 1516 tu
383 1467 450 1529 apud
468 1481 507 1516 me
527 1467 567 1522 sis,
589 1465 690 1516 Urauici
708 1468 734 1516 bi
751 1468 859 1532 hospites
886 1468 1014 1518 declarare
1032 1475 1155 1532 poterunt.
1192 1467 1308 1532 (Spectat
1333 1468 1371 1518 bis
1390 1467 1516 1516 Fabricius
1535 1466 1574 1514 Fr.
1594 1467 1659 1516 Teu
1666 1481 1693 1531 g·

335 1553 377 1589 ua
384 1537 508 1602 gellam
528 1545 553 1588 et
570 1537 711 1588 Johaunem
731 1539 871 1596 Ericnm,
891 1555 951 1602 qnos
969 1541 1038 1592 initio
1058 1540 1129 1602 hujus
1149 1539 1267 1603 epistolae
1286 1540 1370 1588 scribit
1387 1539 1412 1588 in
1424 1537 1528 1588 Frisium
1543 1535 1696 1587 Orientalem

335 1611 484 1673 parvenisse,
503 1609 652 1671 praedicans
666 1624 708 1658 eoa
724 1611 878 1674 „singulares
894 1609 1004 1662 Uraniae
1017 1611 1174 1675 Tycbouicae
1188 1612 1307 1664 alumnos.
1320 1612 1361 1674 qui
1375 1612 1483 1660 adventu
1495 1623 1538 1658 suo
1557 1608 1695 1658 felicissimo

337 1695 377 1730 me
397 1681 570 1742 intempestivo
589 1680 676 1744 Magni
695 1681 760 1730 illins
779 1681 902 1744 Tychouis
921 1698 944 1744 p.
964 1699 996 1732 m.
1017 1684 1085 1732 obitu
1107 1681 1251 1748 languidum
1269 1683 1306 1730 ita
1323 1682 1478 1738 reiecerunt,
1496 1681 1568 1729 utin
1587 1680 1695 1729 ecstuin

336 1751 463 1816 quandam
483 1751 615 1817 abreptus,
635 1767 684 1800 uon
703 1753 743 1802 hic
761 1753 805 1802 sed
832 1755 912 1816 potins
931 1753 1028 1818 Pregae
1056 1768 1095 1802 me
1123 1755 1247 1802 vobiscum
1273 1753 1411 1804 conversari
1432 1757 1554 1816 putarem.
1591 1749 1695 1799 Honori·

339 1821 526 1872 licentissimam
539 1821 586 1872 Τιιι
598 1823 749 1872 mentionem
767 1823 887 1880 iecerunt,
907 1825 1029 1872 sincerum
1048 1825 1124 1874 animi
1137 1827 1173 1873 tui
1192 1823 1309 1874 affectum
1327 1837 1389 1888 erga
1405 1823 1513 1886 sepultos
1526 1819 1559 1870 D.
1572 1819 1696 1884 Tychouis

337 1907 434 1949 manes,
453 1893 611 1957 studiumque
630 1893 780 1943 indefessum
798 1895 823 1944 in
847 1895 969 1958 triumpho
988 1894 1098 1946 Uraniae
1123 1895 1287 1960 promovendo
1315 1902 1342 1944 et
1366 1893 1509 1945 adornando
1536 1893 1615 1942 verbis
1642 1893 1696 1956 plus

336 1978 410 2030 quam
429 1964 584 2028 superlativis
604 1965 670 2029 apud
688 1981 728 2016 me
746 1961 993 2030 depraedicaruut“)

424 2052 560 2116 Keplerum
582 2069 632 2104 nou
660 2055 745 2104 statim
771 2054 960 2119 respondentem
986 2061 1072 2103 monet
1090 2054 1216 2104 Fabricius
1236 2054 1266 2104 de
1292 2053 1339 2102 bac
1368 2053 1513 2116 quaestione
1530 2052 1556 2102 in
1575 2051 1651 2100 literis
1670 2051 1694 2100 d.

336 2120 380 2172 28.
400 2123 459 2186 Aps.
478 2139 500 2172 ι.
520 2130 550 2172 ιι.
572 2121 650 2173 1602.
670 2126 743 2184 datis,
763 2140 836 2190 quam
856 2126 1048 2176 admonitionem
1071 2139 1146 2190 quum
1164 2125 1287 2188 Keplerus
1305 2125 1331 2172 iu
1350 2125 1456 2186 epistola
1474 2119 1510 2184 (d.
1530 2123 1555 2172 d.
1575 2119 1617 2170 16.
1636 2121 1695 2172 Julii

333 2197 387 2256 jam
406 2192 545 2257 deperdita)
564 2195 703 2260 neglexisse
722 2197 852 2254 videretur,
871 2198 951 2246 instat
962 2197 1089 2246 Fabricius
1109 2191 1144 2254 (d.
1167 2192 1235 2257 llll.
1250 2191 1336 2260 Aug),
1356 2196 1455 2246 diceus:
1475 2193 1516 2244 De
1529 2193 1695 2244 Gbnsunauui

335 2264 466 2329 paradoxis
484 2265 557 2316 velim
575 2271 601 2316 te
619 2267 754 2332 aliquando
778 2269 896 2318 curiosius
915 2269 1034 2333 cogitare
1071 2265 1176 2318 Videtur
1199 2266 1293 2316 babere
1316 2265 1481 2316 fundamenta
1505 2265 1628 2330 quaedam
1646 2279 1695 2314 uon

335 2337 519 2388 contemnenda
536 2340 589 2399 eJ'us
608 2338 672 2402 quod
692 2338 861 2390 demonstrare
879 2341 974 2389 nititur.

426 2425 550 2489 Keplerus
569 2426 594 2474 in
619 2427 818 2490 responsionibus
841 2429 891 2478 suis
911 2423 945 2488 (d.
966 2425 989 2474 l.
1011 2426 1067 2476 Oct.
1088 2432 1114 2476 et
1132 2425 1157 2476 2.
1177 2423 1254 2487 Dec.)
1278 2427 1366 2474 iterum
1385 2425 1415 2474 de
1435 2423 1609 2474 Christmanno
1632 2423 1697 2480 silet,

337 2511 412 2560 quam
432 2495 527 2546 obrem
546 2497 672 2548 Fabricius
690 2497 757 2548 hauc
775 2501 945 2562 quaestionem
957 2513 1001 2563 pro
1018 2503 1128 2561 tempore
1147 2498 1268 2560 abjecisse
1286 2497 1390 2553 ridetur,
1409 2511 1483 2560 quum
1494 2499 1520 2545 iu
1532 2495 1610 2546 literis
1628 2493 1696 2543 illam

336 2565 374 2628 (d.
398 2567 420 2615 ι.
440 2565 520 2632 Aug.)
539 2571 631 2618 uacuus
655 2577 710 2619 octo
734 2571 828 2618 nullum
847 2570 951 2632 amplius
970 2570 1139 2619 Christmauui
1162 2570 1313 2618 mentionem
1330 2567 1417 2616 iaciat.
1455 2565 1483 2616 ln
1503 2567 1579 2616 literis
1598 2566 1695 2618 demum

337 2639 360 2688 d.
382 2635 469 2698 tll2l.
490 2639 576 2689 Martii
594 2636 671 2688 160³.
693 2642 757 2691 datis
776 2641 809 2690 ad
828 2641 933 2691 cundem
952 2642 1016 2690 redit
1033 2641 1173 2698 Fabricius,
1199 2641 1300 2690 dicem:
1326 2653 1382 2687 oum
1402 2637 1589 2688 Cbrlstmaum
1606 2635 1693 2688 unua-

337 2717 423 2760 menta
442 2712 621 2776 triangulorum
641 2712 713 2777 obliq.
733 2712 864 2770 convellat,
884 2714 958 2762 mirer
975 2711 1068 2761 nullum
1087 2726 1118 2762 ex
1136 2713 1225 2760 nocuis
1244 2712 1357 2766 existere.
1376 2711 1417 2772 qui
1429 2709 1502 2772 bajus
1519 2711 1555 2759 rei
1573 2710 1693 2760 rationem

336 2780 432 2831 lrabeat
450 2790 476 2830 et
494 2787 589 2832 certum
608 2784 717 2834 solreudi
745 2785 844 2832 modum
871 2785 956 2833 tradat
972 2784 1011 2833 sel
1028 2783 1095 2831 illum
1114 2783 1212 2832 refutet.
1250 2781 1360 2846 Cumque
1378 2786 1405 2829 tu
1423 2782 1572 2846 geometrice
1595 2779 1694 2844 ingenie

338 2853 468 2914 plurimum
486 2854 586 2912 ιιιιιι,
605 2855 666 2904 utile
686 2863 751 2905 esset
769 2856 800 2905 de
820 2855 968 2920 corrigendis
986 2854 1117 2918 triangulis
1135 2855 1204 2904 bisce
1223 2854 1342 2917 cogitare.
1361 2877 1397 2886 -
1419 2853 1450 2900 Iu
1468 2852 1614 2916 poslscripto
1632 2851 1695 2900 baec

337 2923 465 2973 Fabricius
484 2925 571 2974 addit:
597 2925 690 2989 Accepi
717 2927 785 2978 bisce
814 2927 899 2976 diebus
925 2941 1069 2989 responmm
1087 2925 1123 2974 M.
1143 2925 1200 2975 Jac.
1221 2924 1387 2974 Christmauni
1406 2922 1439 2973 sd
1460 2937 1532 2972 meaa
1558 2923 1650 2981 literas,
1668 2922 1695 2968 iu

335 2995 422 3057 quibus
443 2995 474 3044 de
493 2995 638 3059 quibusdam
658 2999 684 3046 iu
703 2997 763 3047 libro
782 2997 813 3047 de
833 2997 891 3047 Oba.
913 2996 1037 3047 Solaribus
1061 2999 1190 3061 propositis
1208 2997 1333 3058 cumipse
1357 3007 1432 3058 agere
1451 2995 1516 3045 volui
1534 2999 1559 3043 et
1575 2991 1695 3042 nonnulla

336 3064 425 3126 objeci,
445 3067 532 3129 quibus
544 3069 676 3117 sensatam
694 3069 873 3132 problematum
892 3068 1039 3132 Leusbergii
1051 3075 1078 3118 et
1089 3067 1226 3118 salsitatem
1244 3067 1441 3116 observationum
1457 3067 1558 3115 istarum
1572 3063 1692 3113 Marium

336 3135 504 3186 demonstrare
521 3139 595 3186 solui.
622 3139 796 3190 Relreotiwes
815 3154 911 3204 quoque
932 3155 989 3188 cum
1007 3153 1037 3188 cx
1055 3138 1264 3188 observationibus
1277 3136 1401 3199 Tyehouis
1420 3141 1446 3186 st
1464 3137 1574 3192 aliorum.
1591 3139 1644 3184 tum
1663 3147 1695 3182 ex

335 3205 468 3268 eclipsibus
488 3207 561 3256 Plinii
580 3215 605 3257 et
622 3208 751 3260 Maestliui
770 3208 823 3271 (nbi
848 3218 977 3275 utrumque
1002 3210 1123 3260 luminare
1145 3224 1218 3272 snper
1236 3209 1337 3258 Terram
1356 3213 1515 3272 conspectum
1534 3207 1580 3256 luit
1596 3206 1622 3254 iu
1639 3206 1695 3268 ipsa

334 3275 520 3338 obscuratione)
541 3281 642 3328 amomi.
671 3281 721 3330 Sed
732 3282 773 3330 ille
791 3284 878 3344 paucis
896 3281 1038 3345 respondet.
1056 3295 1122 3344 quae
1139 3281 1185 3330 tibi
1201 3276 1261 3340 <nou
1280 3285 1366 3329 umen
1378 3277 1544 3341 Tycbcniauis
1563 3277 1696 3328 entaudae

335 3349 528 3398 concertationis
547 3363 625 3398 causa
644 3348 815 3412 innotescant)
835 3353 941 3402 scribere
959 3352 1032 3401 solui.
1058 3352 1129 3402 luter
1146 3352 1197 3402 alla
1214 3353 1250 3402 sic
1269 3351 1371 3400 scribit:
1392 3349 1434 3408 „Si
1452 3349 1513 3400 libet
1531 3351 1614 3398 iacere
1631 3348 1694 3410 peri-

334 3419 427 3475 culum,
447 3431 548 3470 usuum
566 3421 733 3472 iuruumeuta
750 3436 815 3486 quae
833 3423 910 3472 babes
929 3423 1118 3474 accuratissima
1135 3429 1162 3473 et
1181 3423 1280 3486 explora
1297 3427 1392 3470 motum
1410 3421 1566 3470 revolutionis
1585 3418 1695 3474 Solarist

335 3489 446 3554 profecto
462 3492 597 3554 comperies
616 3492 851 3545 demonstrationem
863 3508 945 3544 meam
957 3510 1006 3544 uon
1019 3501 1118 3544 tautum
1129 3495 1274 3544 firmissimis
1293 3494 1439 3554 rationibus,
1456 3491 1502 3542 sed
1514 3493 1591 3542 etiam
1603 3490 1696 3552 experi-

335 3561 428 3610 mentis
447 3569 642 3612 consentaneam
662 3577 723 3613 esse.
762 3562 834 3615 Licet
853 3571 937 3615 autem
955 3581 1002 3630 ego
1020 3581 1080 3614 usus
1104 3566 1193 3615 suanm
1215 3565 1384 3615 instrumentis
1402 3577 1452 3612 nou
1476 3563 1539 3612 adeo
1557 3561 1697 3627 magnificis

337 3638 363 3682 et
383 3635 523 3697 pomposis,
551 3640 665 3684 attamen
684 3635 717 3684 ad
734 3637 883 3698 propositum
911 3651 993 3686 meum
1019 3639 1119 3686 luemut
1143 3635 1417 3687 accommodatissima:
1448 3649 1495 3684 uec
1525 3634 1613 3684 credas
1637 3631 1697 3682 mibi

336 3704 425 3754 deesse
444 3711 584 3756 sextantem
604 3720 634 3755 ex
653 3706 775 3756 orichalco
795 3714 977 3768 constructum,
996 3707 1104 3771 pondere
1123 3705 1306 3764 scutrarum,
1325 3708 1351 3755 iu
1369 3705 1450 3756 medio
1469 3710 1609 3761 exeuntum,
1628 3705 1697 3765 cuius

335 3774 418 3826 latera
436 3782 462 3825 et
480 3777 567 3826 limbus
586 3777 680 3828 babent
699 3779 886 3828 crassitudinem
906 3779 951 3828 lati
969 3780 1054 3844 digiti,
1079 3779 1258 3844 longitudinem
1276 3779 1380 3828 doamm
1397 3777 1527 3832 ulnarum,
1551 3781 1581 3824 ut
1598 3773 1698 3838 singula

335 3848 433 3896 minuta
451 3849 543 3911 possim
562 3849 710 3900 discernere.
746 3849 780 3898 Et
797 3851 884 3909 miror,
903 3856 929 3900 te
949 3864 1005 3900 cum
1023 3850 1140 3911 Tycbone
1159 3863 1316 3913 persuasum,
1340 3851 1412 3913 quasi
1430 3847 1498 3898 llusa
1514 3846 1653 3896 meridiana
1670 3851 1698 3896 et

336 3917 405 3981 polus
423 3919 508 3969 mnndi
527 3935 602 3983 opera
619 3919 747 3970 stellarum
772 3921 876 3972 lixarum
895 3922 1009 3986 indagari
1033 3921 1131 3970 debeat.
1170 3920 1325 3970 θιιιιιιιιιιιι
1345 3921 1410 3970 euim
1429 3919 1497 3970 rides
1514 3932 1554 3966 rue
1573 3917 1695 3968 docuisse.

335 3987 507 4040 Commeatum
526 3991 603 4040 etiam
621 3992 837 4043 retractionis
856 3995 904 4041 its
922 3993 1118 4056 impugnavi,
1138 3999 1186 4051 nt,
1206 3993 1232 4041 si
1251 3991 1613 4055 Tychorerisisceret.
1633 4002 1696 4038 uon

332 4059 435 4110 iaoile
454 4067 547 4112 esset
564 4063 764 4113 inventurus
782 4065 1017 4126 patrocinium.
1056 4063 1129 4122 Quod
1147 4063 1181 4112 ad
1198 4063 1303 4126 eclipses
1321 4064 1433 4112 Lunares
1452 4061 1551 4118 attinet.
1572 4073 1628 4110 cum
1645 4073 1696 4108 nou

333 4130 425 4196 alleges
445 4134 567 4196 propriam
587 4135 766 4198 experientiam
784 4141 811 4184 et
829 4137 1033 4191 obseruationem,
1052 4135 1111 4184 illae
1130 4134 1220 4185 nullius
1238 4135 1305 4198 apud
1323 4148 1362 4183 rue
1375 4138 1434 4184 suut
1451 4131 1572 4197 pendula
1604 4129 1697 4180 Restat

331 4203 408 4266 igitur
425 4210 454 4252 nt
472 4204 616 4268 diligentius
634 4206 683 4254 slm
702 4220 813 4256 mearum
840 4205 1078 4256 demonstrationum
1107 4207 1241 4256 examines.
1280 4204 1386 4265 Quaeris
1404 4219 1438 4254 an
1461 4203 1696 4254 demonstrationem

332 4275 358 4322 iu
376 4280 445 4324 motu
464 4275 527 4326 Solis
546 4275 650 4325 allatam
668 4277 759 4339 possim
778 4277 967 4326 accommodare
986 4276 1019 4325 ad
1045 4276 1144 4342 globum
1167 4277 1294 4326 stellarum
1318 4273 1442 4326 firmum?
1472 4273 1597 4334 Quidni!
1626 4272 1697 4322 Hoc

333 4345 414 4394 enim
444 4345 530 4396 baud
559 4347 697 4396 obscure
724 4349 932 4412 significavi,
962 4347 1020 4397 sed
1047 4347 1206 4411 exemplis
1233 4348 1324 4397 uolui
1350 4361 1412 4397 rem
1441 4345 1629 4401 declarare,
1656 4357 1697 4392 ue

331 4415 517 4478 Tyclrouam
541 4419 645 4481 ipsum
671 4419 823 4468 acerbius
849 4419 1068 4475 offenderem,
1089 4432 1120 4469 ac
1137 4418 1240 4482 proinde
1258 4419 1318 4468 libro
1336 4433 1391 4468 meo
1411 4418 1513 4481 apposui
1533 4413 1548 4464 9
1567 4414 1696 4466 stellarum

332 4488 390 4534 Asc.
413 4494 494 4537 rectas
513 4496 539 4537 et
557 4488 745 4550 declinationes,
765 4497 793 4540 ιιι
811 4489 910 4554 quidem
928 4507 945 4539 a
963 4489 1081 4550 Tychoue
1100 4491 1295 4554 consignamur
1320 4503 1397 4553 quas
1422 4496 1535 4538 tamen
1560 4488 1646 4536 iuter
1663 4499 1697 4536 se

331 4556 417 4607 baud
436 4563 619 4610 convenire
637 4562 736 4624 probe
760 4561 836 4609 scio.
874 4560 972 4610 Ratio
990 4559 1069 4610 baec
1089 4567 1151 4620 cst,
1171 4562 1245 4624 quia
1262 4561 1370 4624 'Fyobo
1388 4562 1420 4609 iu
1444 4558 1696 4624 obliquaugulis

333 4627 1011 4697 ialsadogmatatriangulorumsecutus
1031 4638 1090 4681 est.
1129 4631 1236 4692 Quare
1266 4633 1349 4682 licet
1374 4632 1573 4682 assumserit
1599 4641 1697 4678 veras

335 4697 465 4749 duarum
494 4702 667 4752 stellarum
695 4703 887 4760 distantias,
916 4716 1025 4752 reram
1057 4703 1155 4752 etiam
1190 4703 1429 4754 diliereutiam
1461 4702 1697 4752 ascensionum

333 4776 502 4821 rectarum
526 4773 712 4825 observarit
740 4777 795 4826 aut
813 4774 1079 4832 accommodarit,
1107 4779 1265 4838 respectu
1291 4781 1401 4840 tamen
1426 4771 1697 4825 tertisestellse
