3718 5528
779 301 861 367 orme
878 298 935 354 vu.
956 299 981 354 ³·
1495 299 1554 370 dtr

202 477 312 538 otieris
338 495 425 539 suom
449 477 566 540 lumen:
591 502 645 542 non
667 489 739 542 enim
759 504 872 558 prorsus
893 488 982 542 latere
1004 488 1032 542 in
1052 487 1220 550 defectibus,
1248 489 1296 541 sed
1316 489 1451 558 effulgere
1472 489 1564 544 colore

204 577 319 647 quodam
342 593 459 646 prunam
479 578 618 632 referente
640 583 670 631 et
693 577 819 640 terribili,
842 577 887 646 qui
908 577 969 645 ejus
991 576 1028 630 sit
1047 576 1193 646 proprius:
1217 567 1286 645 Ipse
1307 568 1491 647 respondens
1507 568 1564 628 boo

204 657 296 734 ipsum
322 654 446 733 objicit:
471 665 608 729 ridemus,
631 656 736 735 inquii,
757 667 864 720 Lunam
892 664 1062 720 deficientem
1090 665 1161 718 alias
1190 663 1274 718 alium
1301 666 1418 719 colorem
1447 682 1561 728 sumere,

203 761 269 815 quos
289 744 481 800 mathematici
507 746 639 816 temporis
666 745 775 802 ratione
796 747 836 800 sio
856 745 1031 799 discernunt:
1061 745 1084 798 si
1112 745 1164 798 sub
1192 760 1338 814 vesperam
1357 745 1438 799 Luna
1463 745 1562 806 deficit,

202 825 371 880 horribiliter
397 825 480 895 nigra
505 833 627 896 apparet
651 842 738 896 usque
760 828 795 880 ad
816 827 913 880 horam
942 825 1053 880 tertiam
1075 834 1105 878 et
1125 840 1211 894 supra
1237 823 1376 878 semissem
1398 826 1492 880 borae.
1535 825 1564 879 Si

201 905 292 960 media
312 911 407 968 noete,
439 912 505 959 tunc
531 907 614 960 istum
644 907 788 976 puniceum
810 913 840 960 et
859 906 970 976 igneum
1001 905 1119 958 colorem
1149 905 1223 958 edit:
1255 921 1273 958 a
1298 905 1418 974 septima
1444 905 1514 960 hora
1534 913 1564 958 et

201 985 313 1038 semisse
333 986 418 1040 rubor
439 985 602 1050 ostenditur,
625 1003 720 1040 versus
742 1003 870 1040 auroram
897 984 956 1054 jam
980 985 1138 1038 caeruleum
1164 992 1322 1054 trucemque
1343 985 1450 1038 vultum
1471 984 1561 1039 sumit.

201 1063 285 1124 Haec
309 1063 428 1142 quidem
452 1065 556 1142 regula
587 1065 680 1141 fallit,
706 1084 760 1125 neo
785 1065 824 1126 ad
848 1063 1045 1144 propositum.
1092 1063 1211 1124 Arabes
1241 1062 1326 1122 uobis
1356 1064 1444 1123 aliam
1470 1081 1560 1142 prue-

201 1151 350 1230 soripsere
376 1151 412 1212 de
437 1152 588 1214 coloribus
619 1151 794 1231 eclipsium,
824 1171 913 1232 quam
939 1149 1136 1212 Cardenus
1160 1149 1190 1210 in
1220 1152 1428 1230 supplemento
1454 1151 1562 1211 Alma-

202 1239 278 1301 naclr
304 1249 335 1302 et
364 1238 392 1300 in
418 1239 597 1304 Commeuto
629 1261 719 1322 super
751 1240 1012 1321 Quadripertitum
1042 1258 1080 1299 ex
1107 1239 1235 1302 Alfonso
1265 1247 1295 1299 et
1319 1235 1500 1312 Linerio⁰⁵l
1525 1241 1562 1300 ad

202 1327 274 1389 nodi
305 1327 562 1408 propinquitatem
593 1339 624 1392 et
657 1349 821 1409 apogaeum
854 1327 1076 1399 accommodat,
1109 1348 1183 1407 quae
1213 1325 1373 1388 Reinlroldi
1407 1327 1562 1388 traditioni

201 1417 300 1497 magis
315 1427 388 1478 sunt
406 1427 628 1480 consentanea:
654 1419 789 1499 quamvis
805 1419 884 1480 atris
899 1418 985 1478 varia
1000 1416 1176 1478 constitutio
1201 1417 1334 1494 reguiam
1350 1437 1408 1478 non
1425 1417 1563 1478 videatur

202 1506 372 1568 admittere.
424 1505 485 1568 Sed
517 1507 617 1587 pergit
646 1507 827 1570 Plutarchus
858 1507 935 1568 hano
970 1525 1054 1568 suurn
1088 1504 1286 1584 objectionem
1319 1506 1560 1578 accommodare,

201 1597 274 1650 hunc
303 1613 436 1667 pruueum
464 1598 558 1666 potius
587 1598 646 1668 quis
677 1598 797 1652 alienum
819 1616 837 1652 a
856 1598 937 1651 Luna
967 1595 1124 1650 dixeritne
1152 1595 1299 1649 mixturam
1329 1595 1421 1666 potius
1453 1596 1562 1650 luminis

202 1685 353 1740 deficientis
378 1676 512 1756 (egregio
537 1679 668 1750 mecum)
693 1694 722 1740 et
750 1704 801 1757 per
828 1687 953 1741 umbram
981 1685 1127 1747 enitentis,
1154 1683 1294 1753 proprium
1314 1700 1380 1737 rere
1402 1685 1512 1756 nigrum
1533 1691 1563 1738 et

202 1782 370 1829 terrestrem.
411 1763 485 1826 Cum
509 1783 579 1826 vero
605 1765 640 1825 de
666 1767 765 1826 causis
790 1767 854 1844 agit
877 1765 976 1826 lumen
1000 1765 1121 1825 umbrae
1146 1763 1452 1842 interspergentibus,
1478 1773 1563 1825 astra

203 1863 307 1914 cetera
340 1853 442 1916 Solem
479 1853 706 1920 circumstantia
743 1856 884 1916 adducit:
922 1871 1044 1915 causam
1083 1852 1121 1913 ad
1155 1849 1388 1930 homoquidam
1426 1852 1562 1914 ruborem

204 1941 326 2003 nimium
360 1943 505 2004 debilem:
545 1943 680 2023 quamvis
712 1943 791 2005 inira
824 1945 888 2024 ejus
918 1943 1009 2004 etiam
1046 1939 1125 2004 ratio
1162 1939 1321 2002 habebitur
1351 1941 1379 1999 iu
1413 1940 1561 2002 coloribus

201 2033 323 2092 ceteris.
372 2031 496 2092 Vitellio
522 2041 635 2108 noster,
661 2052 727 2096 oum
752 2041 835 2093 esset
857 2040 1021 2110 negaturus
1045 2031 1148 2092 Lunae
1178 2047 1264 2090 omne
1289 2029 1385 2090 lumen
1410 2029 1560 2110 proprium

202 2138 288 2200 prop.
305 2116 358 2181 77.
385 2120 450 2181 libri
465 2121 521 2195 lV,
547 2121 614 2182 hoio
639 2129 739 2182 tamen
764 2121 863 2183 rubori
879 2122 986 2183 Lunae
1010 2119 1038 2180 in
1064 2117 1224 2196 eclipsibus
1248 2117 1368 2179 videtur
1391 2118 1562 2180 destinasse

164 2209 167 2213 ’
200 2207 436 2287 propositionem
461 2209 513 2272 31.
539 2210 604 2271 libri
621 2209 663 2270 II.
704 2219 842 2286 Umbram,
868 2209 908 2271 ibi
933 2211 986 2282 ait,
1013 2217 1205 2272 remotioribus
1233 2215 1360 2287 partibus
1390 2217 1478 2271 minus
1502 2235 1560 2272 um·

202 2307 341 2362 breseere.
379 2296 462 2360 Sana
485 2299 588 2374 rerba,
614 2301 640 2360 si
664 2299 817 2360 causasit
840 2319 926 2359 sarra.
965 2295 1106 2359 Ceterum
1122 2295 1250 2357 Vitellio
1274 2297 1439 2356 oausamin
1464 2297 1560 2358 visum

201 2387 292 2448 refert
316 2395 542 2466 comparantem
566 2389 701 2449 umbram
716 2396 748 2449 et
771 2387 871 2448 radios
898 2388 1056 2448 lucidiores
1077 2387 1123 2446 vel
1145 2384 1305 2445 debiliores
1325 2385 1414 2464 juxta
1433 2385 1560 2448 invicem

199 2476 326 2554 positos
375 2476 516 2538 Ceterum
541 2477 596 2538 hoo
624 2487 714 2558 pacto
745 2477 817 2537 nihii
847 2478 938 2556 plane
962 2477 1049 2537 Luna
1078 2473 1158 2535 alind
1183 2473 1212 2534 iu
1237 2491 1290 2533 suo
1315 2492 1438 2552 corpore
1468 2483 1559 2556 pate-

200 2571 298 2640 retur,
331 2565 507 2644 profuudius
537 2573 568 2626 et
592 2565 873 2646 caliginosissimam
897 2571 1013 2644 partem
1047 2561 1218 2625 transiens:
1254 2561 1326 2622 nihil
1356 2563 1456 2641 itaque
1485 2563 1560 2624 haec

199 2651 282 2713 visus
306 2653 468 2732 phantasia
498 2656 616 2715 confert
639 2655 677 2716 ad
707 2656 783 2715 huno
813 2655 877 2733 ejus
911 2654 1057 2716 ruborem.
1107 2649 1209 2713 Causa
1236 2668 1307 2710 vero
1341 2651 1429 2728 plane
1460 2661 1506 2712 est
1529 2651 1558 2712 iu

201 2741 450 2819 retractionibus,
475 2750 508 2803 ut
531 2743 573 2806 sit
596 2743 668 2804 nihil
692 2743 773 2804 aliud
798 2743 886 2803 rubor
909 2743 978 2817 iste,
1004 2760 1091 2820 quam
1120 2739 1284 2800 illustratio
1308 2738 1412 2800 Lunae
1437 2761 1455 2799 a
1479 2738 1560 2802 Solis

199 2830 309 2904 radiis,
346 2849 400 2909 per
433 2832 512 2893 adria
550 2831 731 2894 densitatem
768 2831 970 2906 transmissis,
1010 2837 1042 2890 et
1068 2829 1147 2891 iutro
1180 2845 1285 2887 versus
1319 2847 1404 2888 axem
1437 2829 1560 2890 umbrae

199 2919 351 2995 refractis,
375 2928 409 2981 nt
433 2939 469 2982 ex
493 2922 687 3001 sequentibus
712 2921 926 3000 experimentis
950 2920 1063 2980 clarum
1086 2917 1205 2979 evadet.

288 3025 478 3088 Frodoardos
496 3021 541 3108 ⁸⁰)
566 3027 604 3088 ad
629 3048 736 3088 anirum
763 3025 879 3088 christi
904 3023 986 3090 926:
1021 3038 1103 3091 Luna
1123 3035 1183 3090 Cal.
1205 3033 1294 3102 April.
1319 3049 1405 3104 passa
1424 3035 1560 3088 defectum

199 3115 278 3170 etin
299 3117 435 3186 pallorem
457 3134 590 3172 conversa
611 3125 654 3172 est
676 3120 793 3188 quadam
815 3118 923 3174 luminis
938 3119 1038 3172 relicta
1058 3115 1207 3188 particula,
1229 3114 1308 3168 relut
1327 3121 1403 3167 esset
1424 3115 1559 3177 secunda;

198 3207 293 3276 sicque
315 3223 417 3262 aurora
442 3207 501 3276 jam
528 3207 675 3278 incipiente
697 3208 725 3262 in
747 3209 928 3280 sanguineum
951 3213 1012 3262 tota
1041 3212 1150 3260 mutata
1174 3212 1219 3256 est
1247 3202 1373 3257 colorem.
1428 3192 1511 3273 Ergo
1542 3215 1560 3254 a

204 3285 300 3346 latere
325 3287 457 3348 umbram
482 3287 576 3362 rasit;
602 3307 668 3348 cunr
691 3287 768 3347 huuc
791 3287 928 3348 ruborem
951 3306 1023 3366 prae
1048 3305 1079 3345 se
1105 3285 1206 3344 ferret.

288 3399 397 3462 Refert
425 3399 581 3464 Cornelius
611 3399 739 3464 Gemma
770 3401 1003 3464 Cosmocritioes
1033 3401 1107 3464 libro
1132 3399 1172 3461 11.
1200 3399 1219 3459 f.
1246 3393 1309 3464 dd:
1343 3397 1432 3458 Anno
1465 3393 1559 3460 1569.

201 3489 307 3552 Martii
337 3489 384 3550 die
409 3485 438 3552 3.
461 3518 541 3556 mane
555 3503 626 3555 hora
645 3503 731 3556 tertia
744 3502 876 3555 Phoeben
898 3501 1014 3570 eclipsin
1030 3500 1194 3554 horrendam
1209 3514 1321 3568 passam
1336 3496 1401 3550 diris
1423 3496 1559 3550 coloribus

199 3587 371 3658 insignitam.
413 3589 504 3644 Primo
533 3581 620 3654 enim,
645 3581 751 3660 iuquit,
774 3592 881 3654 luscus,
904 3592 965 3644 inde
987 3590 1156 3660 sanguineus
1179 3589 1269 3651 fulsit,
1292 3603 1357 3640 mox
1378 3592 1408 3638 et
1426 3585 1558 3654 puniceus

198 3679 230 3722 et
250 3669 341 3722 virens
362 3674 392 3722 et
411 3669 510 3724 lividus
531 3686 564 3724 ac
585 3672 695 3725 taudem
716 3671 868 3725 incredibili
890 3671 1029 3724 varietate
1051 3668 1188 3724 deformis.
1245 3667 1312 3728 Hoc
1344 3664 1557 3743 propemodum

200 3756 288 3831 dixit,
315 3758 344 3818 in
368 3757 457 3820 Luna
478 3757 559 3819 risos
584 3777 651 3820 esse
675 3760 791 3820 colores
815 3758 910 3822 iridis.
947 3759 964 3820 Ι
987 3765 1114 3818 nuncet
1137 3755 1246 3816 vitrum
1269 3753 1456 3833 sphaericum
1481 3770 1558 3830 aqua

198 3845 356 3924 impletum
380 3846 503 3908 obverte
536 3847 621 3908 radio
646 3847 727 3908 Solis
751 3867 804 3927 per
834 3847 969 3910 rimulam
993 3847 1021 3907 in
1053 3844 1244 3907 tenebrosam
1277 3859 1426 3904 cameram
1456 3839 1558 3919 ingre-

200 3934 317 4008 dienti,
351 3934 468 3996 videbis
491 3935 521 3996 in
550 3935 665 4014 pariete
698 3937 816 4014 objecto
850 3937 966 3998 colores
996 3935 1081 3996 iridis
1114 3951 1227 3994 omnes.
1275 3931 1362 3991 Adeo
1386 3946 1505 4007 semper
1528 3928 1558 3989 hi

199 4025 316 4086 colores
341 4031 410 4084 sunt
434 4025 566 4087 humoris
590 4025 726 4098 soboles,
754 4043 841 4105 quem
870 4025 971 4087 radius
996 4022 1077 4086 Solis
1101 4027 1248 4084 transeat.
1296 4020 1340 4080 At
1364 4017 1430 4096 quis
1454 4017 1559 4078 humor

199 4113 251 4185 sit,
276 4131 363 4192 quem
381 4110 463 4174 Solis
477 4112 578 4176 radius
593 4113 722 4176 transire
743 4113 848 4192 possit,
875 4133 963 4195 quam
982 4112 1104 4174 humida
1119 4111 1198 4172 adria
1222 4106 1378 4189 sphaera?
1401 4105 1559 4168 Tendebat

199 4201 317 4280 quidem
342 4201 428 4262 Luna
452 4202 490 4262 ad
521 4201 711 4281 perigaeum,
746 4203 800 4263 sed
833 4203 1057 4264 meridionalem
1089 4200 1212 4262 umbrae
1243 4205 1363 4276 partem
1397 4195 1557 4256 transibat.

197 4289 275 4352 Erat
297 4289 398 4368 itaque
423 4289 452 4350 io
475 4297 601 4371 utroque
626 4292 763 4370 exemplo
786 4292 816 4353 iu
841 4301 928 4372 parte
952 4290 1086 4361 umbrae,
1110 4297 1143 4349 ut
1166 4306 1232 4348 cum
1255 4283 1419 4348 Vitellione
1444 4285 1557 4362 loquar,

198 4378 295 4440 minus
318 4377 537 4452 umbrescente,
562 4379 617 4441 hoo
637 4390 685 4441 est
704 4381 799 4442 diluta
814 4381 915 4443 inultis
932 4379 1013 4442 Solis
1032 4377 1137 4451 radiis,
1161 4376 1190 4437 iu
1215 4371 1430 4454 septentrionis
1454 4389 1558 4432 crasso

198 4473 267 4528 abre
300 4467 514 4530 refractionem
543 4468 655 4548 passis.
705 4469 784 4530 Nam
817 4478 850 4530 et
877 4469 1026 4530 Saturnus
1060 4485 1126 4528 cum
1154 4465 1249 4537 Jove,
1283 4471 1315 4524 et
1340 4461 1460 4540 Jupiter
1492 4479 1557 4522 curn

198 4555 316 4630 Marte,
351 4563 384 4617 et
413 4555 468 4617 Sol
499 4577 566 4618 eum
598 4557 749 4620 Mercurio
787 4557 963 4636 configurati
1002 4555 1144 4634 rapidum
1178 4571 1217 4614 ex
1247 4552 1357 4612 Terrae
1390 4549 1558 4612 calentibus

198 4643 324 4706 latebris
358 4645 514 4707 excierant
545 4651 664 4720 atram,
699 4653 732 4707 ut
764 4645 1010 4708 constantissima
1043 4663 1097 4704 uos
1132 4643 1220 4704 docet
1251 4639 1446 4718 experientia.
1493 4638 1558 4700 Neo

198 4733 390 4795 mediocriter
413 4734 513 4795 forsan
533 4735 699 4813 adjuvabat
718 4735 787 4796 anui
810 4742 986 4816 tempestae,
1011 4739 1140 4810 atquae
1161 4747 1239 4790 anno
1255 4729 1315 4790 alio
1340 4723 1556 4790 scilicet1597

198 4820 228 4881 in
242 4819 280 4888 iio
296 4821 371 4883 locis
387 4827 486 4882 adrem
502 4831 660 4902 tantopere
676 4822 875 4898 incrassahat,
897 4833 930 4884 ut
942 4821 1117 4903 prodigiosa
1135 4819 1190 4878 illa
1204 4816 1392 4878 Zemblensia
1415 4816 1557 4878 retractio
