3700 5530
757 407 759 410 ·
789 339 871 404 capnt
888 325 946 390 Vs
979 393 987 408 .
1467 333 1530 400 631

179 513 271 588 seria,
294 514 352 576 nisi
375 513 522 576 hominem
546 533 669 590 nossem
698 515 840 596 quidquid
871 517 1042 578 animalium
1075 515 1190 578 invenit
1212 514 1241 575 in
1266 513 1357 576 variis
1380 513 1534 574 nationum

179 604 278 666 sacris
301 611 334 666 et
354 604 560 682 religionibus,
584 603 614 665 id
637 605 667 665 in
692 605 808 667 coelum
830 605 946 679 intulit3
971 604 1110 684 quidquid
1135 604 1223 683 hujus
1247 603 1275 664 in
1300 602 1384 664 coelo
1403 601 1533 675 oberrat,

181 693 221 754 ad
244 692 393 754 hominem
416 692 645 771 superstitiones
669 692 810 756 detraxit.

271 780 559 844 constellationibus
582 780 673 860 igitur
696 783 831 844 omnibus
854 801 907 862 per
930 781 986 842 has
1009 800 1117 843 causas
1141 779 1340 851 examinatis,
1364 777 1415 838 ubi
1438 795 1535 856 appa-

181 869 288 944 merit,
321 870 432 932 nullam
462 869 548 931 nobis
577 870 703 950 relinqui
727 866 864 946 domator,
894 890 932 930 an
955 889 1012 930 non
1036 869 1149 950 liquido
1171 868 1303 948 patebit,
1328 864 1431 946 figuris
1454 866 1536 926 hisce

180 960 243 1020 sim
264 958 453 1037 significandi
475 977 533 1019 non
557 957 680 1020 inesse?
716 959 784 1022 Nisi
807 961 884 1021 forte
908 959 994 1020 nnius
1017 959 1129 1037 figurae
1153 956 1301 1019 coelestis*
1319 962 1447 1036 possunt
1470 973 1537 1015 esse

181 1046 295 1110 multae
318 1065 437 1121 causae,
463 1047 586 1108 lonuito
610 1066 682 1108 casu
705 1055 738 1109 et
758 1067 813 1129 per
843 1047 982 1108 accidens
1006 1048 1044 1107 ad
1064 1047 1189 1110 eundem
1211 1048 1349 1109 effectum
1364 1043 1456 1105 toties
1476 1051 1539 1104 tam

182 1134 312 1198 mirabili
335 1153 482 1196 consensu
506 1135 724 1216 conspirantes.
780 1135 870 1208 Quod
897 1137 1063 1217 quicunque
1087 1137 1175 1198 facile
1198 1136 1303 1206 credit,
1332 1131 1538 1194 imbecillitate

177 1223 284 1304 judicii
307 1223 434 1296 laborat,
459 1223 566 1303 dignus
590 1225 639 1303 qui
661 1225 843 1288 Judaeornm
867 1225 976 1286 nabala
998 1225 1150 1286 cerebrum
1176 1225 1306 1303 frangat.
1349 1221 1388 1283 Hi
1412 1239 1538 1299 namque

183 1313 222 1374 ad
246 1312 372 1375 eundem
395 1313 484 1391 plane
508 1313 641 1387 modum,
666 1316 812 1393 neglectis
836 1313 1070 1375 evidentissimis
1097 1312 1316 1376 derivationum
1338 1319 1371 1372 et
1392 1311 1539 1386 originum

183 1403 293 1476 causis,
318 1401 438 1462 divinae
461 1401 669 1480 providentiae
693 1403 825 1483 linguam
844 1421 928 1464 suam
944 1412 1093 1475 asserunt,
1115 1402 1262 1482 persuasi,
1287 1401 1344 1462 hoc
1363 1398 1456 1460 inisse
1474 1399 1539 1459 Deo

183 1490 303 1569 linguae
337 1491 452 1553 auctori
482 1491 683 1571 propositum,
715 1500 749 1554 ut
783 1511 820 1554 ex
852 1492 1006 1554 literarum
1038 1491 1273 1570 transpositione
1306 1507 1404 1550 rernm
1430 1495 1540 1548 natura

184 1579 397 1659 depingeretur
420 1587 452 1640 et
474 1579 600 1658 integris
624 1580 782 1643 sententiis
806 1581 952 1662 mysteria
975 1581 1077 1643 nescio
1106 1598 1182 1660 quae
1205 1580 1449 1641 reconderentur.
1495 1576 1541 1636 At

184 1668 276 1730 sobrii
294 1668 440 1742 homines,
465 1667 583 1730 divinae
606 1669 665 1730 vim
689 1669 897 1750 providentiae
920 1669 1114 1730 veneratione
1135 1669 1237 1730 debita
1256 1667 1396 1740 confessi,
1421 1665 1539 1744 linguas

184 1777 239 1818 seu
261 1758 326 1818 Deo
350 1775 404 1818 seu
427 1756 596 1819 hominibus
619 1759 749 1820 usitatas
772 1757 817 1820 ita
839 1759 883 1819 uti
907 1767 1016 1820 sonant
1039 1758 1226 1838 intelligunt,
1257 1757 1385 1817 humano
1415 1753 1540 1816 arbitrio

185 1865 272 1908 snum
293 1846 374 1907 inter
394 1864 504 1906 causas
527 1847 623 1908 locum
648 1867 777 1930 suosque
800 1847 946 1927 genuinos
970 1849 1094 1910 effectus
1118 1847 1299 1926 relinquunt.
1340 1843 1436 1906 Iidem
1450 1843 1541 1905 etiam

184 1935 344 2014 figoramm
367 1935 396 1995 in
420 1935 504 1996 coelo
528 1953 636 1996 causas
660 1955 697 1997 ex
720 1937 848 1998 hnmano
881 1936 1004 1998 arbitrio
1038 1935 1143 1998 obvias
1176 1935 1412 2013 amplectuutur,
1444 1927 1540 1994 subli-

185 2023 283 2084 miora
305 2024 342 2084 de
366 2023 492 2086 occultis
515 2024 676 2102 figurarum
699 2025 951 2106 proprietatibus,
985 2043 1060 2106 quae
1094 2043 1148 2105 per
1175 2024 1327 2103 genesium
1353 2019 1539 2100 contempla·

186 2111 298 2172 tionem
322 2111 432 2173 fuerint
454 2112 605 2188 inventae,
629 2133 687 2175 non
711 2114 842 2193 sapiunt.

275 2199 338 2262 Sed
365 2201 507 2280 objicient
535 2200 622 2282 hujus
649 2202 750 2282 pictae
774 2201 982 2281 philosophiae
1006 2201 1149 2276 studiosi,
1175 2200 1317 2263 credibile
1342 2215 1420 2268 esse,
1444 2195 1542 2256 Deum

186 2289 384 2364 conditorem,
410 2309 484 2370 quas
508 2289 649 2352 indiderit
672 2291 953 2354 constellationibus
975 2290 1195 2370 proprietates,
1219 2289 1381 2352 earundem
1403 2285 1542 2366 proprie·

185 2389 283 2442 tatum
306 2379 470 2458 participes
493 2379 664 2442 animantes
688 2381 836 2460 elegisse,
870 2399 994 2461 quarum
1016 2381 1142 2458 figuram
1166 2377 1362 2459 dispositione
1387 2376 1544 2438 stellarum

185 2468 383 2548 exprimeret,
414 2475 447 2528 nt
478 2467 523 2528 ita
545 2467 640 2546 ligura
663 2469 812 2532 bominem
837 2471 1001 2530 admonens
1034 2469 1071 2531 de
1099 2477 1181 2530 certo
1206 2468 1373 2541 animante,
1406 2465 1444 2526 de
1478 2463 1544 2542 ejus

186 2557 277 2620 etiam
300 2556 439 2618 animalis
461 2557 647 2636 proprietate
670 2557 768 2620 stellis
791 2557 873 2620 hisce
897 2557 1044 2620 communi
1068 2557 1155 2620 simul
1179 2557 1351 2618 admoneat.

276 2643 452 2725 Quicunque
475 2646 532 2708 hoc
555 2645 701 2721 affirmat,
727 2656 759 2708 et
782 2647 961 2708 confidentia
980 2647 1074 2709 utitur
1095 2653 1126 2706 et
1145 2645 1326 2708 tomeritate.
1372 2642 1441 2705 Non
1466 2639 1544 2699 enim

188 2733 287 2796 omnia
309 2732 429 2796 nomina
452 2744 522 2796 sunt
545 2755 564 2806 a
587 2735 783 2815 dispositione
807 2733 978 2810 stellamm,
1006 2743 1112 2798 contra
1135 2735 1256 2813 saepius
1280 2733 1401 2795 diversa
1422 2729 1546 2790 nomina
1657 2793 1661 2802 ,

189 2823 226 2885 ab
251 2823 356 2884 eadem
380 2822 576 2902 dispositione
600 2832 671 2887 sunt
693 2831 775 2887 orta:
801 2841 877 2904 quae
901 2825 961 2886 etsi
984 2843 1042 2886 non
1067 2832 1184 2898 essent,
1210 2842 1304 2903 acque
1329 2828 1430 2883 tamen
1456 2816 1544 2878 lacile

188 2911 366 2973 nlius·hanc
390 2911 574 2994 theologiam
597 2913 757 2993 negaverit
779 2921 869 2994 atque
893 2913 1063 2994 hujusmodi
1088 2913 1197 2994 aliquis
1222 2911 1404 2986 affirmavit.

275 3001 344 3080 Age
367 3017 439 3062 vero
463 3002 574 3082 largior
599 3001 690 3065 etiam
705 3003 817 3084 aliquid
824 3021 833 3078 3
858 3012 923 3065 esto
939 3011 972 3064 ut
989 3010 1056 3065 tota
1074 3010 1182 3065 natura
1202 2999 1382 3078 sublunaris,
1408 2997 1545 3081 quamvis

188 3087 417 3151 ratiocinatione
449 3109 508 3153 non
541 3111 610 3168 usa,
643 3091 750 3154 iisdem
778 3099 880 3154 tamen
904 3092 941 3154 de
966 3093 1066 3155 causis
1090 3093 1196 3173 quibus
1226 3092 1356 3156 humana
1384 3094 1547 3174 phantasia

187 3177 267 3240 idem
299 3176 357 3240 sibi
389 3178 427 3240 de
458 3179 506 3242 his
538 3178 686 3244 sideribus
718 3180 900 3262 imaginetur
928 3182 1007 3262 quod
1039 3182 1137 3245 homo.
1183 3182 1250 3246 Hoc
1284 3182 1363 3244 enim
1386 3184 1424 3245 de
1447 3184 1546 3247 colore

188 3266 345 3329 stellamm
376 3284 479 3330 verum
512 3268 622 3350 dogma
654 3269 723 3342 (nec
748 3269 906 3351 quicquam
929 3271 959 3332 in
983 3271 1165 3334 contrarium
1193 3269 1369 3350 proliciente
1390 3270 1480 3348 Pico)
1509 3271 1546 3332 de

187 3355 283 3433 figura
305 3372 364 3416 non
388 3354 565 3436 simpliciter
583 3359 709 3437 negabo,
734 3377 829 3438 neque
844 3359 1014 3422 accuratius
1028 3359 1059 3422 in
1076 3359 1251 3442 praesentia
1266 3361 1424 3424 excutiam.
1466 3359 1547 3431 Quid

187 3443 369 3508 hortamen
393 3444 431 3505 ad
455 3443 539 3509 sidus
562 3445 713 3527 ipsumin
737 3447 838 3520 coelo,
871 3457 926 3510 aut
957 3467 1033 3529 quae
1066 3467 1145 3512 nova
1175 3449 1346 3530 proprietas
1370 3448 1430 3529 ipsi
1456 3447 1547 3510 sideri

190 3549 223 3593 re
243 3551 316 3593 vera
345 3531 500 3595 conciliari
522 3542 626 3614 potest
648 3553 685 3598 ex
709 3533 861 3598 hominnm
884 3545 1068 3618 naturaeque
1092 3537 1234 3618 genitalis
1258 3536 1547 3612 imaginationibus?

280 3617 361 3690 Quid
384 3620 517 3684 dicemus
540 3623 577 3684 de
596 3623 827 3704 perplexissima
840 3624 903 3702 lite,
930 3644 1004 3705 quae
1019 3625 1099 3690 iuter
1116 3627 1277 3688 hodiernos
1291 3627 1426 3708 agitatur
1444 3633 1545 3688 astro-

190 3707 277 3786 logos
301 3727 391 3790 super
413 3708 470 3771 boc
492 3709 653 3792 figuramm
685 3714 823 3793 negotio,
857 3713 928 3776 dum
959 3715 1061 3778 sidera
1092 3735 1108 3776 e
1142 3713 1407 3790 dodecatemoriis,
1439 3711 1546 3794 quibus

190 3795 325 3860 indidere
349 3816 405 3860 sua
426 3797 586 3878 figurarum
609 3799 739 3876 nomina,
762 3801 879 3866 exactis
897 3802 964 3884 jam
982 3803 1029 3867 bis
1047 3803 1127 3866 mille
1143 3803 1229 3866 annis
1243 3802 1362 3884 penitus
1377 3819 1545 3874 excessere,

191 3883 450 3949 retrocedentibus
475 3887 680 3968 aequinoctiis,
706 3889 784 3952 unde
807 3891 1115 3954 dodecatemoriornm
1128 3890 1244 3954 zodiaci
1268 3889 1395 3954 sumitur
1409 3887 1546 3952 initium?

190 3973 271 4037 Nam
293 3981 329 4038 ut
351 3977 516 4038 ex'nostro
540 3977 672 4040 themate
703 3997 855 4042 sumamus
883 3981 1066 4060 exemplum
1094 3986 1193 4042 utrum
1215 3978 1330 4042 zodiaci
1346 3978 1463 4058 signum
1476 3994 1546 4038 esse

140 4073 145 4082 ·
194 4061 337 4138 dicemus,
363 4064 442 4148 quod
464 4065 638 4145 congressui
662 4065 786 4132 Saturni
809 4075 841 4130 et
862 4065 963 4144 Jovis,
989 4075 1021 4130 et
1043 4067 1121 4150 quod
1144 4067 1250 4130 Novae
1269 4066 1385 4129 Stellae
1407 4065 1547 4146 praebuit

193 4150 382 4232 hospitium?
426 4149 626 4234 Sagittarium
658 4174 696 4216 an
721 4153 936 4235 Scorpionem?
981 4154 1016 4219 Si
1049 4155 1238 4236 aequinoctia
1267 4154 1430 4234 respicias,
1462 4153 1546 4215 locus

191 4239 409 4322 conjunctionis
432 4248 481 4303 est
503 4238 549 4306 8⁰
570 4241 748 4323 Sagittarii:
772 4244 856 4308 locus
878 4244 986 4308 Novae
1010 4240 1072 4308 18⁰
1094 4243 1230 4322 ejusdem
1253 4242 1342 4324 signi.
1389 4241 1423 4305 Si
1446 4241 1547 4304 sidera

190 4327 267 4409 ipsa,
291 4328 401 4391 stellae
415 4326 586 4411 Sagittarii,
611 4349 687 4413 qnae
711 4332 801 4394 tertio
816 4333 901 4412 signo
926 4333 965 4395 ab
988 4331 1177 4414 aequinoctio
1200 4349 1308 4396 nomen
1323 4331 1421 4394 iecere
1438 4328 1546 4409 Sagit-
1572 4387 1574 4395 .

191 4417 271 4486 terii.
291 4417 358 4496 jam
380 4417 411 4478 in
435 4419 608 4498 contiguum
632 4420 760 4499 signnm,
785 4421 862 4500 quod
886 4441 905 4483 a
927 4423 1033 4486 bruma
1055 4418 1163 4500 incipit
1185 4421 1220 4494 (a
1243 4419 1426 4500 Capricorno
1449 4419 1545 4480 deno-

190 4504 348 4580 minatum)
372 4505 569 4569 transierunt.
617 4507 760 4570 Vicissim
784 4526 841 4571 non
864 4511 968 4590 procul
998 4531 1017 4572 a
1045 4509 1111 4571 loco
1144 4525 1324 4588 congressus
1356 4507 1463 4577 stella,
1495 4523 1547 4568 cor

191 4589 310 4673 Scorpii
333 4593 431 4672 dicta,
455 4592 615 4658 invenitur.
663 4595 769 4676 Itaque
793 4595 820 4658 si
842 4597 919 4660 rixas
942 4599 1133 4678 respicimus,
1166 4596 1241 4659 haec
1265 4595 1449 4677 superiomm
1472 4611 1546 4657 con-

187 4679 301 4759 junctio
324 4688 357 4744 et
378 4681 455 4744 haec
476 4683 567 4746 Nora
590 4679 689 4746 Stella
710 4685 739 4746 in
763 4683 939 4766 Scorpionis
962 4685 1223 4749 constellationem
1245 4684 1423 4752 inciderunt.

279 4767 342 4831 Sed
365 4769 442 4831 satis
465 4771 502 4832 de
526 4769 641 4851 origine
664 4772 822 4834 nominum.
869 4773 1090 4838 concludamus
1112 4771 1191 4835 hunc
1218 4773 1316 4836 locum
1346 4769 1546 4854 explicatione

189 4853 274 4918 vocis
297 4856 490 4922 zodiacus.
528 4857 630 4922 Latini
654 4877 782 4941 namque
805 4862 1010 4942 propriissime
1025 4867 1181 4925 uenerunt
1203 4859 1437 4942 signiferum,
1463 4859 1545 4925 Ger-
