3700 5530
342 273 409 350 020
822 275 863 326 De
880 274 960 328 Stella
975 275 1049 330 Nm
1065 273 1217 340 derpmtarii

346 451 503 527 cumdium
533 449 747 515 sdntilladoue
776 451 962 526 chussima,
993 451 1200 515 comsmtioue
1223 467 1277 512 seu
1298 449 1469 516 vibratione
1489 459 1556 516 tam
1575 451 1687 534 rapido,

343 550 380 607 at
400 539 576 620 negaverint
597 537 734 618 quidam,
767 539 826 604 sibi
848 541 919 604 dum
941 541 1081 602 viverent
1101 557 1230 619 unquam
1253 537 1412 622 quicquam
1433 540 1464 602 iu
1488 539 1573 602 coelo
1594 541 1690 603 viana

344 649 413 692 esec
436 646 530 712 aeque
552 626 667 705 pernici
689 635 782 702 motu,
796 636 840 692 ,ut
861 629 920 710 ipsi
943 628 1149 709 loquebantur.
1195 629 1298 708 Atque
1320 628 1379 691 hoc
1399 629 1494 690 variis
1516 629 1689 690 similitudi·-

343 717 430 784 uibus
460 733 637 796 expressere
667 715 795 792 diversi;
832 737 899 780 cum
936 718 1015 780 euim
1045 725 1076 778 et
1105 716 1206 802 colore
1236 725 1321 778 esset
1348 725 1435 780 tauto
1464 717 1562 797 magis
1589 717 1691 792 rutilo,

344 811 455 886 quanto
486 811 555 866 erat
586 804 706 866 occasui
737 804 864 870 vicinior
894 814 925 868 et
953 807 983 868 in
1013 803 1176 884 vaporibus
1205 805 1397 885 profundior,
1431 805 1564 885 speciem
1590 805 1690 868 dixere

345 892 470 959 amends
492 893 524 956 in
545 893 708 974 longinquo
733 893 878 969 incendii;
908 893 962 956 alii
988 893 1142 972 pulchrius
1165 903 1376 973 compararunt
1405 893 1491 956 illam
1511 894 1587 968 saci,
1619 912 1690 974 qnae

343 1003 363 1044 a
384 988 474 1044 vento
504 981 652 1059 agitatur,
682 991 844 1062 propterea
872 983 951 1062 quod
972 989 1007 1044 ut
1028 981 1059 1044 in
1082 981 1137 1044 illa
1159 989 1317 1044 ventorum
1347 981 1479 1062 impulsu
1508 984 1691 1044 damnarunt

342 1067 568 1149 interrumpitur
591 1069 786 1144 continuatio,
808 1071 975 1151 primisque
999 1069 1051 1130 vix
1073 1069 1208 1149 depulsis
1222 1071 1271 1131 vel
1287 1071 1446 1132 exstinctis
1468 1089 1565 1134 novae
1589 1089 1693 1134 succe-

343 1158 431 1226 dunt:
457 1157 501 1218 sic
524 1157 581 1218 hoc
603 1177 720 1238 quoque
743 1157 828 1222 sidus
851 1159 953 1222 radios
972 1158 1037 1236 jam
1052 1157 1228 1237 porrigebat
1249 1159 1425 1238 longissime
1441 1159 1582 1240 dictoque
1604 1159 1689 1220 citius

343 1247 464 1308 eosdem
487 1245 518 1306 iu
533 1264 567 1306 se
582 1247 768 1321 resorbebat,
793 1247 882 1312 simul
904 1264 982 1310 novo
1004 1265 1074 1308 orsu
1090 1246 1241 1308 dilatabat
1262 1247 1425 1328 irrequieta
1447 1247 1690 1327 reciprocatione.

341 1333 497 1398 Austriaci
520 1334 618 1396 nostri
639 1334 736 1396 adhuc
764 1335 943 1413 elegantiori
972 1333 1125 1398 idiotismo
1155 1335 1332 1398 laborare
1362 1335 1447 1398 illam
1475 1335 1620 1398 dicebaut
1638 1353 1691 1396 se·

341 1421 583 1488 hamentissime:
607 1421 664 1484 hoc
686 1423 779 1485 verbo
802 1423 843 1484 ad
865 1423 984 1502 pulsum
1007 1421 1155 1498 febrilem,
1178 1423 1219 1484 ad
1234 1441 1362 1502 agonem
1376 1425 1425 1486 vel
1447 1423 1613 1504 pugnantis
1631 1423 1693 1502 jam

338 1513 461 1592 jamque
486 1510 623 1589 oppressi
646 1512 695 1572 vel
719 1512 750 1573 in
772 1530 867 1592 aquas
897 1511 1014 1589 delapsi
1036 1511 1087 1572 vel
1116 1509 1248 1574 animam
1276 1512 1396 1591 agnum
1425 1511 1595 1574 alludente:
1628 1529 1694 1572 nam

344 1609 379 1665 ut
400 1598 431 1660 hi
453 1597 588 1658 brachiis
610 1599 794 1680 pedibusque
816 1599 928 1662 micare
951 1600 1067 1673 solent,
1097 1599 1142 1660 sic
1171 1598 1246 1662 haec
1276 1619 1392 1682 quoque
1424 1600 1515 1663 stella
1539 1600 1694 1662 aemulan

343 1686 501 1769 quatiebat
523 1685 628 1748 acient
955 1725 956 1728 κ

433 1773 528 1848 Mihi,
559 1774 609 1853 qui
630 1773 823 1854 potissimum
845 1773 1044 1854 respiciebam
1066 1775 1106 1836 ad
1129 1775 1263 1838 colorum
1285 1775 1372 1839 iridis
1395 1777 1593 1850 varietatem,
1622 1794 1693 1856 quos

342 1883 396 1945 pro
413 1862 640 1926 scintillationis
656 1861 717 1923 alio
731 1871 821 1943 atque
836 1864 897 1925 alio
913 1863 1018 1926 habitu
1034 1864 1176 1939 evomuit,
1187 1865 1307 1944 placuit
1320 1865 1366 1926 uti
1381 1865 1518 1944 exemplo
1528 1863 1695 1926 adamantis

342 1950 540 2029 multanguli,
579 1950 628 2030 qui
661 1949 743 2012 Solis
775 1951 878 2012 radios
911 1951 990 2012 iuter
1022 1952 1257 2014 convertendum
1290 1953 1328 2014 ad
1362 1951 1563 2032 spectantium
1597 1950 1695 2015 oculm

344 2039 483 2103 variabili
506 2038 623 2116 fulgore
647 2038 829 2100 revibraret:
855 2039 945 2102 simul
967 2040 1007 2100 ad
1030 2059 1152 2102 causam
1175 2040 1403 2104 scintillationis
1425 2043 1457 2103 in
1480 2039 1602 2120 Opticis
1625 2038 1695 2100 meh
1797 2085 1798 2106 2

343 2129 469 2192 allatam
492 2126 626 2191 alludere
649 2127 741 2188 volui.

432 2217 478 2278 De
502 2213 654 2278 coloribus
676 2215 859 2278 Maestlinus
882 2215 972 2294 plane
995 2234 1122 2290 mecum,
1146 2233 1198 2276 eos
1217 2216 1257 2276 ad
1273 2225 1425 2280 momenta
1440 2217 1562 2296 singula
1577 2216 1695 2290 variari,
1797 2279 1798 2284 ,

345 2325 384 2368 ex
406 2306 487 2368 flava
508 2321 579 2365 mox
598 2321 745 2377 croceam,
769 2323 785 2364 e
801 2303 930 2382 vestigio
946 2321 1127 2384 purpuream
1142 2310 1174 2364 et
1188 2304 1294 2380 rufam,
1319 2305 1527 2385 utplurimum
1543 2307 1696 2368 candidam

345 2393 451 2466 videri,
476 2391 525 2453 ubi
548 2409 587 2452 ex
608 2391 770 2470 vaporibus
794 2392 884 2472 paulo
908 2391 1000 2454 altius
1024 2391 1166 2454 elevetur.

437 2483 472 2544 lu
504 2481 600 2560 prima
630 2480 836 2558 magnitudine
867 2499 983 2560 quoque
1013 2480 1206 2552 consentiunt
1234 2499 1311 2561 pena
1342 2480 1473 2546 omnium
1505 2481 1696 2555 traditiones;
1797 2535 1798 2542 ,

348 2570 495 2648 majorem
518 2568 694 2648 apparuisse
718 2589 777 2631 nou
799 2576 917 2630 tautum
931 2568 1019 2647 primi
1042 2568 1164 2630 honoris
1188 2569 1349 2644 sideribus,
1374 2570 1428 2631 sed
1451 2570 1542 2632 etiam
1559 2569 1696 2642 Saturno,

350 2661 450 2722 marte
474 2664 506 2718 et
524 2657 617 2730 Jove,
641 2655 692 2737 qui
714 2657 831 2718 vicinus
854 2656 882 2716 ei
906 2655 1010 2717 stabat
1031 2663 1097 2718 toto
1114 2657 1249 2731 Octobri,
1274 2657 1395 2720 luminis
1416 2659 1516 2720 amica
1538 2668 1569 2718 et
1593 2657 1698 2720 blanda

349 2748 449 2830 quiete
473 2766 492 2806 a
514 2743 687 2807 turbulenta
717 2745 827 2806 sideris
858 2745 1067 2806 coruscatione
1095 2745 1196 2806 facilis
1223 2745 1377 2808 distinctu
1424 2744 1615 2816 Quibusdam
1637 2763 1699 2806 cum

348 2837 468 2900 Venere
498 2852 566 2894 cum
595 2841 644 2894 est
672 2832 824 2896 altissima
853 2839 970 2894 certare
1000 2831 1173 2907 videbatur;
1211 2833 1285 2894 rnihi
1314 2834 1437 2896 dubium
1465 2834 1601 2908 nullum,
1634 2832 1698 2914 quin

349 2923 429 2986 omni
452 2923 573 2984 Venere
597 2928 680 2984 esset
701 2921 807 2984 minor.
856 2920 924 2992 Quo
948 2921 1071 3000 saepius
1094 2929 1195 2984 autern
1223 2921 1343 3002 relego,
1373 2941 1450 3004 quae
1474 2921 1579 3002 Tycha
1603 2921 1697 2986 Brshe

347 3020 431 3076 tomo
453 3013 477 3072 I.
507 3011 669 3091 Progymn.
699 3029 768 3090 pag.
794 3007 859 3074 300
887 3009 924 3069 de
954 3027 1033 3070 novo
1063 3007 1178 3084 sidere,
1210 3011 1289 3090 qnod
1316 3029 1394 3072 auno
1428 3006 1522 3072 1572.
1556 3009 1643 3074 fulsit
1670 3009 1698 3068 in

350 3099 538 3178 Cassiopeia,
563 3098 699 3177 scripsit,
722 3098 781 3160 hoc
802 3097 926 3177 propius
949 3096 1082 3158 adducor
1103 3104 1138 3157 ut
1160 3097 1459 3172 credam,·nostmm
1486 3099 1544 3159 hoc
1568 3096 1698 3162 omnibus

349 3185 469 3248 omnino
492 3185 646 3248 attributis
669 3205 736 3248 cum
758 3186 810 3247 illo
834 3204 922 3265 quam
944 3184 1080 3265 proxime
1097 3186 1270 3261 convenire3
1294 3205 1349 3248 uec
1369 3205 1417 3248 me
1438 3193 1541 3248 movet
1563 3184 1698 3266 amplius,

350 3273 430 3354 quod
452 3272 510 3333 viri
533 3291 642 3352 graves
664 3274 833 3346 affirmant,
863 3272 999 3352 superari
1029 3273 1159 3352 priorem
1187 3273 1271 3336 illam
1300 3275 1339 3336 ab
1366 3275 1455 3354 hujus
1477 3274 1695 3352 magnitudinum

350 3362 491 3424 viderunt
520 3360 599 3422 enim
628 3359 706 3422 hauc
735 3361 814 3422 iuter
843 3361 930 3423 initia
959 3381 1026 3422 cum
1056 3371 1140 3424 esset
1168 3361 1301 3424 maxima
1330 3371 1362 3424 et
1384 3363 1415 3426 in
1438 3363 1619 3441 vaporibus;
1650 3361 1699 3422 illa

351 3467 469 3530 semper
499 3447 637 3512 sublimis
667 3456 698 3510 et
727 3448 871 3510 amultis
901 3456 965 3512 tum
994 3449 1112 3512 demum
1142 3458 1190 3510 est
1220 3459 1399 3531 conspecta,
1431 3469 1498 3514 cum
1528 3450 1698 3514 decrescere

350 3538 510 3620 coepisset.

357 3685 361 3692 .
439 3625 542 3708 Tycha
567 3643 652 3688 suam
666 3625 744 3688 Jove
760 3624 858 3686 vicino
881 3624 1093 3705 pronunciavit
1110 3626 1296 3707 aliquantum
1317 3625 1477 3704 majorem
1501 3625 1577 3688 haec
1601 3631 1700 3688 uonra

348 3717 427 3780 Jove
450 3715 544 3777 multo
568 3713 626 3774 fuit
646 3712 760 3792 major,
790 3731 863 3775 sane
893 3714 964 3794 quia
985 3722 1056 3776 tunc
1080 3716 1172 3776 etiarn
1193 3713 1314 3794 Jupiter
1336 3714 1439 3776 Terris
1463 3722 1529 3776 erat
1550 3713 1700 3794 proximus

351 3811 384 3866 et
404 3803 511 3882 major,
534 3801 584 3864 hic
603 3801 669 3882 jam
691 3800 910 3864 remotissimus
934 3809 965 3863 et
986 3803 1083 3864 minor
1105 3801 1182 3864 visu

438 3893 481 3954 Et
503 3891 696 3953 memorabile
719 3897 778 3964 est,
802 3891 927 3954 eundem
950 3891 1044 3952 fuisse
1069 3891 1159 3953 situm
1177 3889 1261 3952 Solis
1284 3889 1323 3952 ad
1339 3889 1491 3950 Venerem
1512 3908 1592 3950 anuo
1614 3883 1703 3950 15ἵῖ.

352 3980 409 4044 sub
440 3987 578 4042 exortum
608 3979 691 4042 illius
722 3977 831 4041 sideris
861 3983 968 4060 (quem
997 3979 1118 4059 quidam
1147 3977 1251 4040 itidem
1281 3979 1312 4040 iu
1342 3977 1505 4046 Octobrem
1537 3976 1604 4055 ejus
1635 3971 1699 4036 anui

266 4071 273 4090 '
350 4069 553 4149 rejecerunt),
584 4066 634 4149 qui
660 4066 726 4146 jam
756 4087 833 4130 auno
867 4063 961 4132 1604.
992 4067 1128 4128 recurrit.
1181 4067 1294 4129 Notum
1325 4066 1405 4127 enirn
1435 4073 1485 4128 est
1512 4062 1699 4142 astronomis,

351 4157 484 4220 Veneris
513 4173 581 4218 cum
604 4155 677 4218 Sole
705 4163 897 4235 comparatos
928 4174 1033 4216 cursus
1065 4153 1153 4216 annis
1184 4162 1252 4216 octo
1282 4154 1470 4217 vertentibus
1499 4151 1530 4214 in
1559 4151 1700 4232 pristinae
1797 4149 1798 4214 l

351 4244 497 4318 articulos
527 4243 668 4306 insistere
675 4262 684 4316 ;
717 4249 747 4304 et
776 4241 825 4304 hic
855 4250 928 4306 sunt
955 4243 1024 4304 anni
1054 4251 1160 4324 quater
1188 4250 1256 4304 octo
1279 4242 1459 4306 intermedii.
1504 4240 1605 4304 Annis
1627 4238 1699 4300 enim

354 4329 450 4416 1580,
477 4327 571 4405 1588,
599 4325 693 4394 1596.
718 4330 892 4394 acciderunt
914 4332 1028 4392 eadem.
1797 4403 1798 4418 χ

441 4419 518 4484 Cum
549 4419 640 4498 igitur
668 4437 778 4480 novum
807 4419 865 4481 hoc
895 4419 979 4482 sidus
1009 4418 1232 4498 magnitudine,
1270 4415 1448 4499 splendore,
1479 4411 1697 4482 scintillatione,
1797 4421 1798 4440 l

352 4507 626 4584 luminis-aetherii
649 4505 780 4586 puritate
804 4507 913 4569 ceteris
936 4507 1004 4568 fixis
1033 4507 1137 4588 illique
1159 4525 1237 4567 novo
1261 4503 1292 4566 in
1315 4503 1495 4584 Cassiopeia
1517 4503 1698 4580 adurguern

352 4596 564 4677 responderet,
594 4596 707 4656 factum
738 4602 802 4669 est,
832 4603 867 4657 ut
895 4594 1024 4674 primum
1052 4603 1142 4674 atque
1173 4594 1203 4655 in
1232 4599 1387 4674 aspectum
1418 4591 1500 4654 illins
1527 4590 1698 4652 incidissent

352 4684 530 4762 astronomi,
555 4682 659 4745 statim
682 4681 896 4758 concluderent
918 4689 949 4742 et
971 4681 1008 4742 de
1031 4681 1132 4762 quiete
1156 4681 1211 4744 sub
1233 4680 1302 4743 lixis
1326 4687 1364 4741 et.
1379 4679 1416 4741 de
1440 4680 1506 4741 loco
1520 4673 1698 4740 mundihuic

354 4790 471 4853 quoque
495 4790 561 4833 cum
584 4770 645 4834 illis
669 4769 831 4847 communi;
856 4769 933 4851 quod
955 4789 1118 4850 paucorum
1141 4769 1257 4833 dierum
1280 4767 1467 4848 experientia
1490 4759 1697 4850 comprobavit,
