3718 5528
825 323 966 392 capuam.
1512 319 1575 387 363

218 521 319 564 omnes
344 503 419 565 radii
453 501 646 564 circumcirca
667 521 721 582 per
750 503 842 565 horas
865 497 908 565 24
930 501 961 562 in
989 499 1193 582 pavimentum
1224 499 1374 574 incidunt,
1408 499 1504 560 sectio
1528 508 1577 562 est

218 591 331 672 ellipsis
357 595 397 668 (I,
425 587 490 666 13).
536 591 605 654 Nisi
630 593 685 654 snb
708 593 777 674 polo
800 593 878 674 ipso,
903 589 954 652 ubi
977 591 1052 652 haec
1076 589 1171 650 sectio
1195 596 1243 650 est
1266 589 1394 650 circulus
1418 589 1456 664 (I,
1482 585 1529 659 4).

304 681 366 744 Ubi
389 700 461 742 vero
476 677 530 742 Sol
554 681 674 757 occidit,
698 682 820 760 pianum
843 679 1007 742 horizontis
1027 697 1085 740 non
1110 695 1213 739 omnes
1236 679 1329 739 totius
1349 677 1452 738 circuli
1475 679 1575 740 radios

218 769 330 852 excipit
353 777 427 845 (non
451 769 530 831 enim
551 769 637 838 illos,
667 769 717 851 qui
740 777 811 831 sunt
834 769 914 830 infra
943 769 1145 840 horizontem)
1170 773 1202 828 et
1225 774 1273 828 est
1295 767 1462 846 parallelos
1486 767 1575 829 alicui

216 860 325 940 plano,
359 859 438 940 quod
461 877 515 938 per
537 859 682 920 verticem
706 859 772 920 coni
803 859 924 920 ductum
954 857 1043 918 basin
1067 855 1132 934 ejus
1156 862 1260 924 secat,
1295 855 1437 917 circulum
1468 873 1575 936 nempe

218 948 277 1011 diei
309 947 467 1010 naturalis.
513 945 596 1028 Ergo
621 949 659 1023 (Ι,
688 945 742 1021 12)
768 947 864 1009 sectio
898 947 972 1008 haec
1004 953 1051 1006 est
1084 945 1266 1025 hyperbole,
1299 953 1330 1006 et
1353 945 1391 1005 ad
1419 945 1575 1007 vitandam

217 1037 422 1099 confusionem
453 1035 603 1115 ingemino
635 1035 710 1111 tibi,
745 1035 823 1117 quod
858 1035 1043 1097 continuatio
1077 1033 1228 1111 ellipsium
1260 1033 1290 1094 in
1323 1033 1495 1114 pavimento
1522 1053 1576 1114 per

218 1135 314 1188 totum
339 1127 417 1188 diem
443 1132 526 1186 creet
549 1125 674 1205 figuram
697 1125 886 1206 hyperboles.

305 1215 388 1276 Idem
413 1233 517 1274 verum
541 1222 590 1276 est
612 1214 649 1275 de
674 1213 917 1276 extremitatibus
936 1230 990 1272 seu
1008 1210 1095 1272 nodis
1120 1225 1319 1288 gnomonum:
1345 1209 1486 1290 quisunt
1510 1211 1574 1272 loeo

217 1305 378 1366 fenestrae.
425 1303 467 1364 Et
490 1311 523 1363 ut
545 1303 575 1364 in
599 1311 705 1364 nostra
734 1321 855 1364 camera
879 1301 937 1362 duo
962 1298 1029 1360 coui
1057 1299 1218 1360 luminares
1250 1299 1413 1361 verticibus
1442 1299 1574 1375 coibant,

217 1395 262 1454 ita
284 1393 314 1453 in
339 1389 505 1453 scioteriois
530 1411 622 1454 conus
645 1391 799 1454 luminaris
817 1409 892 1453 cono
916 1387 1069 1450 umbratili
1089 1388 1128 1448 ad
1152 1405 1304 1450 commune
1329 1387 1485 1466 gnomonis
1509 1387 1574 1468 sig-

218 1501 285 1542 num
305 1482 448 1561 juugitur.
487 1477 576 1550 Quod
596 1479 697 1542 nescio
717 1501 755 1542 an
771 1481 812 1542 sit
831 1479 1073 1541 animadversum
1089 1477 1319 1556 ascriptoribus
1339 1476 1574 1539 sciotericorum.

308 1567 442 1650 Cumque
472 1569 502 1630 in
533 1577 637 1631 nostro
668 1568 787 1631 climate
822 1587 924 1630 omnes
962 1565 1133 1646 hujusmodi
1170 1566 1267 1626 lineae
1302 1565 1363 1626 sint
1393 1565 1575 1647 hyperbolae

220 1661 359 1739 (excepto
385 1679 450 1719 cum
475 1655 529 1720 Sol
554 1658 773 1740 aequinoctium
796 1657 929 1726 conficit,
962 1663 1033 1716 tunc
1058 1653 1136 1715 enim
1159 1654 1218 1716 iter
1250 1653 1399 1734 ellipsium
1425 1663 1473 1715 est
1495 1654 1575 1715 linea

220 1755 319 1821 recta,
357 1747 487 1808 omnium
524 1745 753 1828 hyperbolarum
792 1745 1020 1818 obtusissima),
1059 1743 1193 1804 notanda
1224 1751 1273 1804 est
1303 1742 1396 1804 etiam
1432 1742 1576 1804 habitudo

220 1837 368 1917 ellipsium
399 1835 585 1898 radiosarum
611 1835 649 1896 ad
673 1835 869 1916 hyperbolem
898 1853 993 1896 suam
1039 1833 1153 1896 Notum
1176 1837 1225 1893 eet
1247 1849 1285 1893 ex
1317 1831 1576 1904 antecedentibus,

220 1925 245 1987 si
270 1945 308 1987 ex
332 1935 435 1987 centro
460 1925 612 1986 fenestrae
637 1924 814 1986 demittatur
836 1921 1103 2004 perpendicularis,
1128 1921 1209 2006 quod
1226 1939 1299 1982 axes
1320 1922 1388 1994 (sen
1410 1919 1577 1998 vulgariter

218 2015 369 2094 longiores
404 2015 559 2087 diametri)
591 2013 719 2075 omnium
754 2013 898 2094 ellipseon
926 2012 1174 2092 porrigautseee
1198 2011 1290 2072 adid
1323 2017 1465 2090 punctum
1487 2009 1575 2089 pavi·

218 2105 321 2179 menti,
345 2103 374 2164 in
400 2103 478 2184 quod
511 2101 767 2184 perpendicularis
792 2121 829 2164 ex
852 2101 1013 2163 fenestella
1045 2099 1159 2163 incidit.
1206 2098 1468 2179 perpendicularis
1497 2097 1574 2158 enim

220 2201 250 2254 et
273 2193 375 2253 radius
400 2199 431 2253 et
455 2191 521 2254 axis
546 2189 688 2272 ellipseos
710 2193 741 2254 in
766 2193 870 2252 eodem
885 2199 957 2252 snut
978 2191 1069 2269 piano
1092 2188 1248 2250 verticalis
1272 2188 1385 2251 circuli.
1423 2187 1473 2248 Ad
1497 2186 1575 2248 idem

219 2299 288 2344 vero
313 2289 453 2360 puuctum
478 2279 577 2342 tendit
599 2281 692 2344 etiam
715 2281 781 2342 axis
805 2280 999 2363 hyperboles,
1030 2296 1118 2358 quam
1143 2285 1248 2340 creant
1271 2278 1393 2356 ellipses
1418 2277 1481 2356 ejus
1505 2275 1574 2338 diei.

219 2369 299 2448 Ergo
333 2370 405 2431 data
437 2368 620 2451 hyperbolae
653 2371 809 2448 speciest
843 2387 916 2442 axe,
946 2368 1035 2428 datur
1057 2367 1088 2428 in
1113 2387 1147 2429 eo
1171 2375 1324 2448 punctum,
1349 2387 1368 2427 a
1391 2384 1448 2446 quo
1473 2383 1575 2426 omnes

219 2459 367 2539 ellipsium
392 2477 464 2520 axes
489 2459 700 2532 extenduntur,
725 2463 865 2521 secantes
885 2457 1091 2539 hyperbolem.

306 2547 508 2610 Problema
529 2547 647 2609 XXill.
695 2547 853 2628 Tempus
885 2546 1055 2625 phasium
1083 2563 1125 2605 ex
1153 2543 1436 2606 continuatione
1467 2542 1574 2621 ellip-

221 2636 306 2699 sinm
331 2637 479 2699 elicere.
528 2635 644 2699 Charta
673 2637 799 2698 immota
821 2635 851 2697 in
874 2635 1079 2714 pavimentum
1113 2641 1212 2694 strata
1242 2633 1346 2714 excipe
1375 2631 1439 2692 sive
1463 2631 1576 2692 annoto.

218 2727 444 2808 hyperbolicum
467 2725 526 2787 iter
551 2727 725 2788 alterutrius
740 2727 788 2787 rei
808 2725 963 2804 utriusque
986 2722 1108 2785 verticis
1131 2723 1282 2802 ellipseos,
1307 2721 1393 2782 simul
1409 2727 1441 2781 et
1454 2719 1575 2781 ductum

219 2817 285 2878 axis
311 2815 425 2896 aliquot
449 2815 605 2895 ellipseon.
651 2815 731 2878 Nam
756 2815 831 2876 hora
861 2812 1027 2875 meridiana
1058 2812 1124 2872 axis
1155 2811 1296 2890 ellipseos
1320 2811 1348 2871 in
1377 2809 1436 2871 iter
1463 2809 1575 2890 hyper-

217 2906 346 2967 bolicum
368 2910 469 2966 rectus
492 2903 607 2979 incidit,
631 2923 718 2967 mane
743 2913 775 2966 et
796 2902 916 2982 vesperi
940 2901 1154 2980 obliquiesime.
1204 2897 1429 2978 Ducta'itaque
1453 2897 1573 2958 contiu-

218 3003 308 3076 gente
338 2993 542 3074 hyperbolen,
574 2993 681 3055 metire
712 2993 852 3074 angulum
877 2991 944 3054 axis
978 2989 1102 3069 elliptici
1132 3007 1197 3051 cum
1221 3009 1258 3049 ea
1288 2989 1410 3049 factum.
1457 2985 1573 3048 Deinde

218 3103 270 3146 seu
295 3083 404 3144 circino
428 3102 482 3144 seu
505 3083 622 3144 calculo
645 3084 795 3144 constitue
820 3100 925 3143 conum
950 3079 1013 3159 ejus
1038 3077 1097 3140 diei
1125 3079 1346 3158 sectionemque
1371 3076 1436 3156 ejus
1460 3075 1573 3157 hyper-

217 3171 355 3247 bolicam,
381 3181 415 3232 et
436 3181 578 3252 punctum
602 3171 709 3233 vertici
733 3173 799 3233 coni
822 3169 1111 3251 perpendiculariter
1144 3169 1325 3248 subjectum,
1360 3165 1438 3245 qnod
1462 3164 1520 3225 erit
1543 3164 1573 3225 in

218 3281 275 3323 axa
300 3261 500 3344 hyperboiee:
533 3268 675 3340 punctum
700 3261 773 3322 item
796 3258 995 3342 hyperboles,
1030 3258 1110 3338 apud
1134 3259 1213 3337 quod
1236 3256 1364 3336 angulus
1395 3255 1574 3317 observatus

218 3351 430 3412 constituitur:
456 3349 581 3430 denique
605 3357 746 3430 puuctum
770 3349 800 3411 in
824 3348 892 3410 basi
915 3347 998 3422 coni,
1034 3345 1064 3408 iu
1089 3348 1167 3428 quod
1191 3368 1210 3408 a
1232 3346 1346 3408 vertice
1376 3344 1467 3406 ducta
1489 3350 1576 3404 reeta

218 3440 247 3501 in
270 3451 412 3520 punctum
436 3439 614 3522 hyperbolae
638 3439 789 3500 inventum
814 3437 929 3498 incidit.
977 3437 1076 3498 Arcus
1100 3437 1177 3498 eninr
1201 3435 1280 3497 inter
1298 3435 1355 3496 hoo
1379 3441 1520 3514 punctum
1544 3438 1576 3492 et

219 3530 413 3602 altissimum,
449 3547 502 3590 seu
527 3527 556 3588 id
585 3545 639 3607 per
668 3529 746 3608 quod
779 3527 932 3588 verticalis
962 3543 1016 3606 per
1045 3535 1180 3588 centrum
1213 3524 1296 3586 basis
1329 3524 1420 3585 ducta
1452 3521 1574 3594 transit,

218 3619 341 3688 metitur
364 3617 509 3696 temporis
533 3617 725 3678 intervallum
748 3617 828 3680 inter
851 3615 1005 3677 meridiem
1028 3623 1059 3675 et
1081 3615 1200 3696 phasin.

307 3706 504 3768 Durationem
540 3705 632 3767 etiam
666 3706 809 3786 temporis
834 3712 865 3766 et
893 3705 1008 3766 minuta
1031 3704 1079 3764 vel
1110 3705 1173 3766 siue
1206 3700 1359 3781 horologio
1389 3698 1521 3761 metieris
1545 3697 1575 3759 in

219 3795 296 3858 huno
320 3797 460 3857 modum:
486 3796 511 3855 si
536 3795 699 3874 marginem
723 3797 861 3856 dextmm
885 3794 1044 3856 lateralem
1076 3792 1218 3873 ellipseos
1245 3792 1309 3871 jam
1333 3789 1472 3868 signatae
1496 3787 1575 3869 stylo

219 3885 475 3966 comprehendas,
508 3883 716 3964 tantisperque
739 3893 862 3959 teneas,
893 3883 961 3945 dum
985 3883 1133 3944 luminosa
1164 3881 1278 3960 ellipsis
1302 3879 1415 3960 stylum
1437 3884 1577 3938 transeat

219 3981 250 4036 et
273 3973 398 4037 sinistro
422 3973 556 4053 margine
587 3973 699 4055 stylum
722 3979 849 4053 tangat,
881 3991 916 4033 eo
940 3979 1091 4033 momento
1123 3968 1293 4034 memineris
1324 3985 1412 4030 axem
1435 3965 1576 4046 ellipseos

219 4073 333 4141 notare,
359 4071 391 4124 et
415 4064 493 4144 stylo
518 4061 727 4124 transitionem
752 4063 791 4124 ad
820 4063 957 4123 dextrum
986 4060 1067 4121 latus
1092 4061 1201 4134 facere,
1235 4065 1266 4118 et
1289 4055 1333 4118 sio
1356 4073 1482 4137 semper.
1529 4053 1577 4115 Ex

220 4171 341 4216 numero
376 4152 616 4214 continuatarum
648 4151 797 4230 ellipsium
830 4149 956 4212 habebis
988 4157 1118 4230 tempus.
1177 4148 1257 4210 Nam
1291 4163 1399 4224 corpus
1432 4143 1512 4206 Solis
1545 4143 1575 4204 in

219 4260 353 4324 apogaeo
376 4241 513 4322 praecise
537 4241 648 4322 gradus
682 4241 836 4303 dimidium
873 4247 1014 4318 occupat,
1048 4239 1098 4318 qui
1128 4237 1252 4300 metitur
1279 4237 1394 4296 minuta
1417 4233 1480 4296 fere
1505 4233 1573 4294 duo.

218 4333 422 4412 figuravero
446 4329 587 4410 ellipseos
611 4330 641 4390 in
665 4330 755 4410 plano
778 4329 868 4408 paulo
893 4335 941 4389 est
965 4328 1092 4408 amplior
1120 4331 1257 4407 (propter
1285 4323 1439 4385 foraminis
1464 4321 1573 4401 ampli-

218 4422 365 4495 tudinem)
389 4437 427 4480 ea
450 4419 555 4498 ligura,
581 4435 657 4498 quae
681 4437 734 4499 per
758 4417 890 4479 foramen
914 4417 1017 4497 puncti
1040 4415 1246 4498 magnitudine
1270 4419 1434 4475 crearetur.

305 4509 444 4588 Exempli
476 4526 569 4568 causa
603 4526 680 4568 anno
717 4503 811 4571 1598.
845 4503 898 4569 25.
928 4505 1016 4566 Febr.
1052 4508 1100 4568 rei
1134 4505 1162 4568 t.
1193 4503 1316 4578 Martii,
1358 4521 1425 4564 cum
1456 4495 1575 4562 idoneis

217 4598 422 4661 instrumentis
457 4597 639 4658 destituerer
664 4603 695 4656 et
718 4596 832 4656 coelum
864 4593 994 4656 nubilum
1019 4596 1126 4656 mede
1151 4593 1337 4655 observando
1361 4609 1438 4670 pene
1462 4590 1573 4668 despe-

218 4705 283 4750 rare
303 4688 457 4768 jussisset,
482 4686 536 4748 sub
560 4693 643 4748 tecto
668 4691 768 4746 tamen
792 4682 834 4746 fui
859 4692 891 4745 et
914 4681 1019 4745 rimam
1043 4683 1176 4745 incertae
1201 4681 1313 4742 formae
1338 4689 1370 4741 et
1393 4678 1574 4760 quantitatis

218 4795 405 4856 aperueram,
438 4773 646 4836 occasionibus
681 4773 936 4853 qualibuscunque
964 4772 1108 4834 intentus.
1157 4769 1233 4832 Cum
1257 4769 1323 4848 jam
1346 4768 1480 4830 notabile
1504 4767 1575 4847 quid

218 4863 368 4940 deficeret,
392 4863 498 4924 umbra
521 4862 626 4924 stabat
656 4861 793 4942 praecise
819 4861 857 4924 ad
881 4863 1042 4924 dextram:
1074 4866 1141 4924 erat
1162 4877 1238 4922 unus
1262 4863 1316 4920 aut
1339 4858 1419 4918 alter
1442 4857 1573 4936 digitus:
