3464 5524
241 343 246 352 .
309 311 353 382 62
727 315 826 366 Literae
844 315 946 379 chlerl
965 313 1115 382 aberamque
1132 323 1235 368 mutuae

307 511 414 575 corpus
445 492 609 573 repercutit
638 489 774 552 redium?
819 489 1026 570 Nequaquam.
1073 489 1281 570 Reperoussns
1314 493 1391 554 euim
1421 511 1482 554 ,nen
1512 493 1656 554 titinius.

307 585 405 646 Vides
428 589 461 644 et
484 582 531 644 laic
554 589 586 644 et
607 580 669 642 illic
693 580 864 653 dicendum,
902 598 1008 661 corpus
1038 578 1091 640 illa
1122 581 1221 642 facere
1253 587 1400 660 quatenns
1425 593 1480 643 est
1503 581 1656 661 superficie

306 673 512 743 terminatum,
547 688 607 732 uon
637 685 709 734 uero
740 667 928 745 superficiem
960 675 1107 749 quatenus
1132 668 1304 747 superficies
1333 671 1397 732 eine
1420 669 1658 733 consideratione

308 761 451 842 eorporis.

398 865 627 928 Breuggerusr
664 861 708 910 Ais
726 867 757 910 tn
776 859 812 925 (p.
832 857 891 920 57),
920 875 1045 910 nummum
1070 876 1113 925 per
1122 862 1295 912 refractionem
1317 863 1343 912 in
1368 861 1568 929 111111111111
1591 861 1656 911 oculo

306 941 441 1003 imaginem
458 933 619 990 infundibuli;
646 947 703 982 sam
724 937 809 982 tamen
834 947 851 981 a
867 946 943 982 seusu
966 945 1016 982 non
1039 939 1106 986 recte
1127 934 1232 986 discerni
1254 941 1280 984 ot
1300 941 1430 998 propterea
1453 934 1530 984 rideri
1559 933 1658 996 figuram

306 1011 415 1076 planam.
452 1005 498 1054 Est
518 1004 565 1054 boe
578 1015 653 1075 ptsya
671 1001 735 1052 lecte
750 993 864 1070 derupta,
884 1017 932 1053 uec
947 1003 1020 1054 facile
1042 1005 1163 1068 reperias,
1180 1005 1224 1072 ¹qni
1238 1005 1286 1054 sibi
1306 1007 1417 1068 patiatur
1429 1004 1582 1070 persuaderi,
1605 1018 1657 1052 sen-

307 1096 361 1130 sum
380 1093 434 1128 erse
446 1082 499 1126 tarn
520 1075 659 1138 stupidum,
684 1081 713 1124 ut
730 1075 794 1123 inter
812 1075 905 1122 nummi
924 1073 1028 1138 figuram
1048 1083 1074 1125 et
1092 1075 1238 1125 infundibuli
1258 1089 1308 1124 uon
1320 1079 1397 1141 possit
1419 1076 1571 1130 discernere,
1588 1089 1657 1138 prae·
1720 1068 1721 1108 l

307 1152 390 1200 sertim
408 1150 434 1196 in
453 1147 573 1196 1111111111
591 1160 640 1194 111
665 1159 767 1210 magna.
790 1143 915 1209 Equidem
936 1145 1002 1192 malo
1024 1145 1097 1195 fidem
1121 1147 1161 1195 hic
1183 1145 1274 1196 babere
1292 1149 1388 1206 sensui,
1411 1148 1452 1212 qui
1473 1161 1602 1195 nummum
1621 1159 1656 1193 11-
1720 1167 1721 1180 2

306 1223 411 1272 fractum
427 1217 524 1281 judicat
538 1217 640 1280 planum
659 1223 685 1267 et
702 1215 804 1280 proinde
826 1215 914 1265 suadet
931 1216 1130 1279 perpendiculum
1152 1217 1279 1274 contrahi,
1306 1232 1395 1282 quam,
1425 1217 1555 1281 repudiato
1578 1231 1657 1270 sensu,
1720 1221 1721 1282 ᾖ

306 1298 393 1342 eontra
415 1289 592 1352 experientiam
615 1288 721 1353 figuram
736 1287 830 1351 fingere
848 1287 971 1347 alienam,
998 1287 1087 1340 saltem
1112 1288 1197 1338 tuendi
1215 1289 1383 1352 perpendiculi
1412 1291 1501 1354 gratia,
1540 1287 1658 1352 Agnoscit
1720 1297 1721 1361 ζ

305 1365 370 1411 usus
393 1361 500 1426 effigiem
516 1365 542 1408 et
563 1361 747 1422 inscriptionem
764 1371 862 1407 nummo
887 1359 1045 1421 impressam,
1066 1373 1130 1422 quae
1151 1373 1198 1410 sna
1220 1361 1392 1422 prominentia
1405 1375 1438 1409 ue
1462 1359 1586 1413 decimam
1608 1359 1657 1422 qui·
1720 1379 1721 1422 l

307 1436 363 1483 dem
387 1440 483 1498 partem
507 1436 599 1495 aequat
618 1430 761 1480 elevationis
786 1443 830 1478 eeu
851 1428 1024 1492 profunditatis
1036 1429 1194 1490 infundibuli,
1217 1436 1243 1479 et
1258 1429 1323 1479 hauc
1340 1446 1389 1479 uon
1406 1431 1484 1496 possit
1505 1425 1658 1494 agnoscere?
1720 1429 1721 1492 1

309 1503 358 1554 Sed
383 1517 414 1552 en
433 1502 478 1552 tibi
498 1502 574 1551 aliam
593 1496 777 1568 δοκιμασιανε
803 1501 828 1548 11
851 1500 932 1550 locum
956 1501 1049 1548 nummi
1069 1500 1174 1563 praefati
1196 1502 1358 1550 substituatur
1382 1517 1472 1559 conus,
1504 1503 1574 1563 cujus
1597 1499 1658 1547 basis
1720 1539 1721 1550 ,

306 1574 417 1639 aequalis
433 1575 466 1622 sit
486 1587 601 1632 nummo,
616 1572 720 1621 altitudo
733 1586 789 1620 vero
804 1571 928 1620 aldtndini
947 1571 1107 1628 infundibuli,
1132 1577 1158 1620 st
1180 1572 1264 1622 oculus
1284 1573 1372 1620 unicus
1394 1579 1464 1622 extra
1490 1583 1582 1634 aquam
1608 1585 1658 1633 per·
1720 1577 1721 1620 l

306 1643 578 1710 pendiculariterillum
599 1645 733 1692 intueatur.
771 1641 903 1691 attolletur
929 1643 1003 1706 igitur
1030 1643 1096 1693 basis
1124 1645 1177 1705 ejus
1198 1657 1243 1706 per
1267 1643 1449 1695 refractionem.
1486 1642 1582 1692 Verum
1607 1641 1658 1689 noui
1720 1673 1721 1676 ,

307 1731 384 1781 apex,
408 1717 467 1780 quia
484 1715 511 1764 in
530 1714 716 1778 perpendiculo,
749 1728 779 1763 ex
807 1719 852 1762 tua
873 1716 999 1762 sententia
1021 1729 1071 1762 nou
1090 1715 1240 1770 1111111111.
1266 1714 1310 1764 sed
1332 1715 1460 1778 apparebit
1485 1713 1512 1761 iu
1535 1727 1580 1763 auc
1609 1712 1658 1760 loco
1720 1708 1721 1724 ¹

307 1795 382 1851 atqua
401 1787 439 1835 ite
468 1800 543 1835 conus
567 1783 608 1834 ille
634 1783 688 1834 Tibi
712 1783 860 1834 exhibiturus
882 1791 921 1833 eet
943 1785 1050 1848 speciem
1079 1785 1140 1834 disci
1160 1785 1280 1848 perfecti,
1307 1782 1364 1833 mibi
1391 1800 1447 1834 rere
1473 1783 1529 1833 coni
1551 1781 1657 1832 nonnihil
1720 1777 1721 1833 l

308 1858 393 1908 retusi.
429 1855 510 1919 Huius
532 1856 567 1905 rei
586 1855 720 1905 secuudum
740 1856 915 1919 praescriptam
936 1856 1113 1906 dimensionem
1133 1855 1240 1904 nondum
1261 1855 1310 1904 feci
1329 1855 1476 1919 perieulum.
1499 1855 1657 1904 1111111111-
1720 1841 1721 1920 ¹

307 1945 380 1987 men,
408 1943 497 1977 conum
517 1925 686 1976 indifferenter
705 1933 835 1990 acceptum
856 1931 883 1976 et
904 1940 984 1991 aquae
1005 1929 1145 1990 impositum
1164 1926 1270 1990 liguram
1291 1929 1347 1976 coni
1371 1943 1420 1975 non
1438 1926 1498 1975 disci
1517 1925 1576 1973 mibi
1596 1931 1658 1973 retu·

307 2001 378 2056 111111
404 1999 468 2062 quod
490 2004 517 2048 et
536 2004 564 2046 tu
586 1997 711 2060 explorare
732 1997 838 2060 poteris,
865 2003 890 2046 et
908 1999 928 2045 ei
952 1999 977 2046 in
999 1997 1044 2048 tali
1065 2011 1126 2050 casu
1146 2013 1196 2049 uon
1214 1997 1308 2048 diaeum
1327 1998 1371 2048 sed
1395 2012 1483 2046 conum
1506 2011 1552 2059 per
1568 1997 1658 2046 refrac-

308 2073 400 2120 tionem
422 2070 529 2119 exhiberi
549 2068 639 2117 videris
665 2065 707 2129 (de
724 2082 772 2132 quo
796 2068 830 2116 uil
844 2065 954 2128 dubito),
980 2069 1015 2117 nil
1036 2068 1141 2120 restabit
1160 2067 1263 2132 amplius
1287 2082 1362 2132 quam
1385 2074 1414 2118 ut
1436 2082 1534 2119 mecum
1557 2079 1659 2122 asseras,

307 2142 393 2207 puncti
413 2141 546 2204 imaginem
570 2155 614 2204 per
636 2140 823 2197 refractionem,
844 2152 1051 2205 καταχρηςικως
1076 2138 1181 2197 dictam,
1207 2139 1297 2190 elevari
1322 2152 1353 2188 ac
1381 2139 1484 2202 proinde
1507 2139 1586 2201 ipsum
1607 2151 1658 2200 per·

307 2211 465 2276 pendiculum
487 2225 581 2276 qnoque
603 2211 743 2260 refracticni
756 2224 800 2259 seu
820 2211 930 2273 passioni
952 2213 987 2259 111
1009 2210 1091 2259 dictae
1113 2210 1242 2258 obnoxium
1264 2223 1326 2258 esse.
1352 2207 1410 2271 (aa
1432 2209 1546 2272 adjunxit
1565 2207 1657 2270 Brang-

309 2297 382 2348 gerua
407 2283 520 2338 schema,
546 2282 620 2330 verba
640 2294 688 2331 sua
704 2280 843 2340 illustrante
867 2295 923 2330 cnm
947 2295 1004 2330 sero
1025 2295 1064 2331 res
1085 2286 1172 2345 pateat
1194 2295 1224 2332 ex
1247 2280 1306 2345 ipsis
1332 2279 1468 2350 limngged
1491 2279 1578 2334 verbis,
1602 2277 1659 2326 illud

309 2353 470 2404 omittendum
489 2348 648 2413 consuimus.)

397 2443 600 2521 chlcrus:
624 2441 670 2502 De
694 2457 813 2502 nummo
837 2438 866 2500 in
892 2457 970 2519 aqua
986 2439 1097 2501 rectius
1121 2439 1268 2519 loqueris3
1292 2439 1388 2501 miuus
1408 2441 1508 2521 itaque
1530 2439 1587 2502 tibi
1609 2457 1657 2502 re·

311 2549 426 2613 pugno,
451 2549 539 2612 quam
564 2530 644 2592 olim.
678 2527 808 2590 Radium
830 2528 1108 2608 perpendicularem
1128 2529 1193 2608 jam
1218 2529 1263 2590 ais
1286 2527 1315 2590 in
1331 2547 1399 2590 sese
1415 2529 1568 2604 contrahi;
1591 2529 1657 2590 clim

311 2619 416 2682 dixisti
447 2619 580 2697 refringi.
628 2616 716 2689 Quod
746 2615 906 2696 frangitur,
945 2636 982 2678 ex
1010 2635 1068 2679 uuo
1096 2617 1130 2678 fit
1157 2617 1267 2691 multa;
1302 2619 1350 2680 bic
1372 2617 1404 2680 in
1426 2639 1459 2681 se
1483 2625 1658 2680 contractus

309 2709 411 2770 radius
429 2715 533 2770 manet
555 2726 639 2770 unus.
685 2707 731 2768 De
756 2707 945 2767 formavere
969 2703 1145 2767 infundibuli
1168 2725 1226 2768 non
1250 2724 1365 2786 pugno:
1389 2727 1463 2770 sane
1488 2709 1542 2770 tali
1563 2711 1659 2769 ,forma
1720 2705 1721 2728 ¹

310 2816 368 2858 uon
393 2798 524 2860 cernitur
545 2815 601 2858 nec
625 2796 681 2857 hoc
704 2794 849 2855 affirmavi
882 2795 912 2856 in
944 2793 1092 2873 prioribus
1124 2792 1230 2856 literis.
1276 2795 1348 2856 Dixi
1379 2797 1458 2860 euim
1488 2805 1520 2859 te
1542 2799 1657 2860 vincere

312 2885 371 2947 tuis
396 2885 588 2968 argumentis,
614 2905 680 2947 cum
704 2901 838 2945 nummus
862 2882 987 2944 deberet
1010 2882 1105 2944 videri
1129 2882 1271 2945 informa
1293 2884 1481 2949 infundibuli.
1518 2885 1581 2949 Sed
1603 2887 1657 2947 ad·
1720 2937 1721 2964 ,

311 2975 373 3037 didi
398 2982 499 3041 tamen
524 2974 717 3047 solutionem,
742 2991 779 3032 ex
803 2991 862 3052 qua
885 2972 986 3033 videre
1010 2971 1149 3050 potuisti,
1173 2990 1231 3034 non
1255 2991 1323 3036 csse
1346 2977 1658 3038 ncceseeuttribuum

312 3064 550 3142 perpendiculari
574 3065 787 3125 refractionem
810 3067 863 3122 aut
885 3079 1036 3122 recursum
1059 3061 1089 3121 in
1113 3079 1192 3122 sese.
1238 3061 1317 3124 Nam
1341 3071 1395 3125 ant
1424 3083 1482 3126 nnc
1505 3066 1588 3127 oculo
1610 3065 1657 3125 ri-

315 3153 403 3213 detur
425 3171 474 3214 res
496 3153 635 3224 (immoto
659 3151 788 3232 cupite),
822 3156 876 3210 aut
907 3149 1022 3210 duobus
1052 3150 1116 3221 (vel
1138 3155 1220 3210 moto
1243 3152 1371 3232 capite).
1418 3151 1548 3230 Sitne,
1577 3153 1658 3214 loeus

265 3308 268 3314 ,
313 3239 452 3320 imaginis
476 3261 533 3302 non
558 3241 751 3304 discernitur:
787 3237 811 3300 si
843 3237 972 3313 duobus,
1007 3245 1059 3299 aut
1089 3237 1265 3302 alterutrum
1297 3248 1350 3304 aut
1382 3242 1490 3306 ambos
1512 3261 1569 3305 uon
1590 3261 1658 3302 esse
1720 3239 1721 3314 l

471 3390 525 3456 Fig.
546 3387 589 3440 3¹2.

760 3503 858 3564 locum
881 3503 1020 3582 imaginis
1044 3503 1139 3565 videri
1163 3505 1324 3568 clevatum.
1363 3504 1451 3570 Oculi
1469 3510 1509 3585 A,
1524 3509 1559 3581 B,
1580 3527 1657 3588 aqua

761 3325 1026 3405 perpendiculares
1049 3345 1175 3390 necesse
1197 3336 1256 3389 est.
1304 3327 1338 3391 Si
1369 3349 1426 3392 uon
1460 3330 1656 3412 perpendicn-
1720 3325 1721 3390 l

761 3414 857 3488 lares,
891 3413 1065 3494 refringitur
1087 3415 1190 3495 itaque
1220 3417 1323 3479 radius
1348 3427 1379 3480 et
1403 3419 1445 3480 sie
1469 3439 1525 3481 non
1543 3419 1658 3490 mirum,
1720 3421 1721 3462 l

761 3589 832 3666 OD,
865 3591 976 3654 nummi
1006 3599 1139 3654 centrum
1161 3592 1205 3668 E;
1236 3593 1294 3656 BD
1317 3597 1571 3676 perpendicularis
1598 3615 1654 3658 non

760 3679 948 3759 refringitur,
981 3678 1038 3743 AG
1063 3699 1133 3742 vero
1157 3701 1216 3743 nou
1240 3686 1496 3764 perpendicularis
1517 3685 1656 3763 refringi·
1720 3701 1721 3756 1

759 3775 808 3829 111
830 3769 859 3829 in
883 3766 945 3830 CF.
994 3767 1145 3831 Gentiana
1176 3773 1364 3835 metatricem
1396 3771 1469 3846 Ac,
1501 3793 1574 3855 quae
1605 3791 1655 3834 se·

759 3856 842 3918 cabit
863 3856 918 3918 ΒΕ
946 3857 975 3917 iu
999 3857 1024 3918 F
1046 3857 1114 3919 loco
1147 3859 1266 3922 altiore.
1313 3861 1420 3942 Itaque
1451 3864 1579 3926 Flccns
1609 3868 1656 3922 est

653 3941 706 3948 ““
760 3943 857 4006 centri
880 3943 1020 4025 imaginis
1044 3945 1166 4010 nummi.

828 4034 1043 4102 Brenggsrus:
1078 4033 1119 4084 De
1146 4035 1216 4086 foce
1244 4036 1338 4102 speculi
1363 4037 1487 4102 sphaerici
1515 4037 1654 4092 1111111111
1720 3993 1721 4054 ¹

758 4111 848 4171 quarta
873 4105 987 4155 danseri
1010 4111 1081 4171 parte
1102 4106 1185 4158 locato
1208 4107 1266 4158 duur
1284 4107 1415 4174 Maginnm
1436 4112 1552 4174 corripis,
1577 4108 1654 4161 oculos
1720 4109 1721 4158 ἓ

758 4175 817 4224 milui
844 4181 870 4225 et
895 4176 985 4242 digitos
1008 4177 1102 4239 eripere
1122 4171 1240 4236 1111111.
1271 4179 1357 4244 quibus
1376 4182 1450 4232 toties
1473 4181 1521 4231 vidi
1545 4189 1570 4232 et
1590 4179 1653 4232 senei

758 4245 840 4296 radios
868 4245 932 4296 Solis
954 4247 988 4296 ibi
1009 4249 1151 4299 coacervari
1172 4253 1198 4298 et
1221 4250 1456 4315 iguemaccendere
1469 4249 1569 4316 (put).
1597 4249 1653 4304 Per·
1720 4245 1721 4248 ’

761 4330 846 4382 peram
869 4318 943 4383 igitur
966 4323 994 4367 tn
1015 4319 1042 4367 in
1066 4325 1150 4368 centro
1169 4319 1237 4371 illum
1260 4321 1382 4386 collocas,
1404 4323 1522 4387 siquidem
1545 4324 1651 4380 adeant-

759 4401 813 4435 rum
833 4388 994 4437 reflectantur
1015 4393 1113 4437 tantum
1126 4389 1195 4440 radii
1206 4391 1444 4456 perpendiculariter
1463 4394 1607 4452 metum
1626 4395 1652 4440 at
1720 4373 1721 4438 ¹

760 4458 818 4521 quia
836 4457 956 4508 diameter
975 4457 1038 4508 Solis
1051 4459 1179 4510 dimidiam
1199 4461 1303 4528 gradum
1322 4463 1447 4516 duntaxat
1463 4471 1560 4532 aequat,
1581 4462 1652 4528 portio
1720 4463 1721 4520 ἲ

314 4527 406 4592 speculi
425 4527 559 4586 circularis,
572 4529 642 4591 cujus
665 4527 786 4580 1111111111
799 4525 841 4576 ³0¹
861 4529 1002 4592 respondet,
1023 4529 1077 4579 sula
1101 4537 1148 4588 est,
1167 4546 1231 4596 quae
1248 4533 1331 4582 radios
1351 4533 1414 4585 Solis
1431 4534 1652 4600 perpendiculariter
1720 4565 1721 4572 ,

313 4599 401 4660 recipit
419 4605 445 4649 et
467 4599 499 4648 ad
527 4604 639 4649 centrum
660 4602 798 4662 retorquet;
828 4600 924 4664 reliqua
944 4601 997 4662 ejus
1023 4601 1164 4666 superficies
1186 4604 1266 4653 otiosa
1290 4609 1328 4653 est
1352 4611 1378 4656 et
1401 4606 1450 4657 huc
1474 4607 1533 4656 nlhll
1558 4605 1649 4657 conert

314 4666 422 4717 11111111
445 4670 520 4733 igitur
548 4677 602 4728 est,
630 4669 793 4734 paucissimos
816 4669 851 4720 ibi
879 4672 961 4720 radlos
986 4669 1082 4736 colligi,
1111 4673 1153 4735 qui
1176 4688 1226 4722 uon
1250 4673 1376 4725 1111111111
1398 4685 1427 4727 11
1449 4679 1532 4742 iguem
1546 4687 1650 4740 unquam

315 4737 462 4789 accendant.
498 4738 570 4789 Adde
589 4739 654 4805 quod
683 4740 775 4790 fomitis
800 4741 906 4794 materia
927 4747 1011 4793 eunuc
1033 4743 1147 4806 apposita
1163 4743 1245 4794 redies
1267 4743 1332 4797 Solis
1350 4748 1489 4812 intercipit,
1505 4755 1537 4801 ,ut
1554 4747 1586 4802 ad
1601 4757 1650 4808 set·

316 4806 397 4862 culum
420 4809 559 4871 pertingere
580 4816 606 4860 et
632 4809 690 4860 lude
709 4810 804 4860 reflecti
829 4813 961 4877 seigneur
980 4813 1118 4864 accendere
1142 4821 1275 4880 nequeant.
1313 4815 1364 4868 Sed
1385 4826 1439 4868 estc
1454 4822 1553 4882 james
1563 4811 1650 4882 agini

315 4885 342 4928 et
362 4890 420 4928 urea
438 4878 567 4928 sententie·
584 4879 711 4942 speculum
730 4880 833 4946 1111111
850 4895 986 4933 concavum
1005 4882 1173 4947 sphaericum,
1196 4887 1267 4950 cujus
1287 4885 1393 4940 latitudo
1417 4889 1489 4942 FHK
1511 4890 1543 4940 sit
1561 4893 1650 4938 summ
1720 4879 1721 4884 '
