3476 5532
506 1313 1008 1416 raoouuruur
1113 1457 1117 1469 .

712 1573 856 1630 μ..-..

175 1751 288 1843 Paucis
311 1779 439 1858 pagellis
468 1780 533 1859 agit
555 1780 704 1859 Keplems
726 1781 756 1842 in
780 1781 836 1842 hoo
866 1779 966 1842 libello
996 1781 1032 1843 de
1061 1779 1269 1843 observatione
1298 1777 1431 1841 maculae

85 1869 214 1943 Solaria,
239 1888 327 1948 quam
345 1870 421 1932 salso
441 1871 585 1932 censebat
598 1870 776 1936 Mercurium
797 1871 826 1929 in
842 1867 922 1931 Solis
942 1868 1023 1931 disco
1043 1877 1246 1951 apparentem.
1291 1867 1431 1931 Errorenr

85 1960 165 2020 huno
196 1976 361 2037 agnoscens
390 1959 477 2020 lectis
499 1959 625 2021 Joaunis
649 1958 780 2020 Fabricii
812 1967 842 2019 et
870 1957 1026 2021 Scheiueri
1058 1960 1094 2020 de
1126 1959 1251 2020 maculis
1275 1955 1431 2020 Solaribus

26 2065 30 2076 “
85 2047 171 2108 libris
195 2055 227 2107 et
249 2047 360 2122 literis,
391 2048 518 2127 ingenue
542 2068 608 2110 eum
632 2049 731 2110 lassus
755 2054 819 2117 est,
848 2056 878 2108 et
901 2049 1012 2126 passim
1036 2049 1065 2110 iu
1090 2047 1172 2110 libris
1197 2046 1257 2123 suis
1280 2046 1431 2128 posterio-

85 2137 169 2198 ribus
193 2136 345 2216 literisque
379 2138 507 2218 privatis
538 2137 576 2199 ad
608 2139 685 2198 hunc
718 2155 844 2200 errorem
879 2155 911 2197 se
941 2155 1088 2200 excusans
1120 2137 1218 2199 rediit.
1265 2135 1299 2198 Iu
1329 2135 1431 2198 libello

86 2226 207 2306 quidem
229 2225 285 2286 hoc
304 2227 379 2304 ipso,
407 2246 493 2308 quem
516 2226 695 2307 conscripsit
717 2246 795 2288 auno
817 2221 910 2300 1608,
935 2227 971 2287 de
996 2226 1140 2303 „maculis
1154 2224 1329 2288 Solaribus“
1354 2242 1431 2286 norr-

87 2317 157 2375 dum
181 2314 279 2393 egisse
301 2315 463 2394 Keplerum
485 2335 537 2395 per
560 2337 593 2376 se
616 2323 719 2395 patet,
742 2335 810 2377 cum
833 2315 902 2377 illae
930 2335 1007 2378 auno
1032 2317 1148 2378 demum
1174 2312 1267 2378 1610.
1293 2315 1432 2376 detectae

88 2403 209 2464 fuerint.
247 2401 326 2474 Quia
352 2423 421 2466 vero
443 2406 565 2484 Kepleri
589 2405 758 2466 observatio
781 2404 903 2484 propius
923 2406 1033 2466 attinet
1051 2406 1089 2466 ad
1106 2405 1188 2484 ipsas
1202 2403 1271 2466 illas
1288 2404 1430 2477 maculas,

88 2493 170 2554 haud
193 2492 231 2554 ab
254 2501 454 2572 reputamus,
477 2514 523 2568 ea,
549 2512 623 2572 quae
638 2494 675 2554 ad
700 2493 899 2554 detectionem
922 2494 1004 2556 illam
1026 2493 1057 2556 in
1071 2493 1143 2556 Sole
1167 2502 1316 2579 spectant,
1340 2510 1432 2574 prae-

89 2582 211 2642 fationis
235 2582 300 2642 loco
324 2581 391 2643 huic
415 2583 555 2663 opusculo
579 2582 782 2661 praemittere.
1359 2577 1360 2580 ’

178 2671 224 2731 De
247 2670 303 2730 hac
327 2689 440 2750 quoque
465 2669 632 2732 detectione
664 2671 744 2732 sicut
773 2670 810 2731 de
843 2671 970 2732 detectis
991 2670 1078 2734 Jovis
1106 2670 1287 2756 satellitibus
1312 2677 1432 2732 coortae

91 2767 160 2820 suut
182 2759 266 2830 lites,
290 2758 394 2838 quibus
418 2757 591 2834 Galilaeus,
615 2758 785 2834 Fabricius,
819 2757 1011 2836 Scheiuerus,
1045 2760 1097 2822 alii
1129 2779 1161 2822 se
1193 2759 1432 2833 immiscuerunt3

92 2848 242 2927 Keplems
265 2865 335 2909 vero
367 2866 424 2908 nou
449 2848 560 2910 eodem'
586 2867 641 2928 quo
673 2849 755 2928 prius
784 2849 871 2910 modo
899 2847 929 2910 iu
958 2849 1107 2928 publicum
1129 2849 1249 2928 prodiit.
1294 2849 1371 2912 Earn
1395 2847 1432 2910 ob

91 2956 154 2998 rem
179 2936 247 2998 lites
270 2935 339 2997 illas
363 2936 492 2999 intactas
515 2937 720 3017 relinquimus,
745 2939 819 3000 haec
841 2943 957 3000 tautum
979 2939 1159 3014 relerentes,
1184 2957 1260 3020 quae
1283 2939 1432 3018 Keplems

93 3027 130 3087 de
154 3023 235 3087 Solis
258 3025 384 3087 maculis
404 3045 457 3104 per
481 3026 584 3088 literas
608 3027 680 3107 egit.

179 3115 296 3176 Primus
311 3115 360 3195 qui
374 3113 454 3176 Solis
473 3118 605 3177 maculas
620 3123 798 3198 conspectas
813 3114 939 3196 publicis
953 3117 1033 3197 typis
1048 3116 1255 3200 pronunciavit
1266 3115 1287 3177 J
1293 3133 1432 3177 oannes

92 3204 149 3266 fuit
170 3205 381 3276 Fabricius,
413 3205 490 3266 filius
513 3205 674 3267 Davidis
698 3204 877 3282 Fabricii,
912 3223 997 3285 quem
1019 3207 1133 3286 passim
1165 3206 1276 3268 iuhac
1299 3205 1431 3268 editione

93 3293 220 3356 diximus
244 3294 470 3375 loquentemque
493 3294 670 3358 induximus.
717 3295 865 3356 Libellum
888 3311 972 3356 suum
994 3294 1161 3375 inscripsit:
1184 3294 1363 3358 Narratio
1387 3294 1432 3356 de

92 3383 252 3445 Maculis
277 3385 309 3444 in
334 3381 420 3445 Sole
444 3385 669 3462 conspectis.
716 3384 844 3445 Witteb.
880 3380 973 3447 1611.
1020 3383 1187 3456 (Praelatio
1221 3383 1293 3446 data
1324 3391 1371 3446 est
1401 3383 1431 3446 d.
1490 3431 1495 3450 .

96 3470 145 3534 12.
162 3471 269 3546 Junii.)
316 3471 387 3534 Sine
411 3472 499 3534 dubio
522 3473 655 3535 Joannes
679 3480 807 3552 epatre
839 3473 878 3534 ad
910 3472 1038 3544 siderum
1070 3474 1310 3535 observationem
1342 3472 1432 3535 insti-

95 3568 176 3622 tutus
200 3561 250 3621 illo
275 3562 348 3623 duce
370 3563 504 3624 maculas
528 3562 700 3636 detexeram
724 3581 789 3624 cum
814 3581 890 3622 anno
908 3559 1000 3626 1605.
1026 3563 1103 3624 filius
1129 3563 1168 3624 ad
1191 3563 1295 3625 literas
1318 3563 1433 3624 incum-

94 3651 180 3710 beret
199 3655 288 3722 (aomp.
307 3658 402 3731 1011.
422 3675 446 3723 p.
465 3657 538 3721 351.)
564 3661 596 3714 et
618 3671 696 3714 auno
723 3647 816 3714 1608.
841 3651 871 3712 in
894 3649 988 3713 literis
1008 3652 1045 3712 ad
1065 3649 1227 3730 Keplerum
1241 3651 1434 3730 Witteberga

97 3738 175 3799 datis
200 3739 364 3800 studiosum
379 3760 411 3800 se
426 3741 600 3820 profiteatur
613 3740 823 3814 astronomiae,
849 3741 934 3802 annis
954 3741 1030 3803 sorte
1049 3741 1241 3820 sequentibus
1263 3739 1301 3801 ad
1315 3747 1433 3820 patrem

95 3827 185 3888 rediit
206 3827 236 3887 iu
257 3828 385 3889 Frisiam
404 3827 588 3892 Orientalem
611 3829 779 3906 (Ostelam)
802 3829 901 3910 ibique
923 3828 953 3890 in
977 3828 1186 3891 astronomicis
1209 3849 1241 3891 se
1264 3828 1432 3892 excolebat.

96 3915 235 3978 Ceterum
250 3916 285 3978 de
301 3917 394 3996 ipsius
409 3918 480 3980 fatis
504 3938 541 3980 ex
555 3920 692 3997 epistolis
706 3919 800 3998 patris
819 3920 858 3980 ad
872 3918 1034 3998 Keplerum
1048 3918 1089 3978 uil
1103 3916 1258 3980 desumere
1272 3917 1433 3997 potuimus,

96 4024 176 4081 cum,
209 4014 243 4067 ut
265 4011 365 4076 (1011.
384 4030 408 4079 p.
428 4011 500 4076 ³05.)
523 4008 663 4082 diximus,
696 4006 903 4069 commercium
934 4007 1060 4069 Davidis
1090 4025 1155 4068 oum
1178 4007 1309 4088 Keplero
1336 4007 1433 4069 inter-

95 4095 217 4158 missum
249 4095 339 4157 suerit
369 4095 407 4156 ab
440 4115 517 4157 anuo
553 4092 646 4160 1609.
709 4098 860 4158 Mortuum
897 4095 1045 4156 Joauoem
1082 4095 1176 4157 refert
1216 4096 1365 4176 Keplems
1403 4095 1434 4157 in
1501 4110 1505 4116 ’

95 4184 339 4264 Ephemeridibus
362 4175 400 4246 aid
424 4205 452 4246 a.
479 4181 572 4248 1617.
596 4185 643 4245 his
666 4185 782 4247 verbis:
816 4183 915 4258 ,Quin
939 4185 1029 4246 etiam
1052 4185 1129 4246 lecto
1161 4192 1212 4247 tuo
1235 4183 1433 4265 Prognostica

97 4275 124 4335 iu
148 4293 256 4337 annum
282 4269 382 4346 1618,
406 4292 522 4354 exque
547 4273 583 4335 de
606 4273 763 4336 immaturo
787 4273 851 4352 ejus
874 4273 956 4336 obitu
979 4274 1088 4336 certior
1110 4274 1209 4336 lactus
1233 4293 1313 4349 sum,
1337 4273 1433 4354 sigui·

95 4363 261 4424 linationem
285 4363 363 4425 addo
386 4363 535 4443 publicam
565 4363 676 4424 doloris
703 4361 776 4437 meir
810 4362 887 4442 quod
917 4370 949 4428 11
979 4371 1009 4425 11
1040 4363 1167 4425 amicum
1194 4363 1255 4425 lilio
1288 4363 1365 4444 frugi
1402 4371 1435 4426 et

97 4452 312 4532 philosophiam
335 4462 470 4516 curatore
495 4451 705 4528 solertissimo,
737 4451 875 4514 veritatis
898 4461 931 4514 11
953 4452 1063 4516 liberae
1085 4452 1253 4515 sententiae
1285 4451 1433 4515 amantis-

100 4541 170 4602 simo
189 4551 220 4604 et
238 4561 285 4604 me
300 4541 414 4604 deliciis
428 4541 502 4604 meis
521 4542 656 4605 orbatum
675 4540 850 4621 intelligam.
888 4540 949 4604 Sed
964 4542 1100 4604 nimirum
1115 4535 1218 4604 exstat
1236 4541 1300 4622 ejus
1315 4541 1433 4605 libellus

100 4631 134 4691 de
156 4632 283 4694 Masulis
306 4629 462 4694 Solaribus
486 4650 562 4694 auno
589 4627 681 4694 1611.
706 4631 814 4704 editus,
838 4631 942 4713 quovis
966 4631 1062 4712 elogio
1086 4631 1276 4713 epitaphiove
1309 4629 1433 4694 houori-

100 4719 238 4796 licentior,
264 4719 314 4802 qui
337 4729 369 4783 11
391 4722 489 4784 lamae
513 4721 593 4783 illius
615 4720 792 4802 posthumae
815 4720 996 4801 praesidium
1019 4728 1051 4783 11
1072 4721 1235 4784 communis
1258 4720 1354 4784 nostri
1376 4719 1432 4785 do-

100 4807 167 4872 loris
189 4811 379 4876 lenimentum
401 4810 543 4877 eontinet.
567 4841 609 4854 -
