<?xml version="1.0" encoding="UTF-8"?>
<!DOCTYPE html PUBLIC "-//W3C//DTD XHTML 1.0 Transitional//EN"
    "http://www.w3.org/TR/xhtml1/DTD/xhtml1-transitional.dtd">
<html xmlns="http://www.w3.org/1999/xhtml" xml:lang="en" lang="en">
 <head>
  <title>
</title>
<meta http-equiv="Content-Type" content="text/html;charset=utf-8" />
  <meta name='ocr-system' content='tesseract 3.04.00' />
  <meta name='ocr-capabilities' content='ocr_page ocr_carea ocr_par ocr_line ocrx_word'/>
</head>
<body>
  <div class='ocr_page' id='page_1' title='image "./joanniskepleria02unkngoog/joanniskepleria02unkngoog_0427.png"; bbox 0 0 3730 5528; ppageno 0'>
   <div class='ocr_carea' id='block_1_1' title="bbox 729 721 1235 852">
    <p class='ocr_par' dir='ltr' id='par_1_1' title="bbox 729 721 1235 852">
     <span class='ocr_line' id='line_1_1' title="bbox 729 721 1235 852; baseline 0.002 -31"><span class='ocrx_word' id='word_1_1' title='bbox 729 721 1235 852; x_wconf 81' lang='lat' dir='ltr'>Peroratio.</span> 
     </span>
    </p>
   </div>
   <div class='ocr_carea' id='block_1_2' title="bbox 220 1079 1660 3662">
    <p class='ocr_par' dir='ltr' id='par_1_2' title="bbox 296 1079 1659 1552">
     <span class='ocr_line' id='line_1_2' title="bbox 403 1079 1657 1180; baseline -0.002 -26"><span class='ocrx_word' id='word_1_2' title='bbox 403 1081 591 1154; x_wconf 83' lang='lat' dir='ltr'><strong>Hactenus</strong></span> <span class='ocrx_word' id='word_1_3' title='bbox 616 1081 736 1178; x_wconf 90' lang='lat' dir='ltr'>itaque</span> <span class='ocrx_word' id='word_1_4' title='bbox 759 1080 803 1151; x_wconf 93' lang='lat' dir='ltr'>de</span> <span class='ocrx_word' id='word_1_5' title='bbox 827 1079 922 1151; x_wconf 89' lang='lat' dir='ltr'>visus</span> <span class='ocrx_word' id='word_1_6' title='bbox 948 1079 1218 1177; x_wconf 77' lang='lat' dir='ltr'>deceptionibus</span> <span class='ocrx_word' id='word_1_7' title='bbox 1243 1081 1399 1180; x_wconf 91' lang='lat' dir='ltr'>egimus;</span> <span class='ocrx_word' id='word_1_8' title='bbox 1427 1103 1571 1176; x_wconf 90' lang='lat' dir='ltr'>remque</span> <span class='ocrx_word' id='word_1_9' title='bbox 1593 1103 1657 1178; x_wconf 88' lang='lat' dir='ltr'>per</span> 
     </span>
     <span class='ocr_line' id='line_1_3' title="bbox 298 1203 1659 1303; baseline -0.001 -25"><span class='ocrx_word' id='word_1_10' title='bbox 298 1206 510 1280; x_wconf 85' lang='lat' dir='ltr'>observandi</span> <span class='ocrx_word' id='word_1_11' title='bbox 537 1204 662 1276; x_wconf 88' lang='lat' dir='ltr'>modos</span> <span class='ocrx_word' id='word_1_12' title='bbox 687 1217 723 1276; x_wconf 89' lang='lat' dir='ltr'>et</span> <span class='ocrx_word' id='word_1_13' title='bbox 746 1203 928 1276; x_wconf 83' lang='lat' dir='ltr'>cautiones</span> <span class='ocrx_word' id='word_1_14' title='bbox 961 1204 1164 1276; x_wconf 82' lang='lat' dir='ltr'>traductam</span> <span class='ocrx_word' id='word_1_15' title='bbox 1186 1229 1278 1303; x_wconf 90' lang='lat' dir='ltr'>pene</span> <span class='ocrx_word' id='word_1_16' title='bbox 1307 1205 1402 1276; x_wconf 88' lang='lat' dir='ltr'>intra</span> <span class='ocrx_word' id='word_1_17' title='bbox 1425 1205 1556 1278; x_wconf 88' lang='lat' dir='ltr'>limites</span> <span class='ocrx_word' id='word_1_18' title='bbox 1578 1203 1659 1276; x_wconf 88' lang='lat' dir='ltr'>libri</span> 
     </span>
     <span class='ocr_line' id='line_1_4' title="bbox 298 1325 1658 1427; baseline -0.003 -24"><span class='ocrx_word' id='word_1_19' title='bbox 298 1329 361 1403; x_wconf 92' lang='lat' dir='ltr'>lV.</span> <span class='ocrx_word' id='word_1_20' title='bbox 391 1329 432 1404; x_wconf 90' lang='lat' dir='ltr'>V.</span> <span class='ocrx_word' id='word_1_21' title='bbox 458 1343 495 1402; x_wconf 90' lang='lat' dir='ltr'>et</span> <span class='ocrx_word' id='word_1_22' title='bbox 523 1328 585 1401; x_wconf 90' lang='lat' dir='ltr'>VI.</span> <span class='ocrx_word' id='word_1_23' title='bbox 625 1329 663 1400; x_wconf 95' lang='lat' dir='ltr'>in</span> <span class='ocrx_word' id='word_1_24' title='bbox 687 1325 806 1426; x_wconf 83' lang='lat' dir='ltr'>Opere</span> <span class='ocrx_word' id='word_1_25' title='bbox 836 1327 972 1425; x_wconf 89' lang='lat' dir='ltr'>Magno</span> <span class='ocrx_word' id='word_1_26' title='bbox 1000 1325 1198 1400; x_wconf 82' lang='lat' dir='ltr'>Ptolemaei</span> <span class='ocrx_word' id='word_1_27' title='bbox 1221 1327 1449 1401; x_wconf 84' lang='lat' dir='ltr'>devolvimus.</span> <span class='ocrx_word' id='word_1_28' title='bbox 1498 1327 1658 1427; x_wconf 88' lang='lat' dir='ltr'>Tempus</span> 
     </span>
     <span class='ocr_line' id='line_1_5' title="bbox 296 1450 1329 1552; baseline -0.002 -26"><span class='ocrx_word' id='word_1_29' title='bbox 296 1454 406 1552; x_wconf 90' lang='lat' dir='ltr'>igitur</span> <span class='ocrx_word' id='word_1_30' title='bbox 428 1467 469 1526; x_wconf 92' lang='lat' dir='ltr'>ut</span> <span class='ocrx_word' id='word_1_31' title='bbox 490 1452 648 1551; x_wconf 89' lang='lat' dir='ltr'>receptui</span> <span class='ocrx_word' id='word_1_32' title='bbox 673 1475 854 1534; x_wconf 89' lang='lat' dir='ltr'>canamus,</span> <span class='ocrx_word' id='word_1_33' title='bbox 879 1476 924 1522; x_wconf 91' lang='lat' dir='ltr'>ne</span> <span class='ocrx_word' id='word_1_34' title='bbox 948 1451 1068 1522; x_wconf 90' lang='lat' dir='ltr'>omnia</span> <span class='ocrx_word' id='word_1_35' title='bbox 1091 1452 1127 1523; x_wconf 92' lang='lat' dir='ltr'>in</span> <span class='ocrx_word' id='word_1_36' title='bbox 1151 1450 1329 1524; x_wconf 90' lang='lat' dir='ltr'>omnibus.</span> 
     </span>
    </p>

    <p class='ocr_par' dir='ltr' id='par_1_3' title="bbox 220 1573 1660 3662">
     <span class='ocr_line' id='line_1_6' title="bbox 367 1573 1659 1674; baseline -0.004 -24"><span class='ocrx_word' id='word_1_37' title='bbox 367 1613 369 1618; x_wconf 96' lang='lat'>·</span> <span class='ocrx_word' id='word_1_38' title='bbox 405 1577 574 1651; x_wconf 88' lang='lat' dir='ltr'>Ceterum</span> <span class='ocrx_word' id='word_1_39' title='bbox 612 1576 643 1648; x_wconf 91' lang='lat' dir='ltr'>si</span> <span class='ocrx_word' id='word_1_40' title='bbox 665 1573 779 1647; x_wconf 90' lang='lat' dir='ltr'>Deus</span> <span class='ocrx_word' id='word_1_41' title='bbox 817 1574 928 1646; x_wconf 89' lang='lat' dir='ltr'>vitam</span> <span class='ocrx_word' id='word_1_42' title='bbox 964 1575 1125 1671; x_wconf 88' lang='lat' dir='ltr'>viresque</span> <span class='ocrx_word' id='word_1_43' title='bbox 1162 1574 1252 1646; x_wconf 92' lang='lat' dir='ltr'>mihi</span> <span class='ocrx_word' id='word_1_44' title='bbox 1288 1574 1502 1674; x_wconf 88' lang='lat' dir='ltr'>prorogarit,</span> <span class='ocrx_word' id='word_1_45' title='bbox 1540 1573 1659 1646; x_wconf 87' lang='lat' dir='ltr'>libello</span> 
     </span>
     <span class='ocr_line' id='line_1_7' title="bbox 296 1696 1659 1799; baseline -0.002 -26"><span class='ocrx_word' id='word_1_46' title='bbox 296 1702 419 1784; x_wconf 86' lang='lat' dir='ltr'>altero,</span> <span class='ocrx_word' id='word_1_47' title='bbox 445 1726 551 1799; x_wconf 90' lang='lat' dir='ltr'>quem</span> <span class='ocrx_word' id='word_1_48' title='bbox 574 1701 647 1774; x_wconf 85' lang='lat' dir='ltr'>sive</span> <span class='ocrx_word' id='word_1_49' title='bbox 671 1697 867 1772; x_wconf 87' lang='lat' dir='ltr'>secundam</span> <span class='ocrx_word' id='word_1_50' title='bbox 890 1697 996 1796; x_wconf 90' lang='lat' dir='ltr'>hujus</span> <span class='ocrx_word' id='word_1_51' title='bbox 1014 1696 1143 1796; x_wconf 86' lang='lat' dir='ltr'>Operis</span> <span class='ocrx_word' id='word_1_52' title='bbox 1167 1711 1309 1797; x_wconf 88' lang='lat' dir='ltr'>partem</span> <span class='ocrx_word' id='word_1_53' title='bbox 1327 1699 1400 1772; x_wconf 83' lang='lat' dir='ltr'>sive</span> <span class='ocrx_word' id='word_1_54' title='bbox 1424 1698 1659 1797; x_wconf 89' lang='lat' dir='ltr'>appendicem</span> 
     </span>
     <span class='ocr_line' id='line_1_8' title="bbox 296 1820 1658 1921; baseline -0.004 -23"><span class='ocrx_word' id='word_1_55' title='bbox 296 1825 437 1910; x_wconf 65' lang='lat' dir='ltr'>(liseria,</span> <span class='ocrx_word' id='word_1_56' title='bbox 462 1848 569 1898; x_wconf 91' lang='lat' dir='ltr'>usum</span> <span class='ocrx_word' id='word_1_57' title='bbox 583 1824 710 1896; x_wconf 89' lang='lat' dir='ltr'>harum</span> <span class='ocrx_word' id='word_1_58' title='bbox 729 1820 1017 1896; x_wconf 89' lang='lat' dir='ltr'>observationum</span> <span class='ocrx_word' id='word_1_59' title='bbox 1030 1821 1264 1920; x_wconf 67' lang='lat' dir='ltr'>patefaciam</span> <span class='ocrx_word' id='word_1_60' title='bbox 1288 1833 1433 1920; x_wconf 85' lang='lat' dir='ltr'>tresque</span> <span class='ocrx_word' id='word_1_61' title='bbox 1451 1824 1528 1921; x_wconf 90' lang='lat' dir='ltr'>jam</span> <span class='ocrx_word' id='word_1_62' title='bbox 1541 1821 1658 1894; x_wconf 83' lang='lat' dir='ltr'>nomi-</span> 
     </span>
     <span class='ocr_line' id='line_1_9' title="bbox 294 1943 1659 2045; baseline -0.004 -23"><span class='ocrx_word' id='word_1_63' title='bbox 294 1961 399 2022; x_wconf 88' lang='lat' dir='ltr'>natos</span> <span class='ocrx_word' id='word_1_64' title='bbox 426 1947 537 2021; x_wconf 88' lang='lat' dir='ltr'>libros</span> <span class='ocrx_word' id='word_1_65' title='bbox 565 1947 763 2020; x_wconf 88' lang='lat' dir='ltr'>Ptolemaei</span> <span class='ocrx_word' id='word_1_66' title='bbox 792 1945 890 2019; x_wconf 88' lang='lat' dir='ltr'>novis</span> <span class='ocrx_word' id='word_1_67' title='bbox 924 1946 1118 2044; x_wconf 87' lang='lat' dir='ltr'>ingeniosis</span> <span class='ocrx_word' id='word_1_68' title='bbox 1149 1957 1185 2017; x_wconf 94' lang='lat' dir='ltr'>et</span> <span class='ocrx_word' id='word_1_69' title='bbox 1212 1945 1482 2045; x_wconf 88' lang='lat' dir='ltr'>jucundissimis</span> <span class='ocrx_word' id='word_1_70' title='bbox 1514 1943 1659 2043; x_wconf 91' lang='lat' dir='ltr'>proble-</span> 
     </span>
     <span class='ocr_line' id='line_1_10' title="bbox 293 2068 1658 2170; baseline -0.004 -24"><span class='ocrx_word' id='word_1_71' title='bbox 293 2074 402 2154; x_wconf 82' lang='lat' dir='ltr'>matis</span> <span class='ocrx_word' id='word_1_72' title='bbox 432 2071 671 2146; x_wconf 91' lang='lat' dir='ltr'>secundorum</span> <span class='ocrx_word' id='word_1_73' title='bbox 699 2071 883 2143; x_wconf 90' lang='lat' dir='ltr'>mobilium</span> <span class='ocrx_word' id='word_1_74' title='bbox 912 2070 1050 2168; x_wconf 88' lang='lat' dir='ltr'>passim</span> <span class='ocrx_word' id='word_1_75' title='bbox 1076 2070 1315 2170; x_wconf 80' lang='lat' dir='ltr'>interpolabo;</span> <span class='ocrx_word' id='word_1_76' title='bbox 1343 2068 1548 2168; x_wconf 86' lang='lat' dir='ltr'>doceboque</span> <span class='ocrx_word' id='word_1_77' title='bbox 1574 2069 1658 2141; x_wconf 89' lang='lat' dir='ltr'>bre-</span> 
     </span>
     <span class='ocr_line' id='line_1_11' title="bbox 294 2193 1659 2294; baseline -0.002 -25"><span class='ocrx_word' id='word_1_78' title='bbox 294 2197 371 2270; x_wconf 86' lang='lat' dir='ltr'>vius</span> <span class='ocrx_word' id='word_1_79' title='bbox 409 2208 446 2268; x_wconf 89' lang='lat' dir='ltr'>ct</span> <span class='ocrx_word' id='word_1_80' title='bbox 483 2195 770 2294; x_wconf 88' lang='lat' dir='ltr'>compendiosius</span> <span class='ocrx_word' id='word_1_81' title='bbox 810 2193 1187 2294; x_wconf 86' lang='lat' dir='ltr'>observationibusque</span> <span class='ocrx_word' id='word_1_82' title='bbox 1217 2193 1445 2293; x_wconf 85' lang='lat' dir='ltr'>paucioribus</span> <span class='ocrx_word' id='word_1_83' title='bbox 1485 2206 1521 2266; x_wconf 93' lang='lat' dir='ltr'>et</span> <span class='ocrx_word' id='word_1_84' title='bbox 1557 2193 1659 2266; x_wconf 86' lang='lat' dir='ltr'>facile</span> 
     </span>
     <span class='ocr_line' id='line_1_12' title="bbox 294 2317 1656 2419; baseline -0.003 -26"><span class='ocrx_word' id='word_1_85' title='bbox 294 2317 593 2419; x_wconf 86' lang='lat' dir='ltr'>comparabilibus</span> <span class='ocrx_word' id='word_1_86' title='bbox 623 2319 749 2393; x_wconf 86' lang='lat' dir='ltr'>eadem</span> <span class='ocrx_word' id='word_1_87' title='bbox 778 2317 1008 2418; x_wconf 87' lang='lat' dir='ltr'>investigare,</span> <span class='ocrx_word' id='word_1_88' title='bbox 1040 2343 1130 2416; x_wconf 89' lang='lat' dir='ltr'>quae</span> <span class='ocrx_word' id='word_1_89' title='bbox 1158 2317 1386 2391; x_wconf 85' lang='lat' dir='ltr'>Ptolemaeus</span> <span class='ocrx_word' id='word_1_90' title='bbox 1419 2317 1656 2416; x_wconf 86' lang='lat' dir='ltr'>investigavit.</span> 
     </span>
     <span class='ocr_line' id='line_1_13' title="bbox 294 2431 1660 2542; baseline -0.002 -23"><span class='ocrx_word' id='word_1_91' title='bbox 294 2445 338 2519; x_wconf 95' lang='lat' dir='ltr'>Id</span> <span class='ocrx_word' id='word_1_92' title='bbox 361 2456 461 2518; x_wconf 92' lang='lat' dir='ltr'>tanto</span> <span class='ocrx_word' id='word_1_93' title='bbox 485 2444 601 2542; x_wconf 89' lang='lat' dir='ltr'>magis</span> <span class='ocrx_word' id='word_1_94' title='bbox 623 2443 761 2518; x_wconf 88' lang='lat' dir='ltr'>videtur</span> <span class='ocrx_word' id='word_1_95' title='bbox 784 2431 1038 2526; x_wconf 89' lang='lat' dir='ltr'>necessarium,</span> <span class='ocrx_word' id='word_1_96' title='bbox 1064 2445 1159 2540; x_wconf 93' lang='lat' dir='ltr'>quod</span> <span class='ocrx_word' id='word_1_97' title='bbox 1173 2442 1355 2542; x_wconf 85' lang='lat' dir='ltr'>Tychonis</span> <span class='ocrx_word' id='word_1_98' title='bbox 1370 2441 1489 2516; x_wconf 88' lang='lat' dir='ltr'>Brahe</span> <span class='ocrx_word' id='word_1_99' title='bbox 1502 2439 1660 2516; x_wconf 86' lang='lat' dir='ltr'>Lunaria</span> 
     </span>
     <span class='ocr_line' id='line_1_14' title="bbox 296 2565 1658 2666; baseline -0.005 -22"><span class='ocrx_word' id='word_1_100' title='bbox 296 2570 372 2644; x_wconf 87' lang='lat' dir='ltr'>sine</span> <span class='ocrx_word' id='word_1_101' title='bbox 397 2568 744 2641; x_wconf 85' lang='lat' dir='ltr'>demonstrationum</span> <span class='ocrx_word' id='word_1_102' title='bbox 768 2579 941 2666; x_wconf 86' lang='lat' dir='ltr'>apparatu</span> <span class='ocrx_word' id='word_1_103' title='bbox 956 2567 1176 2666; x_wconf 89' lang='lat' dir='ltr'>prodierunt,</span> <span class='ocrx_word' id='word_1_104' title='bbox 1201 2567 1282 2639; x_wconf 87' lang='lat' dir='ltr'>libri</span> <span class='ocrx_word' id='word_1_105' title='bbox 1295 2565 1658 2666; x_wconf 87' lang='lat' dir='ltr'>Progymnasmatum</span> 
     </span>
     <span class='ocr_line' id='line_1_15' title="bbox 293 2690 1659 2791; baseline -0.003 -25"><span class='ocrx_word' id='word_1_106' title='bbox 293 2693 419 2775; x_wconf 88' lang='lat' dir='ltr'>forma,</span> <span class='ocrx_word' id='word_1_107' title='bbox 444 2703 484 2767; x_wconf 90' lang='lat' dir='ltr'>ut</span> <span class='ocrx_word' id='word_1_108' title='bbox 508 2693 544 2764; x_wconf 91' lang='lat' dir='ltr'>iu</span> <span class='ocrx_word' id='word_1_109' title='bbox 568 2692 643 2791; x_wconf 84' lang='lat' dir='ltr'>ejus</span> <span class='ocrx_word' id='word_1_110' title='bbox 668 2691 867 2790; x_wconf 87' lang='lat' dir='ltr'>appendice</span> <span class='ocrx_word' id='word_1_111' title='bbox 890 2691 1081 2775; x_wconf 91' lang='lat' dir='ltr'>monitum,</span> <span class='ocrx_word' id='word_1_112' title='bbox 1114 2717 1190 2763; x_wconf 91' lang='lat' dir='ltr'>rem</span> <span class='ocrx_word' id='word_1_113' title='bbox 1221 2715 1363 2764; x_wconf 89' lang='lat' dir='ltr'>omnem</span> <span class='ocrx_word' id='word_1_114' title='bbox 1390 2690 1536 2764; x_wconf 87' lang='lat' dir='ltr'>nonnisi</span> <span class='ocrx_word' id='word_1_115' title='bbox 1564 2691 1659 2764; x_wconf 86' lang='lat' dir='ltr'>intra</span> 
     </span>
     <span class='ocr_line' id='line_1_16' title="bbox 294 2813 1655 2916; baseline 0 -28"><span class='ocrx_word' id='word_1_116' title='bbox 294 2841 427 2916; x_wconf 90' lang='lat' dir='ltr'>paucas</span> <span class='ocrx_word' id='word_1_117' title='bbox 451 2817 598 2915; x_wconf 85' lang='lat' dir='ltr'>paginas</span> <span class='ocrx_word' id='word_1_118' title='bbox 623 2816 847 2888; x_wconf 86' lang='lat' dir='ltr'>admittente.</span> <span class='ocrx_word' id='word_1_119' title='bbox 893 2815 943 2888; x_wconf 89' lang='lat' dir='ltr'>Et</span> <span class='ocrx_word' id='word_1_120' title='bbox 958 2815 1040 2914; x_wconf 90' lang='lat' dir='ltr'>quia</span> <span class='ocrx_word' id='word_1_121' title='bbox 1062 2815 1272 2914; x_wconf 88' lang='lat' dir='ltr'>potissimus</span> <span class='ocrx_word' id='word_1_122' title='bbox 1296 2813 1407 2888; x_wconf 91' lang='lat' dir='ltr'>libelli</span> <span class='ocrx_word' id='word_1_123' title='bbox 1429 2841 1559 2913; x_wconf 90' lang='lat' dir='ltr'>scopus</span> <span class='ocrx_word' id='word_1_124' title='bbox 1579 2816 1655 2900; x_wconf 89' lang='lat' dir='ltr'>erit,</span> 
     </span>
     <span class='ocr_line' id='line_1_17' title="bbox 294 2937 1655 3039; baseline -0.001 -26"><span class='ocrx_word' id='word_1_125' title='bbox 294 2941 507 3039; x_wconf 87' lang='lat' dir='ltr'>investigare</span> <span class='ocrx_word' id='word_1_126' title='bbox 530 2940 796 3038; x_wconf 82' lang='lat' dir='ltr'>magnitudines</span> <span class='ocrx_word' id='word_1_127' title='bbox 813 2953 850 3011; x_wconf 91' lang='lat' dir='ltr'>et</span> <span class='ocrx_word' id='word_1_128' title='bbox 868 2940 1051 3014; x_wconf 86' lang='lat' dir='ltr'>intervalla</span> <span class='ocrx_word' id='word_1_129' title='bbox 1069 2939 1177 3012; x_wconf 88' lang='lat' dir='ltr'>trium</span> <span class='ocrx_word' id='word_1_130' title='bbox 1200 2965 1398 3038; x_wconf 86' lang='lat' dir='ltr'>corporum,</span> <span class='ocrx_word' id='word_1_131' title='bbox 1414 2937 1518 3023; x_wconf 83' lang='lat' dir='ltr'>Solis,</span> <span class='ocrx_word' id='word_1_132' title='bbox 1533 2940 1655 3014; x_wconf 88' lang='lat' dir='ltr'>Lunae</span> 
     </span>
     <span class='ocr_line' id='line_1_18' title="bbox 295 3044 1651 3162; baseline -0.003 -25"><span class='ocrx_word' id='word_1_133' title='bbox 295 3076 332 3137; x_wconf 91' lang='lat' dir='ltr'>et</span> <span class='ocrx_word' id='word_1_134' title='bbox 345 3064 488 3147; x_wconf 85' lang='lat' dir='ltr'>Terrae,</span> <span class='ocrx_word' id='word_1_135' title='bbox 515 3065 665 3136; x_wconf 91' lang='lat' dir='ltr'>eandem</span> <span class='ocrx_word' id='word_1_136' title='bbox 687 3090 768 3137; x_wconf 89' lang='lat' dir='ltr'>vero</span> <span class='ocrx_word' id='word_1_137' title='bbox 790 3065 977 3137; x_wconf 91' lang='lat' dir='ltr'>materiam</span> <span class='ocrx_word' id='word_1_138' title='bbox 991 3061 1233 3161; x_wconf 87' lang='lat' dir='ltr'>Hipparchus,</span> <span class='ocrx_word' id='word_1_139' title='bbox 1252 3075 1299 3144; x_wconf 65' lang='lat' dir='ltr'>,ut</span> <span class='ocrx_word' id='word_1_140' title='bbox 1320 3088 1362 3134; x_wconf 88' lang='lat' dir='ltr'>ex</span> <span class='ocrx_word' id='word_1_141' title='bbox 1377 3061 1519 3137; x_wconf 89' lang='lat' dir='ltr'>Theonc</span> <span class='ocrx_word' id='word_1_142' title='bbox 1542 3044 1651 3162; x_wconf 87' lang='lat' dir='ltr'>patet,</span> 
     </span>
     <span class='ocr_line' id='line_1_19' title="bbox 295 3186 1654 3288; baseline -0.001 -28"><span class='ocrx_word' id='word_1_143' title='bbox 295 3187 464 3288; x_wconf 90' lang='lat' dir='ltr'>peculiari</span> <span class='ocrx_word' id='word_1_144' title='bbox 487 3187 616 3271; x_wconf 90' lang='lat' dir='ltr'>libello,</span> <span class='ocrx_word' id='word_1_145' title='bbox 641 3189 698 3260; x_wconf 87' lang='lat' dir='ltr'>cui</span> <span class='ocrx_word' id='word_1_146' title='bbox 720 3186 778 3260; x_wconf 92' lang='lat' dir='ltr'>hic</span> <span class='ocrx_word' id='word_1_147' title='bbox 801 3187 879 3287; x_wconf 91' lang='lat' dir='ltr'>ipse</span> <span class='ocrx_word' id='word_1_148' title='bbox 902 3188 1040 3272; x_wconf 89' lang='lat' dir='ltr'>titulus,</span> <span class='ocrx_word' id='word_1_149' title='bbox 1065 3201 1121 3261; x_wconf 90' lang='lat' dir='ltr'>est</span> <span class='ocrx_word' id='word_1_150' title='bbox 1147 3199 1382 3286; x_wconf 87' lang='lat' dir='ltr'>persecutus:</span> <span class='ocrx_word' id='word_1_151' title='bbox 1425 3187 1519 3284; x_wconf 88' lang='lat' dir='ltr'>quod</span> <span class='ocrx_word' id='word_1_152' title='bbox 1546 3187 1654 3284; x_wconf 87' lang='lat' dir='ltr'>igitur</span> 
     </span>
     <span class='ocr_line' id='line_1_20' title="bbox 294 3309 1653 3411; baseline -0.004 -26"><span class='ocrx_word' id='word_1_153' title='bbox 294 3311 380 3385; x_wconf 88' lang='lat' dir='ltr'>felix</span> <span class='ocrx_word' id='word_1_154' title='bbox 419 3311 648 3408; x_wconf 85' lang='lat' dir='ltr'>faustumque</span> <span class='ocrx_word' id='word_1_155' title='bbox 683 3311 747 3394; x_wconf 88' lang='lat' dir='ltr'>sit,</span> <span class='ocrx_word' id='word_1_156' title='bbox 794 3312 911 3386; x_wconf 89' lang='lat' dir='ltr'>libello</span> <span class='ocrx_word' id='word_1_157' title='bbox 947 3337 1076 3386; x_wconf 88' lang='lat' dir='ltr'>nomen</span> <span class='ocrx_word' id='word_1_158' title='bbox 1107 3310 1375 3411; x_wconf 86' lang='lat' dir='ltr'>Hipparchus</span> <span class='ocrx_word' id='word_1_159' title='bbox 1409 3325 1498 3384; x_wconf 87' lang='lat' dir='ltr'>esto.</span> <span class='ocrx_word' id='word_1_160' title='bbox 1565 3309 1653 3381; x_wconf 85' lang='lat' dir='ltr'>Vale</span> 
     </span>
     <span class='ocr_line' id='line_1_21' title="bbox 220 3433 1657 3536; baseline -0.001 -28"><span class='ocrx_word' id='word_1_161' title='bbox 220 3437 230 3449; x_wconf 73' lang='grc'><em>”</em></span> <span class='ocrx_word' id='word_1_162' title='bbox 294 3435 406 3508; x_wconf 90' lang='lat' dir='ltr'>lector</span> <span class='ocrx_word' id='word_1_163' title='bbox 429 3446 466 3508; x_wconf 90' lang='lat' dir='ltr'>et</span> <span class='ocrx_word' id='word_1_164' title='bbox 488 3447 634 3508; x_wconf 89' lang='lat' dir='ltr'>conatus</span> <span class='ocrx_word' id='word_1_165' title='bbox 658 3459 756 3506; x_wconf 89' lang='lat' dir='ltr'>meos</span> <span class='ocrx_word' id='word_1_166' title='bbox 781 3434 871 3509; x_wconf 89' lang='lat' dir='ltr'>votis</span> <span class='ocrx_word' id='word_1_167' title='bbox 897 3461 1120 3536; x_wconf 89' lang='lat' dir='ltr'>persequere,</span> <span class='ocrx_word' id='word_1_168' title='bbox 1144 3461 1291 3518; x_wconf 90' lang='lat' dir='ltr'>memor,</span> <span class='ocrx_word' id='word_1_169' title='bbox 1316 3433 1412 3532; x_wconf 91' lang='lat' dir='ltr'>quod</span> <span class='ocrx_word' id='word_1_170' title='bbox 1655 3435 1657 3444; x_wconf 79' lang='grc'>’</span> 
     </span>
     <span class='ocr_line' id='line_1_22' title="bbox 561 3557 1400 3662; baseline 0.002 -31"><span class='ocrx_word' id='word_1_171' title='bbox 561 3557 760 3632; x_wconf 91' lang='lat' dir='ltr'>Dimidium</span> <span class='ocrx_word' id='word_1_172' title='bbox 782 3560 877 3646; x_wconf 84' lang='lat' dir='ltr'>facti,</span> <span class='ocrx_word' id='word_1_173' title='bbox 902 3563 964 3660; x_wconf 94' lang='lat' dir='ltr'>qui</span> <span class='ocrx_word' id='word_1_174' title='bbox 986 3563 1078 3637; x_wconf 87' lang='lat' dir='ltr'>bene</span> <span class='ocrx_word' id='word_1_175' title='bbox 1092 3561 1230 3662; x_wconf 89' lang='lat' dir='ltr'>coepit,</span> <span class='ocrx_word' id='word_1_176' title='bbox 1255 3560 1375 3634; x_wconf 88' lang='lat' dir='ltr'>habet.</span> <span class='ocrx_word' id='word_1_177' title='bbox 1399 3605 1400 3610; x_wconf 65' lang='lat'>,</span> 
     </span>
    </p>
   </div>
   <div class='ocr_carea' id='block_1_3' title="bbox 0 0 1870 5528">
    <p class='ocr_par' dir='ltr' id='par_1_4' title="bbox 0 0 1870 5528">
     <span class='ocr_line' id='line_1_23' title="bbox 0 0 1870 5528; baseline 0 2"><span class='ocrx_word' id='word_1_178' title='bbox 0 0 1870 5528; x_wconf 95' lang='lat' dir='ltr'> </span> 
     </span>
    </p>
   </div>
  </div>
 </body>
</html>
