3674 5538
310 287 374 354 150
778 291 968 356 Paralipomena
985 291 1010 340 in
1029 289 1196 341 Vitellicnom.

306 468 381 524 dium
401 467 513 530 attinet,
535 483 637 538 quaero
658 482 765 522 rursum
786 470 858 540 quod
878 477 980 524 antea:
1002 468 1032 524 Si
1052 468 1168 522 medium
1188 473 1233 522 est
1253 470 1289 522 ad
1308 469 1507 523 informandum
1528 467 1660 534 auditum,

308 565 357 602 cur
378 564 446 617 puro
468 553 534 602 aere
555 548 640 602 latius
661 565 744 602 sonus
766 549 918 619 spargitur,
940 550 1068 618 numquid
1088 550 1154 619 quia
1174 547 1292 602 materia
1312 564 1408 603 sonum
1427 548 1560 619 impedit?
1582 565 1661 603 omne

308 645 373 682 vero
400 627 534 692 medium,
561 644 614 698 quo
634 628 723 698 magis
751 628 868 682 madium
889 629 941 682 dici
962 633 1096 693 meretur,
1124 629 1177 683 hcc
1196 630 1285 699 magia
1313 628 1490 683 materiatum
1510 631 1575 682 esti
1607 629 1662 682 Cur

308 709 375 762 item
396 708 418 762 si
438 708 554 762 medium
576 709 676 762 format
696 707 828 772 auditum,
849 709 952 762 rectius
966 727 982 762 e
997 709 1149 779 propinquo
1169 709 1311 762 haurimus
1332 724 1413 763 sonos
1435 725 1517 778 qnam
1537 708 1661 763 eminus?

309 787 432 842 decuisse
460 803 576 857 namque
606 794 674 856 puto
695 795 727 842 ut
748 803 833 844 causa
862 795 947 843 aucta
976 793 1128 859 augeretur
1157 789 1281 842 effeetus.
1323 789 1355 842 ln
1380 788 1537 842 uuiversum
1566 787 1662 859 itaque

308 867 449 924 sessiones
471 884 564 921 omnes
584 867 653 921 liunt
673 883 734 922 cum
754 868 863 936 patitur
882 868 1100 922 instrumentum.
1134 869 1171 922 Ut
1190 884 1255 922 vero
1277 885 1295 922 a
1315 869 1398 922 rebus
1419 867 1580 922 absentibus
1601 867 1663 937 pati

307 953 430 1019 possent,
453 948 603 1002 effluxuum
624 947 696 1001 ratio
724 947 882 1002 introducta
906 954 961 1012 est,
985 955 1017 1001 ut
1037 949 1109 1018 quod
1131 949 1252 1001 erebus
1280 947 1346 1017 ipsis
1368 965 1422 1002 non
1448 947 1541 1018 potuit
1561 963 1580 1001 a
1599 963 1663 1016 spe·

308 1028 402 1082 clebus
431 1033 634 1096 praestaretur.
676 1026 769 1080 Media
789 1044 854 1080 vero
876 1028 938 1081 sola
965 1033 1083 1082 naturae
1113 1027 1281 1081 necessitate
1308 1035 1374 1080 sunt
1398 1029 1433 1081 ad
1462 1028 1664 1082 excludendum

309 1125 434 1163 vacuum.
477 1108 554 1170 Quae
576 1123 637 1160 cum
657 1105 805 1162 effluxibus
827 1115 920 1164 essent
945 1107 1138 1176 impedimento
1162 1108 1275 1170 futura,
1303 1109 1442 1176 depurata
1461 1113 1491 1160 et
1515 1107 1665 1160 distributa

310 1193 391 1244 sunt:
414 1187 554 1258 pellaciae
573 1185 680 1240 scilicet
700 1193 765 1242 sunt
785 1187 869 1250 faeta,
892 1187 944 1242 hoc
964 1195 1009 1240 est
1029 1193 1186 1256 attenuata,
1209 1188 1372 1241 continuata
1391 1194 1421 1240 et
1441 1186 1609 1250 decolorata,
1633 1192 1666 1238 ut

308 1269 360 1323 lux
380 1273 477 1336 posset
497 1283 658 1330 commeare,
680 1273 710 1320 et
731 1267 875 1322 odorantia
889 1267 1071 1338 sonantiaque
1087 1267 1116 1319 in
1134 1271 1199 1320 a'ere
1219 1267 1379 1330 constituta,
1394 1273 1426 1320 ut
1440 1273 1470 1319 et
1482 1267 1537 1320 hae
1557 1265 1664 1335 species

310 1365 322 1402 s
343 1364 376 1403 ar
397 1348 406 1402 i
426 1353 549 1416 possent.

324 1365 341 1418 p
376 1365 550 1497 gSequentes
572 1433 693 1497 quatuor
710 1423 867 1480 sententiae
886 1425 1129 1480 contradictionem
1147 1426 1261 1489 habent,
1281 1439 1361 1494 quarn
1375 1424 1561 1479 Aristotelicis
1581 1426 1665 1479 relin-

311 1523 364 1578 quo
386 1507 601 1584 discutiendam:
623 1505 651 1560 in
675 1503 719 1560 18.
741 1505 848 1575 quidem
868 1505 938 1558 nihil
957 1504 1096 1568 desidero,
1123 1521 1262 1559 commune
1283 1504 1425 1574 quippiam
1444 1505 1550 1558 babere
1571 1506 1665 1576 ignem

310 1593 340 1642 et
360 1586 450 1642 lucem
471 1587 630 1642 coelestem.
663 1585 701 1638 Et
722 1585 863 1640 senentis
885 1585 929 1640 19.
951 1586 988 1638 ab
1008 1585 1185 1654 experientia
1203 1591 1248 1638 est
1267 1587 1403 1638 desnmta.
1445 1584 1557 1648 Sidera,
1580 1583 1662 1656 ignis,

310 1667 391 1738 ligna
410 1665 506 1735 putria
526 1673 556 1720 et
575 1664 731 1734 hujusmodi
752 1665 785 1718 de
810 1671 891 1718 nocte
918 1670 1074 1719 cernuntur.
1117 1665 1248 1735 Quodque
1268 1663 1435 1717 Aristoteles
1456 1665 1597 1719 sententia
1617 1664 1665 1718 20.

310 1745 369 1817 igni
390 1745 488 1801 tribuit
508 1763 558 1800 suc
579 1747 666 1808 modo,
688 1742 779 1798 tribuo
801 1751 831 1798 et
851 1760 906 1814 ego
927 1761 994 1800 meo.
1035 1743 1091 1815 Ipsi
1112 1749 1143 1797 et
1162 1743 1235 1814 ignis
1256 1743 1388 1797 informat
1408 1743 1533 1808 medium,
1554 1745 1588 1797 de
1609 1759 1663 1813 qao

310 1841 409 1894 supra,
440 1825 506 1880 mihi
531 1831 562 1878 et
587 1825 660 1895 ignis
690 1823 816 1878 illustrat
845 1825 959 1878 colores.
1001 1829 1042 1878 At
1067 1823 1136 1878 facit
1162 1823 1215 1878 boo
1242 1823 1303 1876 ideo
1328 1822 1489 1886 Aristoteli,
1521 1824 1587 1893 quia
1605 1843 1666 1896 φως

309 1907 433 1980 sparsa«,
453 1911 482 1960 et
500 1925 562 1978 por
582 1910 626 1958 est
646 1902 763 1973 energia
782 1903 930 1973 perspicui.
974 1905 1075 1957 Verum
1102 1901 1254 1968 (sententia
1273 1899 1383 1967 ultima)
1405 1919 1460 1956 non
1486 1902 1594 1957 faciunt
1613 1904 1667 1957 hcc

310 1984 391 2056 ligna
404 1985 505 2054 putria,
527 1983 648 2040 haedina
661 1982 755 2045 salita,
777 1999 848 2052 quae
862 1989 970 2038 tantum
985 1986 1137 2054 (λαμπιισι)
1157 1983 1312 2052 splendent.
1340 1982 1418 2052 Ergo
1431 1983 1503 2036 hace
1516 1990 1667 2036 cernuntur

311 2069 378 2120 abre
398 2081 453 2118 non
474 2071 539 2118 actu
560 2061 721 2132 perspicuo:
750 2063 801 2116 lux
821 2063 894 2118 enim
913 2070 959 2116 est
985 2070 1064 2118 actus
1090 2061 1228 2132 perspicui
1248 2061 1369 2114 ethaeo
1390 2061 1480 2115 abest
1522 2062 1575 2116 Hic
1596 2079 1665 2134 ergo

310 2143 379 2198 nihil
399 2144 494 2198 oculus
516 2159 535 2198 a
553 2143 641 2197 medio
662 2141 778 2211 patitur.
812 2145 853 2196 At
872 2159 923 2196 nec
944 2159 962 2196 a
981 2159 1011 2196 re
1033 2141 1096 2211 ipsa
1116 2159 1187 2212 quae
1208 2141 1303 2196 distat.
1345 2141 1399 2195 Sed
1419 2159 1472 2194 nee
1491 2142 1529 2195 ab
1549 2142 1665 2204 effluxu,

311 2239 391 2294 quem
420 2229 510 2292 negat
533 2221 711 2276 Aristoteles.
751 2222 798 2276 Fit
823 2221 911 2291 igitur
934 2222 1003 2276 risio
1033 2220 1102 2276 nihil
1131 2221 1256 2290 patiente
1282 2221 1371 2273 oculo.
1413 2221 1512 2275 Potest
1538 2221 1610 2275 idem
1638 2227 1668 2274 et

313 2302 469 2358 senmntiae
494 2303 538 2358 14.
561 2300 652 2368 objici.
688 2301 718 2355 Si
739 2301 847 2356 omnino
863 2301 922 2356 sine
937 2307 1055 2356 externo
1075 2301 1162 2356 medio
1183 2301 1253 2355 visio
1272 2317 1326 2354 non
1348 2301 1495 2369 perficitur,
1518 2299 1563 2370 (psi
1583 2301 1616 2355 lit
1636 2306 1668 2354 nt

311 2382 372 2453 quis
393 2398 503 2435 suorum
529 2381 668 2436 oculorum
698 2388 860 2434 nocturnam
885 2381 1110 2436 scintillationam
1136 2380 1242 2443 videat,
1274 2395 1345 2450 quae
1372 2379 1447 2434 intra
1472 2381 1580 2434 oculum
1601 2385 1666 2434 est?

312 2461 342 2518 si
363 2461 438 2516 dicos
460 2461 600 2516 humorem
622 2460 693 2516 oculi
714 2477 776 2514 esse
797 2470 847 2530 p'ro
868 2460 970 2524 medio,
991 2476 1092 2530 regern
1113 2478 1179 2532 ego,
1208 2475 1290 2530 posse
1312 2458 1397 2512 etiam
1422 2477 1484 2513 esse
1504 2460 1565 2512 loco
1587 2458 1666 2524 medii

312 2542 347 2596 ad
368 2557 426 2596 rem
447 2547 594 2596 externam
613 2540 772 2603 videndam,
801 2557 863 2594 oum
882 2540 932 2594 illa
960 2539 1097 2611 contingit
1122 2540 1238 2594 oculum.
1280 2539 1358 2593 Haec
1383 2545 1476 2594 autem
1503 2556 1557 2609 quo
1578 2537 1667 2593 minus

312 2620 447 2684 videatur,
469 2637 583 2675 oausam
605 2622 687 2674 affert
706 2619 873 2674 Aristoteles
894 2620 1032 2676 defectum
1051 2619 1132 2674 medii
1153 2619 1272 2674 externi.

400 2717 474 2772 Satis
499 2717 562 2772 hine
591 2724 683 2788 patet,
716 2717 839 2770 omnibus
869 2735 940 2787 pene
970 2717 1114 2772 sententiis
1145 2715 1276 2770 dissidere
1306 2714 1411 2783 opticus
1438 2716 1474 2768 ab
1502 2714 1665 2768 Aristotele.

313 2799 430 2867 Oportet
451 2815 519 2869 ergo
540 2798 567 2850 in
588 2797 673 2866 ipsius
695 2797 982 2867 argumentationibus
1002 2797 1098 2851 vitium
1119 2796 1218 2861 inesse,
1240 2793 1386 2866 quaejam
1407 2795 1575 2862 ponderabo.

402 2885 494 2941 Series
516 2887 586 2940 haec
607 2892 660 2940 est.
677 2887 698 2941 1.
735 2887 766 2940 lu
782 2887 852 2940 omni
867 2903 948 2940 sensu
963 2907 995 2941 sc
1016 2891 1198 2956 oloaqrqprcs
1217 2887 1254 2938 ab
1276 2885 1368 2954 aliquo
1389 2887 1512 2955 alctqsqr
1531 2889 1665 2940 moretur.

311 2967 365 3020 Est
385 2965 457 3019 enim
478 2982 575 3019 sensns
595 2965 699 3036 passio,
721 2983 775 3020 non
790 2966 897 3036 quidem
918 2983 988 3036 quae
1004 2969 1038 3018 ad
1054 2975 1173 3042 φθοραν
1190 2967 1237 3019 sed
1258 2981 1329 3036 quae
1345 2965 1503 3034 apotentia
1517 2964 1545 3017 in
1564 2971 1665 3028 aetum,

312 3044 407 3098 similis
430 3043 587 3110 ἀλλοιώσει,
609 3064 663 3100 ιιοιι
684 3053 776 3100 tamen
797 3043 954 3108 ἆλλοιωσις.
995 3047 1064 3115 Gap.
1088 3045 1115 3099 5.

398 3123 481 3178 Visus
501 3133 546 3178 est
566 3141 671 3180 sensus.
699 3127 776 3198 Ergo
791 3133 821 3180 et
835 3127 862 3179 in
875 3125 964 3180 visum
984 3133 1110 3179 moretur
1123 3145 1155 3180 ro
1181 3129 1360 3199 olctqsqpscv
1374 3123 1411 3177 ab
1426 3122 1519 3194 aliquo
1534 3127 1666 3193 clotqsqs.

389 3205 424 3257 11.
453 3205 534 3257 Color
555 3204 577 3257 si
599 3207 678 3259 oculo
699 3207 880 3260 admoveatur
899 3223 953 3260 non
973 3205 1091 3260 ridetur.
1125 3206 1202 3275 Ergo
1223 3204 1339 3258 medium
1359 3203 1508 3272 requiritur
1528 3211 1561 3258 ut
1581 3203 1665 3257 inter-

310 3281 406 3336 veniat
426 3282 454 3336 in
474 3283 588 3338 risione.
630 3285 659 3337 ld
680 3287 827 3339 roboratur
848 3286 981 3356 analogia
1002 3291 1155 3339 ceterorum
1175 3299 1312 3338 sensuum.

397 3363 444 3416 Ill.
473 3363 563 3433 Igitur
585 3369 635 3417 aut
660 3365 735 3418 ocior
755 3371 800 3418 est
819 3371 870 3418 aut
894 3365 1028 3429 medium,
1058 3367 1129 3434 quod
1153 3364 1241 3417 visum
1267 3369 1366 3418 movet.
1409 3363 1471 3418 Non
1498 3379 1564 3416 vero
1590 3365 1666 3418 color
1767 3359 1776 3375 ⁸

309 3437 451 3511 (intelligo
473 3441 537 3511 quia
561 3442 708 3512 interjecto
734 3445 896 3498 medionon
918 3444 1012 3516 tangit
1031 3443 1063 3500 sd
1082 3441 1273 3512 ἆισθητηριον,
1293 3443 1386 3496 nullus
1407 3459 1471 3496 vero
1494 3450 1583 3497 motus
1605 3443 1664 3497 sine

308 3515 463 3590 contactu).
505 3521 680 3591 Relinquitur
701 3539 769 3594 ergo
789 3523 914 3586 medium,
937 3526 1007 3596 quod
1028 3531 1140 3579 moveat
1158 3521 1189 3580 τὸ
1208 3521 1397 3597 arcanaque.

397 3601 443 3654 lv,
475 3601 552 3663 Quod
572 3610 665 3656 movet
685 3621 740 3656 non
759 3620 871 3673 perse,
894 3605 921 3657 id
941 3610 1033 3659 movet
1054 3603 1120 3674 quia
1140 3603 1216 3673 priua
1237 3605 1274 3657 ab
1295 3603 1349 3656 alic
1370 3607 1503 3659 movetur.
1544 3602 1665 3658 Medium

307 3686 401 3733 movet
420 3679 509 3734 visum
528 3697 713 3751 nauperes,
736 3683 801 3752 quia
821 3684 912 3738 ociore
933 3691 1018 3738 vacat
1037 3684 1135 3753 ipsum.
1178 3685 1273 3737 Movet
1295 3683 1382 3754 igitur
1407 3687 1508 3736 motum
1530 3681 1607 3750 prins
1628 3685 1664 3737 ab

307 3759 377 3824 alio,
408 3759 515 3816 scilieet
543 3761 695 3816 coloratum
716 3779 733 3816 a
753 3764 860 3827 colore,
891 3763 949 3818 sire
978 3765 1050 3835 quod
1078 3765 1149 3818 idem
1172 3770 1216 3818 est
1243 3762 1318 3816 color
1348 3759 1468 3828 (risibile
1497 3758 1664 3827 confessum)

310 3845 403 3893 movet
422 3839 548 3894 medium.

395 3920 429 3971 V.
460 3920 542 3974 Color
561 3927 654 3974 moret
682 3921 798 3976 medium
819 3925 854 3976 ad
878 3922 979 3986 risum,
1010 3925 1081 3993 quod
1110 3921 1277 3992 pellucidum
1302 3920 1432 3975 dicimus:
1463 3926 1495 3974 at
1515 3920 1592 3974 color
1611 3937 1666 3976 ιιοιι

306 4004 399 4052 movet
418 3999 536 4054 medium
556 4003 748 4072 quodcunque,
772 4003 795 4056 si
815 4003 843 4056 in
864 4003 986 4058 tenebris
1008 4002 1116 4056 existat
1136 3998 1294 4072 (intelligo,
1317 4000 1382 4070 quia
1402 4001 1430 4054 in
1450 3999 1574 4054 tenebris
1595 3999 1665 4054 sisio

307 4079 388 4132 nulla
408 4075 553 4149 sequitur).
596 4082 674 4151 Ergo
694 4082 811 4136 medium
832 4084 1008 4137 tenebrosum
1028 4087 1142 4136 nonest
1161 4081 1345 4151 pellucidum:
1367 4098 1417 4134 seu
1434 4081 1504 4150 quod
1526 4080 1597 4134 idem
1611 4087 1665 4144 est,

307 4162 357 4210 adr
378 4165 408 4212 et
427 4158 584 4227 hujusmodi
604 4159 632 4214 in
653 4160 776 4214 tenebris
797 4165 916 4216 nondum
937 4168 981 4216 est
1001 4162 1164 4231 pellucidus.

395 4238 443 4292 VI.
472 4237 557 4307 cujus
573 4240 706 4293 tenebrae
721 4248 785 4294 sunt
798 4242 926 4311 privatio,
949 4241 1010 4311 ejus
1025 4243 1075 4296 lux
1089 4247 1134 4294 est
1150 4240 1272 4305 babitus,
1290 4239 1356 4310 quia
1369 4240 1439 4293 haee
1453 4239 1664 4296 dossstvmsc.

304 4315 359 4370 Sed
381 4317 514 4370 tenebrae
535 4323 600 4372 aunt
620 4319 740 4387 privatio
762 4321 900 4389 pellucidi‚
921 4328 954 4376 ut
974 4322 1052 4376 modo
1073 4321 1239 4384 conclusum,
1262 4335 1331 4390 ergo
1351 4321 1402 4375 lux
1416 4327 1461 4374 est
1480 4319 1593 4374 habitus
1616 4335 1665 4372 seu

305 4387 545 4464 actussspellucidi.
567 4425 607 4438 ·-
628 4399 781 4468 Responsio
803 4402 837 4454 ad
858 4402 930 4456 haec
950 4407 1125 4472 argumenta.

393 4491 512 4548 Primum
542 4497 676 4564 approbo.
719 4495 812 4552 Solum
833 4499 886 4552 hoo
913 4499 1003 4552 obiter
1028 4499 1098 4550 addo
1119 4513 1173 4551 non
1204 4497 1305 4550 debore
1333 4503 1391 4550 tam
1421 4494 1540 4549 sollicite
1565 4510 1665 4549 carere

304 4569 492 4635 Aristotelem,
514 4591 548 4627 ne
568 4574 638 4629 visio
660 4575 773 4630 affectet
793 4577 915 4647 aliquam
937 4585 1071 4651 φθορανι
1098 4573 1250 4648 quasi'hoc
1270 4575 1411 4648 indignum
1432 4575 1471 4630 sit
1492 4576 1526 4627 de
1547 4591 1580 4628 eo
1602 4591 1665 4629 sen·

304 4646 367 4711 tire,
389 4653 459 4719 quod
480 4655 639 4708 detumeat
659 4655 846 4710 animantibus
868 4660 903 4710 ad
924 4658 1054 4711 salutem.
1097 4655 1212 4710 Omnino
1238 4672 1372 4727 namque,
1404 4656 1475 4726 quod
1495 4655 1548 4708 boc
1569 4655 1664 4724 capite

305 4733 445 4784 ostensum
465 4737 522 4794 est,
548 4734 599 4788 lux
620 4733 756 4804 capitales
781 4735 936 4791 inimicitias
965 4740 1080 4790 exercet
1100 4753 1159 4790 cum
1182 4735 1253 4790 omui
1274 4734 1408 4800 materia,
1429 4735 1580 4805 praecipue
1603 4750 1663 4788 cnm

304 4806 447 4878 nigrorum
465 4809 586 4876 famffia,
612 4829 684 4882 quae
705 4821 770 4870 suut
791 4817 870 4886 quasi
897 4814 1062 4872 materiatae
1089 4816 1232 4870 tenebrae.
1275 4817 1378 4870 Oculus
1408 4831 1473 4870 vero
1494 4819 1524 4868 et
1543 4813 1665 4870 materia
