3718 5528
739 277 821 344 cupa
839 277 883 330 vr.
903 277 945 328 ro.
1456 283 1523 352 239

164 453 214 524 sit,
239 451 321 512 inl'ra
335 451 415 512 clara
439 453 625 527 ostendetur,
650 453 738 532 idque
752 461 823 516 tuuc
847 454 976 516 manime
1002 456 1196 530 convelletur,
1220 458 1271 520 ubi
1289 477 1399 522 caueae
1414 461 1522 539 ganui-

165 555 222 600 nae
247 539 433 619 aperientur,
464 539 570 619 quibus
593 542 761 620 perspectis
786 561 872 606 neruo
895 562 970 623 opus
1004 563 1071 606 esse
1104 545 1237 624 putabit,
1270 547 1389 610 aliunde
1413 567 1523 612 causas

168 627 244 690 alias
267 628 465 690 emendicare.

257 731 334 795 Sunt
357 734 406 812 qni
423 732 609 810 existiment,
630 733 772 796 circulum
796 734 879 797 illum
903 742 1000 798 totum
1014 737 1205 816 conspicuum
1227 738 1258 799 in
1273 739 1360 802 Luna
1379 751 1523 804 nascente

168 841 234 884 esse
257 822 330 883 nibil
354 822 446 898 aliud,
471 841 559 902 quam
583 823 725 886 circulum
740 823 978 898 illuminationis,
1004 826 1053 904 qui
1076 827 1143 888 ideo
1168 833 1251 888 totus
1270 837 1418 903 cernatur,
1444 833 1523 910 quod

166 909 269 972 Lunae
293 909 441 972 diameter
464 929 614 992 apparens
638 919 724 972 tauto
747 913 789 973 sit
812 911 909 972 minor
933 913 1079 976 diametro
1099 913 1191 976 Solis.
1223 916 1309 978 Haec
1332 918 1410 978 ratio
1433 920 1522 998 plane

166 999 245 1060 falsa
267 1006 326 1060 est.
363 1000 443 1062 Nam
466 999 597 1062 cernitur
620 999 695 1060 haec
718 1000 769 1061 lux
792 1019 851 1062 non
875 1008 991 1062 tantum
1012 1001 1041 1062 in
1061 1004 1206 1083 margine,
1231 1005 1286 1066 ssd
1309 1006 1337 1066 in
1362 1013 1428 1068 tuto
1452 1025 1522 1068 cur-

164 1105 255 1166 pore,
285 1107 340 1150 nec
362 1107 420 1150 nno
445 1090 498 1150 sed
522 1089 637 1150 duobus
669 1088 804 1150 tribusve
829 1088 948 1164 diebus,
974 1089 1032 1152 imo
1057 1099 1088 1152 et
1111 1091 1139 1153 in
1164 1093 1356 1172 quadraturis
1379 1095 1522 1170 nonnihil,

166 1175 215 1238 ubi
239 1176 442 1240 semicirculus
466 1176 693 1240 illuminationis
717 1178 805 1256 plane
828 1187 900 1257 post
921 1179 1038 1240 Lunam
1063 1181 1148 1243 latet.

256 1283 357 1364 Tycho
386 1283 486 1345 Brahe
516 1283 591 1344 libro
619 1284 659 1345 ll.
690 1281 992 1364 Progymnasmatum
1025 1305 1145 1348 causam
1182 1287 1268 1367 hujus
1302 1287 1376 1349 lucis
1411 1289 1522 1350 Veneri

166 1370 352 1447 transcribit,
377 1391 453 1453 quae
477 1373 594 1433 Lunam
617 1381 681 1433 tarn
705 1374 785 1434 clara
810 1374 907 1451 possit
927 1374 1089 1436 illustrare.
1127 1375 1172 1436 At
1196 1395 1313 1457 semper
1328 1378 1415 1438 Luna
1439 1399 1522 1439 cres-

165 1479 237 1521 cens
271 1461 327 1521 hac
354 1463 418 1522 luca
447 1461 569 1534 fruitur,
600 1461 704 1522 Venus
733 1461 776 1522 illi
808 1481 864 1522 non
897 1481 1014 1542 semper
1042 1471 1091 1524 est
1120 1466 1158 1526 ad
1188 1465 1263 1526 illud
1287 1467 1366 1528 latus
1391 1467 1520 1545 objecta.

166 1549 332 1611 Praeterea
356 1551 459 1611 Venus
484 1551 571 1611 Luna
603 1550 704 1612 multis
728 1548 842 1611 vicibus
867 1552 957 1612 altior
980 1560 1037 1612 est.
1085 1551 1185 1623 Quare
1210 1553 1267 1615 etsi
1293 1555 1424 1616 fortasse
1447 1573 1521 1615 con-

168 1641 247 1698 l'erat
276 1639 339 1716 ejus
365 1639 416 1701 lux
445 1640 483 1701 ad
517 1638 680 1718 marginem
714 1639 861 1700 interdum
894 1640 1103 1702 illustrandum
1137 1643 1260 1717 lortius,
1290 1652 1322 1704 at
1355 1645 1394 1704 ad
1418 1644 1522 1704 Lunae

167 1727 281 1788 discum
309 1729 454 1801 medinm,
484 1728 531 1808 qui
557 1745 651 1808 aeque
676 1728 785 1789 fruitur
808 1728 864 1790 bac
889 1729 969 1804 luce,
998 1729 1099 1790 radius
1123 1731 1252 1792 Veneris
1280 1749 1337 1792 non
1367 1733 1521 1811 pertingit,

166 1816 330 1898 impeditus
354 1817 474 1895 objectu
498 1817 591 1895 ipsius
616 1817 758 1895 corporis.
793 1817 915 1878 interim
941 1835 997 1878 non
1023 1837 1109 1897 nego,
1132 1819 1196 1882 fieri
1221 1821 1391 1899 aliquando,
1416 1829 1450 1882 ut
1468 1838 1523 1880 nos

166 1923 204 1965 ex
228 1905 323 1967 Terra
346 1905 462 1966 Lunam
485 1923 540 1985 per
564 1906 793 1966 illustrationem
819 1926 837 1966 a
860 1907 950 1968 claris
980 1907 1039 1986 ipsi
1069 1907 1216 1986 oppositis
1240 1909 1386 1970 sideribus
1411 1911 1522 1970 factam

165 1994 358 2072 aspiciamus,
385 1995 420 2055 de
445 2013 505 2074 qua
526 2013 558 2056 re
582 1995 661 2056 infra
684 2013 749 2074 cap.
775 1994 846 2055 VII.

257 2107 396 2170 Ceternm
420 2127 522 2171 veram
537 2127 658 2171 cansam
673 2109 854 2172 Maestlinus
878 2116 1057 2190 praeceptor
1075 2129 1158 2171 meus
1177 2110 1300 2188 primus,
1325 2111 1402 2190 quod
1419 2111 1522 2186 sciam,

164 2197 297 2268 invenit,
329 2217 434 2278 meque
459 2207 490 2259 et
513 2207 610 2260 tutum
634 2218 718 2260 suum
752 2200 931 2260 auditorium
956 2207 1026 2260 aute
1055 2195 1094 2261 12
1118 2219 1212 2260 annos
1242 2199 1357 2271 docuit,
1392 2208 1423 2260 et
1447 2219 1524 2260 annu

172 2283 254 2350 1596
279 2287 307 2348 in
333 2287 537 2366 disputatione
562 2287 598 2348 de
623 2287 783 2366 eclipsibus
807 2287 944 2350 thesibus
968 2285 1019 2350 21.
1045 2283 1098 2348 22.
1124 2285 1176 2350 23.
1201 2287 1318 2368 publice
1350 2288 1522 2366 explicarit.

166 2375 235 2437 Nec
259 2375 327 2436 aliis
352 2394 439 2456 quum
469 2375 562 2456 ipsius
590 2375 720 2437 aucturis
752 2376 850 2437 verbis
880 2396 916 2437 aa
939 2384 987 2436 est
1014 2377 1163 2438 tradenda
1187 2377 1332 2436 doctrina.
1382 2375 1433 2437 Sic
1457 2377 1526 2438 ille:

171 2467 233 2528 â€žDe
254 2466 363 2529 lumine,
391 2467 461 2537 quod
482 2465 511 2519 in
531 2467 612 2522 Luna
632 2467 804 2520 corniculata
829 2467 917 2535 juxta
945 2483 1047 2520 cornua
1074 2483 1125 2532 per
1156 2471 1242 2519 toturn
1273 2483 1371 2536 corpus
1402 2467 1528 2522 difflraum

168 2544 300 2609 cernitur,
321 2553 432 2599 constat
446 2546 625 2610 intuentibus,
649 2549 719 2618 quod
741 2547 829 2615 ipsum
845 2563 862 2599 a
876 2547 1006 2601 claritate
1028 2546 1141 2600 diurnae
1157 2545 1235 2610 lucis,
1258 2561 1330 2616 quae
1351 2547 1397 2600 vel
1417 2547 1527 2616 vesperi

167 2643 235 2706 post
249 2651 374 2688 occasum
390 2633 470 2698 Solis,
494 2641 559 2689 ante
575 2635 766 2704 crepusculum
783 2625 826 2697 (ld
851 2633 908 2692 est.
933 2625 1029 2684 adhuc
1054 2625 1135 2684 claro
1160 2623 1223 2696 die)
1241 2642 1376 2703 superest,
1393 2633 1436 2687 rel
1448 2651 1528 2688 mane

167 2731 229 2770 cum
251 2731 352 2769 aurora
373 2721 461 2770 ortum
482 2715 554 2768 Solis
583 2715 740 2784 praecedit,
767 2732 822 2768 non
843 2716 1013 2768 obscuretur.
1055 2715 1198 2767 Econtra
1221 2719 1345 2778 constat,
1368 2717 1439 2784 quod
1460 2714 1527 2768 illud

168 2797 242 2850 idem
262 2797 362 2848 ceteris
378 2795 548 2850 anorilunic
570 2795 762 2848 remotioribus
777 2795 873 2848 diebus
896 2801 1067 2857 attenuetur,
1090 2795 1159 2847 adeo
1173 2801 1206 2847 ut
1225 2793 1299 2847 circa
1320 2797 1526 2864 quadraturam,

167 2878 278 2948 qnando
298 2876 379 2930 Luna
399 2876 567 2945 intempesta
587 2884 668 2929 nocte
689 2875 775 2945 longo
803 2875 951 2929 intervallo
979 2889 1065 2944 supra
1090 2873 1261 2928 horizontem
1287 2881 1345 2937 est,
1372 2876 1406 2928 de
1427 2891 1461 2927 eo
1482 2875 1528 2928 rel

167 2965 239 3018 nibil
260 2963 305 3017 vel
326 2966 407 3018 valde
428 2979 525 3034 pamm
545 2971 653 3018 restare
683 2953 786 3033 (idque
819 2953 938 3014 nonnisi
965 2952 1003 3014 ab
1035 2952 1202 3014 luunrinibus
1233 2952 1401 3014 acutissimi
1429 2953 1528 3026 visus)

168 3051 309 3100 cernatur.
344 3045 390 3098 Ex
411 3062 444 3098 eo
465 3061 542 3115 ergo,
565 3045 636 3115 quod
656 3045 748 3098 lumen
769 3044 822 3097 hoc
842 3043 1002 3114 separabile
1026 3049 1077 3108 est,
1100 3041 1279 3106 concluditur,
1301 3042 1391 3112 ipsum
1411 3059 1473 3106 non,
1496 3049 1529 3096 nt

168 3133 283 3205 qnidam
304 3125 394 3202 (quus
417 3124 496 3184 inter
520 3133 568 3183 ast
590 3122 794 3196 Reinholdus)
817 3122 923 3196 volunt,
945 3149 1007 3186 essa
1021 3133 1118 3186 Lunae
1136 3131 1313 3202 congenitum
1331 3139 1362 3186 et
1379 3131 1529 3201 proprium,

168 3215 219 3268 sed
241 3213 367 3268 similiter
388 3213 460 3267 sicut
479 3211 569 3281 medus
590 3212 659 3266 illud
680 3218 862 3276 menstruum,
884 3212 1005 3268 alienum
1025 3219 1110 3282 atque
1137 3211 1334 3266 mutuatitium.
1376 3213 1436 3264 Hoc
1456 3209 1530 3264 enim

171 3293 226 3348 nisi
248 3293 299 3358 sit,
327 3293 452 3364 prolecto
478 3299 558 3346 nocte
590 3293 758 3361 intempesta
786 3293 874 3346 multu
902 3293 1003 3348 clarius
1029 3291 1247 3362 conspiceretur,
1278 3307 1360 3362 quam
1382 3295 1447 3344 atra
1468 3291 1530 3344 luce

171 3373 226 3428 diei
252 3372 419 3426 illuminato.
461 3373 564 3426 Verum
593 3375 665 3426 unde
694 3372 746 3425 huc
775 3373 868 3426 lumen
896 3371 923 3426 in
948 3373 1054 3426 Lunam
1084 3372 1238 3435 derivetur,
1270 3371 1378 3440 positus
1408 3370 1470 3438 qius
1495 3371 1530 3424 ad

171 3453 285 3506 Terram
307 3451 436 3506 ostendit.
477 3451 598 3506 Narnia
624 3451 864 3507 noniluuimLuua
884 3451 941 3506 Soli
968 3459 998 3506 et
1018 3453 1121 3506 Terrae
1149 3451 1316 3521 interposita
1343 3467 1405 3504 earn
1426 3451 1530 3503 Terrae

174 3531 280 3594 faciem,
304 3549 385 3603 quam
406 3531 453 3586 Sol
473 3531 619 3594 illuminat,
642 3532 694 3584 sibi
716 3550 731 3583 e
753 3532 856 3585 directo
878 3532 1050 3603 suppositam
1072 3533 1204 3585 intuetur.
1240 3537 1279 3585 At
1298 3531 1435 3584 radiorum
1449 3529 1529 3582 SolaÎ‡

174 3613 246 3668 rium
267 3611 294 3664 in
316 3613 419 3666 Terrae
441 3610 559 3682 singulis
579 3612 707 3681 partibus
728 3610 919 3683 particulatim
945 3613 1111 3665 reflexorum
1137 3612 1260 3666 novimus
1282 3627 1341 3663 earn
1370 3627 1431 3663 esse
1452 3607 1529 3661 l'ortiÎ‡

173 3692 296 3746 tudinem
317 3699 346 3744 et
367 3691 666 3762 resplendescentianr,
689 3701 721 3745 ut
742 3691 769 3744 in
790 3691 857 3745 locis
880 3691 980 3760 apricis
1003 3691 1142 3744 oculorum
1163 3691 1248 3743 aciem
1269 3690 1392 3752 hebetet,
1416 3687 1480 3758 quin
1501 3695 1531 3739 et

173 3772 273 3826 intima
294 3771 478 3828 aedificiorum
494 3771 661 3842 penetralia,
684 3771 771 3826 sicubi
785 3771 869 3825 etiam
883 3787 934 3840 per
947 3771 1073 3824 rimulam
1096 3770 1203 3840 ingredi
1218 3773 1307 3832 datur,
1329 3768 1391 3821 luce
1406 3767 1529 3836 oppleat.

174 3851 242 3914 Quis
263 3853 315 3905 boc
336 3851 406 3904 idem
427 3853 460 3904 de
482 3850 609 3905 universo
632 3851 691 3920 ipsc
712 3869 750 3906 ex
771 3858 832 3905 tcta
852 3851 940 3905 Tarra
965 3850 1115 3919 conjuncta
1139 3865 1212 3919 aqua
1238 3848 1354 3901 collecto
1376 3855 1406 3900 et
1426 3847 1530 3900 rellexo

175 3931 313 4003 negabit?
335 3931 457 3984 Dicimus
478 3947 547 4002 ergo
569 3931 681 3985 Terram
702 3948 815 3985 corusco
837 3947 886 3984 suu
909 3946 927 3983 a
941 3929 1005 3984 Sole
1027 3929 1080 3984 sibi
1101 3929 1219 3982 immisso
1241 3927 1341 3980 lumine
1363 3926 1532 3995 opacitatem

174 4011 231 4066 sire
252 4018 359 4066 noctem
380 4009 408 4064 in
428 4011 532 4064 Lunari
561 4027 675 4080 corpure
696 4029 750 4066 non
771 4011 859 4065 minus
880 4010 1029 4074 irradiare,
1062 4025 1143 4080 quam
1165 4008 1284 4060 vicissim
1306 4003 1429 4076 (prorsus
1451 4005 1532 4058 simili

174 4089 263 4156 modo)
284 4093 366 4146 Luna
385 4089 472 4160 plena
496 4089 553 4144 suis
575 4106 593 4144 a
612 4091 677 4145 Sole
706 4089 830 4160 acceptis
859 4090 944 4144 radiis
975 4097 1085 4144 nostras
1107 4089 1135 4142 in
1156 4089 1242 4141 'farra
1271 4093 1367 4140 noctes
1398 4086 1532 4148 illustrat,

176 4179 258 4242 atque
279 4190 329 4244 pro
351 4171 491 4226 claritatis
513 4187 607 4226 eornm
628 4172 736 4225 ratione
758 4170 876 4224 indiam
898 4171 956 4224 lere
979 4175 1137 4222 commutat.
1180 4169 1263 4236 quue
1286 4173 1365 4220 tanto
1387 4163 1531 4226 illustrius,

176 4261 277 4322 quanto
299 4249 416 4306 circulus
439 4251 542 4304 Terrae
564 4250 665 4304 circulo
685 4251 791 4305 Lunari
817 4249 906 4318 major
927 4257 979 4303 est.
1021 4249 1074 4302 Est
1102 4256 1195 4302 autem
1223 4245 1297 4300 illius
1319 4247 1354 4299 ad
1375 4244 1448 4297 hunc
1468 4260 1531 4314 proÎ‡

175 4331 262 4403 portio
283 4331 373 4400 major
394 4347 476 4400 quam
496 4331 677 4399 duodecupla.
721 4331 812 4393 Quare
834 4329 918 4393 sicut,
948 4336 981 4383 ut
1001 4335 1067 4383 ante
1089 4328 1222 4388 diximus,
1251 4325 1322 4378 baec
1343 4325 1396 4377 duo
1416 4339 1533 4393 corpora

177 4411 228 4465 sibi
248 4421 341 4466 mutuo
362 4426 415 4480 per
435 4410 509 4463 vices
524 4409 596 4464 Solis
617 4411 710 4466 lumen
731 4408 927 4479 intercipiunt:
949 4407 992 4462 ita
1009 4406 1128 4462 vicissim
1147 4405 1262 4462 alterius
1285 4411 1392 4458 noctem
1413 4404 1532 4456 alterum

176 4489 320 4546 illuminat.
362 4489 435 4544 Huic
465 4491 622 4543 sententiae
654 4491 826 4562 suffragatur
846 4489 897 4544 illa
927 4487 1035 4541 luminis
1066 4488 1144 4542 istius
1172 4485 1339 4541 attenuatio.
1382 4483 1533 4552 Postquam

176 4571 345 4626 enim'Luna
369 4571 500 4623 recedere
521 4583 539 4622 a
559 4570 712 4634 novilunio,
744 4572 816 4623 hauc
837 4569 940 4623 Terrae
973 4567 1157 4622 illuminatam
1187 4565 1364 4620 medietatem
1395 4561 1532 4632 paulatim

176 4649 328 4722 relinquare
348 4649 543 4719 residuamqna
564 4648 626 4718 ejus
647 4655 757 4718 partem
778 4648 868 4720 magis
889 4647 1034 4720 magisque
1056 4647 1167 4719 oblique
1188 4644 1290 4700 intueri
1311 4643 1424 4712 incipit:
1454 4641 1531 4695 furtiÎ‡

176 4732 241 4784 tudo
268 4731 405 4786 radiorum
434 4730 600 4782 rellexorum
628 4731 707 4784 simul
732 4739 762 4782 et
790 4727 920 4782 minuitur
947 4734 978 4781 st
1007 4727 1166 4781 hebetatur.
1208 4725 1280 4778 Hinc
1300 4723 1332 4778 lit
1351 4732 1384 4776 ut
1405 4719 1531 4792 quioquid

176 4808 284 4864 luminis
304 4810 388 4880 bquus
407 4808 436 4862 iu
455 4809 564 4864 Lunam
585 4808 756 4864 dimidiatam
775 4807 822 4862 nel
845 4805 1048 4877 praetumidum
1072 4805 1238 4870 reflectitur,
1260 4805 1289 4858 in
1310 4803 1397 4857 Tarra
1416 4807 1532 4872 propter

254 4901 341 4952 nolu
354 4901 430 4952 09â¸Â¹Î‡-
443 4899 471 4943 n.
1284 4891 1317 4948 ll
