3464 5524
624 344 656 394 de
674 344 745 396 rebus
759 311 866 411 optino.
1377 349 1420 419 57

162 501 348 599 ll'eplerus:
373 521 479 601 Negas
504 521 686 584 densitatem
701 531 872 603 competere
896 525 1078 604 superficiei:
1106 528 1205 590 refota
1228 528 1319 609 igitur
1332 549 1418 612 prop.

105 607 136 670 fi.
153 625 208 686 esp.
223 607 246 669 l.
270 609 329 669 mei
355 609 438 672 libri.
484 610 549 672 Nec
573 611 668 673 omnis
693 612 828 674 densitas
853 621 901 675 est
924 632 1017 676 causa
1039 616 1240 690 refractionis,
1264 619 1317 680 sed
1342 619 1419 680 den-

98 697 151 758 sitas
169 703 308 776 quatenus
333 695 690 780 superficie'terminata‚
717 700 795 764 alias
819 701 895 763 radii
919 704 948 764 in
974 703 1067 766 denso
1092 713 1196 767 essent
1219 708 1314 783 curvi,
1341 709 1420 788 quod

97 785 204 847 facillime
224 785 378 849 refutatur
402 787 598 867 experientia.

157 873 197 934 De
218 893 314 954 aquae
337 877 506 956 profundae
525 878 625 939 colore
649 878 797 940 saturione
821 879 929 958 scripsi
953 899 1018 960 cap.
1035 881 1059 942 Ι.
1085 878 1201 960 pr.16;
1227 883 1315 946 aliter
1338 884 1422 947 color

94 961 164 1022 affcit
183 963 272 1024 lucem
288 965 381 1026 aliter
396 965 546 1042 densitas,
570 967 622 1028 ille
644 985 698 1045 per
713 967 930 1046 corpulentiam
945 969 1018 1030 haec
1032 987 1086 1049 per
1106 971 1301 1050 superficiem.
1334 970 1419 1036 Geu-

92 1069 129 1110 eas
147 1053 410 1130 experimentorum
435 1055 546 1120 tradidi
569 1061 604 1116 ut
625 1055 720 1133 potui.

156 1137 196 1201 De
214 1141 396 1204 refractione
421 1152 453 1205 et
476 1162 593 1206 numme
619 1144 738 1205 elevato
757 1163 804 1205 me
824 1143 935 1222 premis
952 1142 1309 1225 a’criter;⁸'experimenta
1332 1150 1419 1223 eninr,

90 1247 147 1304 quae
166 1229 262 1304 affers,
304 1235 377 1292 uera
407 1240 491 1307 suut,
526 1232 659 1295 rationes
689 1250 760 1294 vero
784 1253 803 1294 a
826 1233 1007 1296 refractione
1044 1234 1190 1296 deductae
1233 1236 1350 1298 omnino
1383 1238 1421 1298 de

91 1316 165 1378 forma
183 1316 360 1381 infundibuli
386 1320 576 1385 concludunt.
623 1321 701 1384 Puto
725 1321 816 1400 igitur
839 1321 882 1383 sic
906 1341 990 1384 esse:
1016 1341 1074 1383 uuo
1099 1325 1183 1386 oculo
1208 1343 1268 1387 uon
1292 1325 1421 1387 discerni

90 1403 258 1468 elevationem
282 1409 398 1471 directe
413 1408 548 1471 intuente
570 1409 918 1490 etperpeudiculariter;
944 1411 1058 1473 dnobus
1083 1431 1154 1474 vero
1179 1413 1287 1488 oculis,
1315 1415 1421 1495 quibus

90 1501 112 1552 et
124 1493 207 1574 imago
221 1495 368 1575 situatur,
392 1498 577 1578 impossibile
592 1508 638 1561 est
655 1499 781 1560 eande'm
802 1519 864 1561 rem
879 1500 1167 1581 perpendiculariter
1185 1502 1303 1576 intueri,
1329 1521 1421 1582 quare

92 1601 170 1642 onnes
190 1585 264 1646 radii
289 1587 502 1666 refringuntur.
527 1589 622 1649 Totos
647 1589 748 1668 itaque
772 1589 872 1675 discus
896 1589 1005 1650 nummi
1023 1589 1167 1652 elevatur.
1215 1590 1340 1670 Absque
1364 1591 1420 1653 hoc

92 1671 169 1732 sidere
190 1691 245 1734 non
270 1693 410 1755 possum,
435 1676 513 1755 quod
536 1683 627 1755 putas
652 1676 755 1756 negari
778 1695 836 1738 uon
852 1695 957 1756 posse:
983 1677 1032 1758 qui
1045 1678 1303 1757 perpendicularis
1318 1679 1420 1741 radius

91 1759 164 1820 eitra
183 1763 395 1825 refractionem
420 1763 553 1844 patiatur
568 1785 617 1839 ea,
644 1785 719 1845 quac
735 1764 840 1846 reliqui
855 1765 1008 1848 patiuntur
1021 1776 1174 1846 propter
1197 1768 1417 1832 refractionem.

156 1847 373 1916 Brsuggerus:
391 1851 477 1914 Rides,
497 1853 561 1917 quod
579 1855 673 1918 scripsi,
693 1855 774 1904 radios
794 1852 857 1903 Solis
875 1861 928 1903 tum
947 1855 1045 1904 demum
1063 1855 1211 1913 calefacere,
1233 1861 1363 1921 postquam
1380 1856 1420 1906 rel

92 1918 239 1970 mastonem
262 1923 304 1972 rel
321 1923 479 1973 reflexionem
502 1921 569 1987 passi
586 1932 644 1975 sunt
663 1922 698 1988 (p.
718 1923 773 1986 49).
810 1926 866 1988 Eia,
885 1927 927 1974 ‘mi
946 1925 1064 1989 Keplere‚
1087 1927 1183 1976 utinam
1210 1941 1306 1992 semper
1324 1927 1419 1978 habeas

91 1990 139 2052 quod
155 1991 237 2042 rideas.
275 1991 327 2044 Sed
346 1995 465 2060 numquid
482 1994 588 2059 lepidum
608 2003 684 2060 caput
696 1997 734 2046 Tu
752 2011 787 2055 es,
806 1998 847 2061 qui
866 2002 994 2060 serpentes
1010 1997 1070 2047 mihi
1089 2005 1114 2046 et
1133 1998 1266 2048 crocodilos
1285 1998 1369 2062 objicis
1388 1999 1421 2048 ad
1478 2059 1481 2064 ,

94 2058 157 2110 Solem
174 2065 314 2126 apricantes
332 2067 386 2115 sine
406 2065 526 2129 speculis:
545 2067 615 2131 quasi
633 2068 732 2117 reflexio
750 2067 819 2117 nulla
836 2067 888 2117 fieri
900 2069 978 2131 possit
996 2068 1087 2133 absque
1101 2069 1214 2131 speculis.
1253 2071 1293 2118 An
1310 2070 1422 2134 ignoras,

91 2141 167 2192 praeter
182 2133 271 2185 Terrae
290 2135 394 2200 planum
412 2151 484 2200 rupes
502 2151 605 2203 quoque,
634 2152 703 2195 sua.
732 2138 815 2196 colles,
834 2139 941 2202 parietes
961 2145 986 2188 et
1004 2141 1105 2204 quaeris
1124 2155 1226 2204 corpora
1240 2137 1290 2190 Soli
1309 2141 1422 2204 opposita

90 2205 129 2262 ejus
143 2204 216 2254 radios
234 2213 393 2270 repercutere
413 2213 439 2258 et
457 2208 562 2260 calorem
582 2209 739 2260 accumulare
758 2207 848 2274 pessel
885 2209 958 2260 Talia
975 2211 1051 2276 igitur
1076 2212 1228 2274 serpentibus
1247 2216 1274 2260 et
1291 2211 1418 2262 crocodills

89 2273 168 2336 sperula
183 2276 317 2328 sufficiunt.
356 2278 428 2328 Adde
453 2279 517 2342 quod
535 2281 598 2330 radii
618 2279 726 2337 Soleres.
754 2281 812 2330 dum
838 2281 945 2345 ipsorum
964 2295 1066 2346 corpora
1087 2281 1179 2332 femunt
1198 2287 1223 2333 et
1242 2288 1325 2332 cutem
1342 2297 1418 2346 pene·

90 2351 148 2400 usur,
163 2347 332 2399 redecu'ooem
350 2351 481 2414 patiuntur
499 2359 525 2400 et
542 2352 642 2402 refracti
661 2351 820 2402 calefaciunt.

156 2417 349 2498 Keplerus:
383 2420 548 2501 Serpentes
572 2431 662 2502 putas
686 2423 815 2503 apricari
839 2423 877 2485 ob
901 2422 1002 2487 radios
1021 2423 1103 2498 illos,
1135 2425 1184 2504 qui
1209 2445 1227 2484 a
1250 2425 1419 2504 circumpo-

89 2503 141 2564 sitis
160 2507 276 2586 mpibus
301 2509 552 2593 repercutiuntur.
598 2513 644 2574 At
666 2512 849 2574 contrarium
872 2519 1023 2576 testantur
1047 2512 1129 2576 edita
1152 2520 1307 2592 petentes,
1343 2532 1420 2594 quae

88 2601 228 2657 ceterarum
252 2598 386 2678 partium
410 2598 633 2678 comparatione
657 2607 727 2662 sunt
750 2601 880 2662 liberae
902 2601 1097 2680 repercussis.
1153 2601 1231 2663 Puto
1255 2601 1329 2664 nihil
1352 2602 1420 2664 illos

89 2680 131 2742 nisi
151 2683 236 2748 ictum
252 2684 335 2748 Solis
351 2707 510 2767 quaerere,
534 2689 613 2750 ictus
628 2688 695 2762 ille,
720 2689 842 2768 scripsi,
868 2689 958 2751 fricat
971 2689 1054 2769 ipsos
1069 2709 1126 2751 nou
1151 2690 1189 2751 ob
1213 2690 1315 2752 nescio
1331 2709 1420 2771 quam

89 2769 278 2836 refractionem
301 2776 331 2837 iu
356 2794 460 2855 opaco,
486 2795 574 2857 quam
598 2797 665 2839 cum
680 2775 754 2858 Cap.
769 2771 792 2840 l.
817 2775 1319 2857 pr.15.iutroduxissemiunotis
1342 2778 1419 2842 titu-

88 2857 173 2922 banter
193 2861 337 2944 increpui.
387 2863 479 2927 Calor
501 2855 599 2926 cutem
623 2873 774 2945 penetrat,
803 2885 862 2928 nou
885 2867 977 2939 radii,
1010 2866 1119 2947 quippe
1142 2885 1201 2928 uon
1224 2866 1292 2936 lux,
1326 2866 1420 2928 radiis

20 3023 21 3026 Ἴ
88 2948 198 3012 enimet
220 2951 273 3014 lux
296 2953 377 3016 inest
400 2961 431 3014 et
454 2955 547 3016 calor.
595 2951 713 3016 Caloris
737 2955 867 3035 speciem
894 2954 1068 3034 imprimunt
1095 2954 1240 3016 materiae
1263 2955 1416 3036 physicae,

88 3033 130 3099 loe
149 3038 180 3100 fit
200 3058 259 3102 non
284 3042 400 3122 optice,
426 3041 462 3104 de
487 3061 544 3122 quo
567 3060 651 3123 prop.
667 3040 709 3106 32
728 3065 787 3119 ss,
821 3043 871 3105 ubi
894 3044 946 3106 lux
969 3045 997 3106 in
1026 3051 1176 3107 momento
1200 3044 1301 3118 adest,
1336 3043 1419 3106 calor

88 3122 108 3184 in
125 3135 258 3208 tempore.

155 3215 372 3283 Brenggerus:
401 3219 454 3275 sis,
477 3233 517 3270 me
537 3218 667 3282 deceptum
692 3232 710 3268 a
726 3217 838 3284 Magius.
865 3219 928 3283 quod
953 3219 1034 3269 focum
1050 3213 1157 3284 'speculi
1175 3220 1278 3270 concavi
1295 3218 1418 3283 sphaerici

87 3286 140 3346 posui
155 3288 178 3336 iu
195 3298 285 3352 quarta
302 3294 376 3352 parte
395 3288 507 3339 diametri
527 3287 562 3354 (p.
582 3287 636 3350 43).
675 3289 728 3356 Ego
746 3305 786 3340 me
805 3289 935 3353 deceptum
953 3305 1002 3339 non
1020 3296 1088 3354 puto,
1111 3291 1232 3354 siquidem
1249 3296 1317 3339 recte
1335 3290 1420 3342 docuit

88 3353 125 3414 ile,
141 3360 196 3420 quod
215 3359 343 3423 speculum
361 3375 433 3409 suom
451 3361 484 3410 ibi
502 3362 585 3411 radios
604 3359 703 3410 Solares
722 3360 824 3426 colligat
844 3368 870 3410 et
887 3362 970 3425 iguem
989 3362 1115 3412 incendat.
1152 3361 1210 3412 Feci
1230 3364 1283 3424 elus
1301 3361 1336 3410 rei
1353 3363 1407 3425 peri

88 3426 151 3476 telum
168 3429 295 3494 aliquoties
323 3431 356 3480 ad
375 3430 471 3489 Solem,
497 3433 551 3482 foco
569 3432 696 3496 praedicto
710 3433 807 3496 petiam
825 3431 892 3482 telae
909 3432 1002 3482 linteae
1025 3432 1177 3495 adhibendo,
1204 3445 1268 3498 quae
1293 3432 1344 3482 fere
1361 3441 1420 3497 post

88 3499 368 3558 poemaninensium
387 3503 477 3552 horarii
495 3504 589 3552 fumum
608 3505 728 3562 emittere,
747 3502 837 3553 deiude
856 3517 912 3552 mox
931 3503 1016 3554 ardere
1036 3507 1125 3569 coepit
1164 3507 1199 3556 At
1217 3509 1301 3554 centro
1325 3504 1418 3568 speculi

88 3571 181 3630 apposita
196 3587 228 3622 ue
245 3575 375 3622 minimum
398 3573 516 3623 iudicium
539 3574 611 3624 ullius
636 3575 742 3623 incendii
770 3574 801 3622 de
819 3589 847 3623 se
874 3575 942 3624 dedit
959 3575 1055 3640 integro
1082 3576 1158 3625 horae
1181 3576 1327 3640 quadrante.
1364 3574 1419 3626 Neo

88 3639 167 3698 mirmur
196 3642 272 3708 digito
293 3645 359 3694 enim
387 3644 422 3693 ibi
445 3647 524 3707 posito
547 3644 607 3694 nihil
627 3644 716 3694 caloris
742 3646 821 3704 seusi;
849 3652 876 3695 at
898 3645 922 3694 in
947 3653 1036 3710 quarta
1061 3647 1175 3698 diametri
1202 3647 1311 3696 locatum
1332 3647 1418 3695 statim

89 3716 284 3773 properationis
303 3715 412 3764 dolorem
431 3730 555 3765 removere
574 3721 675 3765 coactus
694 3716 737 3765 fui.

154 3783 353 3866 Keplerus:
386 3786 513 3865 Repeto
530 3787 599 3860 tibi,
633 3787 789 3866 Maginum
823 3795 876 3848 aut
904 3787 1061 3868 deceptum
1085 3793 1139 3849 aut
1161 3785 1328 3865 decepisse.
1374 3785 1418 3848 Et

88 3865 106 3926 ri
124 3869 148 3930 in
169 3882 273 3953 quarta
296 3872 436 3936 diametri
460 3875 546 3937 focus
577 3875 646 3950 fuit,
680 3875 744 3954 ipse
778 3894 849 3954 ergo
879 3875 1031 3956 speculum
1061 3895 1145 3938 suum
1171 3895 1230 3936 non
1253 3883 1335 3936 recte
1360 3874 1416 3934 de-

88 3957 199 4038 scripsit,
223 3963 384 4024 rotundum
410 3963 513 4024 dicens
539 3965 616 4043 quod
641 3973 708 4024 erat
730 3964 945 4043 parabolicum.

155 4048 368 4116 Breuggerus:
396 4050 515 4112 Quaeris,
535 4065 578 4102 cur
596 4051 627 4101 de
646 4052 759 4101 incendio
779 4051 857 4101 cordis
883 4053 953 4102 aTe
976 4053 1001 4100 in
1019 4050 1217 4113 Paralipomenia
1235 4047 1296 4098 nihil
1313 4048 1415 4112 scripse·

88 4113 120 4162 dm
134 4114 164 4181 (p.
183 4119 236 4182 49).
276 4121 348 4172 Scias
373 4123 462 4186 igitur,
489 4122 540 4172 alia
558 4136 652 4186 quoque
675 4122 756 4171 multa
773 4137 813 4171 me
837 4122 966 4180 habuisse,
996 4136 1060 4188 quae
1079 4121 1210 4171 scribenda
1227 4120 1345 4177 fuissent,
1372 4119 1418 4172 sed

89 4187 183 4246 spirim„
199 4194 261 4242 ratio
280 4193 306 4241 ld
325 4207 376 4241 uon
394 4194 518 4242 emtinuft.
556 4191 623 4253 Quia
645 4199 732 4242 tamen
755 4194 786 4243 de
811 4192 859 4245 bac
885 4210 911 4244 re
939 4195 1089 4244 sententiam
1113 4205 1196 4242 meam
1215 4191 1328 4254 requiris,
1360 4205 1418 4242 eam

88 4253 171 4310 beriles
185 4265 299 4326 aperiam.
340 4262 368 4312 Si
386 4263 418 4312 de
435 4265 494 4330 igne
514 4263 644 4328 allegorico
663 4263 718 4313 Tibi
736 4279 815 4314 sermo
834 4271 880 4322 est,
899 4265 973 4315 laudo
992 4271 1018 4315 et
1036 4264 1118 4328 probo.
1155 4261 1221 4312 Nam
1247 4267 1274 4311 et
1291 4261 1417 4312 Feruelius

89 4323 158 4392 [comp.
175 4332 227 4382 Vol.
240 4334 257 4382 l.
278 4331 381 4398 ptos)
401 4334 508 4384 calidum
533 4337 644 4384 naemu
666 4336 784 4386 flammae
807 4338 961 4399 proportione
988 4335 1136 4398 respondere
1160 4335 1245 4384 tradit.
1283 4331 1417 4396 Discrepas

89 4403 153 4449 “neu
168 4403 197 4453 ab
215 4419 251 4455 eo.
270 4405 336 4469 quod
355 4407 438 4470 ignem
456 4404 522 4455 hunc
540 4408 565 4456 in
584 4406 636 4455 solo
655 4406 728 4456 corde
746 4407 831 4470 ponis.
855 4407 895 4456 ille
915 4408 940 4456 in
959 4412 1011 4456 toto
1030 4418 1145 4468 corpores
1170 4404 1288 4468 siquidem
1308 4403 1417 4456 calidum

89 4465 197 4532 breonum
214 4477 355 4525 cubamus
374 4481 414 4525 est
432 4477 571 4539 spirituosa,
591 4477 694 4541 siugulis
711 4478 822 4540 partibus
841 4476 924 4526 solidis
942 4477 1018 4527 insita
1037 4481 1063 4525 et
1081 4477 1223 4539 congenita,
1242 4488 1292 4523 uon
1310 4475 1418 4526 influens

89 4539 120 4586 Μ
133 4555 266 4604 permanens
295 4547 381 4612 eisque
400 4561 497 4610 semper
513 4547 655 4598 inhaerens.
692 4549 727 4596 At
752 4550 773 4597 si
801 4549 832 4598 de
858 4561 916 4598 reru
944 4555 970 4597 et
996 4545 1057 4596 reali
1081 4546 1183 4595 flamma
1210 4546 1253 4595 tibl
1280 4559 1359 4595 sermo
1379 4553 1418 4596 est

89 4603 146 4672 (quod
160 4621 201 4664 tna
227 4617 303 4668 rerba
334 4631 391 4681 cap.
411 4617 433 4674 1.
453 4615 495 4667 ³2.
514 4617 628 4669 ridentur
644 4615 773 4680 innuere).
797 4633 852 4668 non
878 4632 977 4682 possum
1005 4618 1050 4665 tibi
1079 4616 1207 4666 assentire.
1245 4615 1291 4665 Est
1315 4617 1418 4667 flamma

89 4677 149 4732 aaa
164 4699 278 4738 necatos
296 4687 436 4738 secuudum
454 4687 581 4752 physicos,
608 4691 633 4738 lu
652 4703 747 4739 summo
765 4689 845 4754 gradu
865 4689 958 4739 calidus
977 4693 1003 4738 et
1021 4687 1116 4741 siccus.
1136 4687 1256 4744 adurens,
1287 4687 1417 4737 destruam

90 4753 243 4808 “idumeos
270 4761 356 4809 omnia
374 4759 530 4810 combustilla
556 4773 621 4826 quse
650 4761 760 4826 attingit,
787 4761 891 4824 ideoque
918 4757 1149 4822 impropordonatus
1177 4761 1271 4822 corpori
1291 4757 1416 4814 ,humanm

90 4824 141 4882 squ
155 4831 300 4880 stemmatio
320 4831 437 4880 muriatit
454 4831 479 4880 in
499 4831 579 4881 calore
597 4831 705 4892 humido,
728 4845 779 4880 non
797 4831 916 4884 adurente
935 4829 978 4878 sed
996 4829 1103 4877 forante.
1140 4827 1216 4880 Nulla
1233 4843 1291 4894 pare
1310 4829 1416 4893 corporis

91 4899 124 4950 “t
144 4911 200 4964 quse
221 4901 258 4952 rel
276 4915 329 4954 uua
347 4901 411 4956 bora
427 4901 477 4951 rim
495 4901 610 4955 flammae
627 4903 750 4956 amduere
771 4902 849 4969 possit
873 4907 900 4954 et
916 4913 966 4952 non
991 4897 1145 4952 deauratura
1171 4901 1230 4968 qnid
1247 4902 1323 4967 igiter
1349 4897 1416 4950 cordi
