3718 5528
789 307 871 372 capa
890 307 933 364 XI·
1477 309 1541 376 357

182 484 267 548 sinus
292 491 374 546 totns
399 482 618 546 adserentem
651 483 816 548 distantiae
840 483 922 548 Solis
945 505 964 546 a
987 485 1117 559 vertice,
1142 485 1187 548 ita
1210 492 1338 566 tangens
1362 487 1542 552 minutorum

183 571 351 652 quindecim
376 571 415 634 ad
440 572 640 652 quantitatem
664 572 879 638 semidiametri
903 573 1058 650 brevioris,
1083 573 1112 634 in
1137 592 1285 650 mensura,
1311 596 1369 660 qua
1387 577 1457 651 AN,
1472 579 1540 654 NB,

182 682 223 726 ex
246 661 441 740 tangentibus
465 661 564 723 datur.
601 661 687 724 Haec
704 661 796 741 igitur
820 661 979 726 ordinatim
1003 662 1157 743 applicata
1176 671 1224 726 est
1241 665 1353 743 justior
1376 666 1541 747 amplitudo

182 749 296 814 circelli
320 749 452 812 minoris.
494 749 537 812 Et
561 749 631 830 quia
652 749 816 830 periculum
841 757 898 824 est,
923 751 1007 814 utri
1033 760 1064 814 et
1084 751 1112 812 B
1135 759 1247 830 puncta
1270 773 1327 816 non
1352 755 1487 834 praecise
1511 757 1541 818 in

182 839 280 902 medio
305 838 493 900 circularium
518 839 635 919 apicum
660 839 772 918 signes,
797 840 926 902 rnaxiure
951 848 985 903 ut
1007 848 1131 920 propter
1154 861 1269 904 moram
1293 842 1542 908 intervenientem

182 929 262 992 radii
285 928 388 1008 apices
412 947 449 990 ex
472 928 511 1002 A,
536 929 562 988 B
586 927 668 1006 prius
694 928 866 1002 discedant,
891 947 979 1008 qnam
1004 927 1038 1003 Ο,
1064 929 1093 990 Ι)
1116 938 1228 1008 puncta
1252 933 1458 1012 expresseris:
1484 953 1541 1014 quo

182 1027 274 1098 pacto
300 1015 488 1098 quantitates
504 1015 558 1078 CL
577 1025 610 1077 et
626 1016 691 1078 DM
713 1017 912 1079 vitiarentur:
938 1017 1006 1080 ideo
1025 1037 1079 1095 per
1092 1019 1118 1093 Ι,
1134 1014 1188 1081 21.
1214 1019 1383 1084 conioorum
1403 1016 1540 1084 notabis?

184 1114 217 1168 nt
241 1114 289 1168 est
312 1105 429 1186 longior
452 1103 598 1168 diameter
619 1104 676 1166 ΑΒ
702 1105 897 1186 (Apollonius
922 1126 1008 1168 axem
1037 1107 1148 1186 figurae
1177 1111 1281 1182 vocat)
1306 1111 1344 1172 ad
1375 1110 1541 1174 breviorem

183 1195 228 1269 (in
252 1212 376 1274 genere,
402 1201 436 1256 ut
458 1194 570 1274 figurae
596 1193 676 1256 latus
709 1203 913 1258 transversum
938 1193 976 1256 ad
1001 1198 1130 1269 rectum)
1163 1195 1207 1256 sic
1231 1215 1299 1260 esse
1331 1200 1541 1278 rectangnlum

181 1283 267 1348 ΑΕΒ
293 1283 331 1344 ad
356 1282 534 1363 quadratum
557 1281 621 1357 LO,
648 1290 680 1344 et
707 1284 915 1362 rectangrrlnm
939 1283 1029 1346 ΑΜΒ
1055 1285 1093 1346 ad
1117 1285 1296 1366 quadratum
1320 1287 1391 1350 MD.
1439 1290 1540 1368 Atque

182 1373 240 1435 lroo
261 1380 352 1454 pacto
376 1369 575 1436 restituuntur
596 1369 651 1434 CL
666 1373 783 1444 etDM,
808 1373 833 1434 si
858 1372 962 1434 vitium
985 1371 1098 1434 habent
1117 1392 1155 1436 ex
1178 1374 1425 1454 consignatione;
1450 1378 1539 1440 modo

184 1461 241 1524 AB
261 1461 348 1542 justa
371 1460 412 1522 sit
436 1471 467 1522 et
483 1459 561 1536 O,D
585 1468 762 1540 punctorum
777 1462 860 1522 locus
880 1461 959 1524 inter
977 1463 1016 1538 A,
1033 1461 1069 1535 B,
1095 1480 1187 1527 causa
1209 1463 1405 1544 longitudinis
1425 1465 1539 1545 ¹iustus,

186 1550 237 1612 ubi
259 1549 354 1612 miuus
379 1548 478 1610 estin
503 1549 731 1628 consignatione
754 1551 889 1629 periculi.
935 1549 1115 1629 Exemplum
1137 1551 1218 1614 infra
1240 1552 1269 1614 in
1294 1553 1390 1634 probl.
1416 1549 1467 1617 23.

271 1637 465 1702 Problema
497 1637 618 1702 XVIII.
673 1637 945 1700 inclinationes
980 1640 1147 1700 Lunares
1183 1641 1360 1722 excipere
1398 1641 1541 1706 instru-

182 1735 318 1792 mento.
366 1726 544 1802 Circellum,
579 1726 676 1805 qualis
706 1735 754 1789 est
780 1727 811 1789 iu
843 1726 956 1790 tabella
980 1728 1126 1802 exterior,
1159 1729 1323 1794 solidarum
1356 1732 1487 1811 partium
1512 1739 1544 1796 et

182 1816 309 1878 recisum
333 1816 472 1896 undique,
498 1815 626 1876 divisum
645 1837 664 1876 a
683 1835 796 1876 summo
821 1815 849 1878 in
875 1825 977 1896 partes
999 1813 1074 1890 360,
1101 1836 1275 1900 quacunque
1300 1821 1416 1882 ratione
1441 1829 1542 1885 statue

181 1905 211 1966 iu
234 1905 448 1985 perpendiculo
481 1905 633 1967 radiorum
657 1905 836 1978 Lucanum,
870 1905 913 1968 sic
937 1913 969 1966 ut
1000 1907 1115 1967 initium
1147 1906 1303 1970 divisionis
1335 1909 1376 1972 sit
1407 1908 1542 1988 praecise

181 2014 321 2076 supremo
347 1994 426 2069 loco,
461 2013 518 2074 quo
542 2001 693 2055 momento
718 1993 941 2056 inclinationem
974 1995 1096 2075 deliquii
1120 1995 1251 2060 Lunaris
1275 1998 1359 2078 cupis
1385 2009 1541 2062 annotare.

182 2083 335 2148 Volvatur
358 2083 385 2144 in
411 2083 519 2145 circulo
548 2083 668 2159 regula,
704 2082 820 2161 longior
853 2083 998 2146 diametro
1030 2084 1151 2160 circuli,
1186 2086 1214 2146 in
1238 2088 1345 2168 regula
1366 2087 1408 2150 sit
1436 2095 1541 2150 trana-

182 2173 301 2234 versale
321 2171 442 2250 regulae
457 2171 714 2252 perpendiculare.
745 2169 903 2234 Collocato
918 2173 1020 2252 itaque
1041 2173 1162 2235 circello
1176 2183 1210 2236 ut
1225 2174 1330 2254 jussus
1350 2195 1392 2254 es,
1410 2177 1543 2240 transfer

183 2262 299 2324 oculum
324 2261 362 2323 ad
386 2263 520 2340 regulam
544 2279 668 2340 eamque
691 2261 779 2322 volve
804 2269 836 2322 et
858 2264 973 2324 oculum
998 2281 1094 2335 move,
1118 2263 1213 2328 donec
1237 2266 1445 2327 transversale
1469 2285 1539 2328 cor-

184 2349 272 2412 nibus
305 2349 415 2426 Lunae,
443 2349 642 2412 subtendatur
674 2367 712 2410 ex
745 2369 849 2430 aequo.
902 2351 1021 2430 Regula
1053 2353 1194 2414 ostendet
1221 2351 1250 2416 in
1285 2355 1395 2416 circulo
1428 2355 1541 2435 gradus

147 2443 152 2450 “
183 2439 386 2502 inclinationis
415 2438 580 2520 quaesitos.
628 2437 735 2500 Solent
761 2439 1028 2504 instrumentorum
1057 2441 1276 2504 metallicornm
1307 2444 1439 2506 artifices
1463 2463 1539 2525 qua-

183 2529 323 2590 drantem
346 2527 375 2589 in
399 2528 520 2610 planum
544 2525 698 2590 verticalis
727 2537 946 2608 competentem
979 2529 1100 2610 infigere
1128 2530 1254 2611 tripodi,
1288 2539 1320 2594 et
1342 2533 1372 2594 in
1397 2532 1540 2595 circulum

183 2615 345 2678 immittere
379 2617 575 2698 quadrantem
611 2624 715 2697 aperto
747 2618 882 2692 alveolo;
915 2618 1057 2680 circulum
1088 2637 1158 2680 vero
1184 2638 1222 2680 ex
1245 2620 1360 2682 dnobus
1392 2620 1541 2701 oppositis

183 2707 304 2787 punctis
328 2706 357 2767 in
384 2705 462 2767 linea
485 2705 631 2769 horizonti
654 2705 801 2786 parallelo
822 2707 919 2769 eidem
942 2706 1054 2790 tripodi
1079 2707 1212 2788 ailigere.
1250 2709 1285 2771 Id
1308 2709 1539 2772 instrumentum

184 2795 321 2876 apprime
345 2803 392 2857 est
415 2795 497 2858 utile.

271 2883 339 2947 Hac
362 2883 523 2947 rationein
539 2883 644 2963 eclipsi
660 2883 764 2946 Lunae
788 2883 940 2958 utendum,
966 2885 1015 2947 ubi
1035 2892 1169 2946 nostrum
1188 2886 1420 2948 instrumentum
1444 2887 1540 2968 eclip-

180 2974 274 3036 ticum
297 2993 354 3035 rron
379 2974 455 3034 satis
479 2973 591 3035 clarum
615 2981 753 3051 praestat
776 2971 892 3033 radium
915 2973 1019 3036 Lunae
1044 2973 1209 3038 deficientis
1233 2976 1262 3036 in
1286 2975 1424 3051 obscuro,
1450 2985 1540 3056 atque

180 3063 284 3126 radius
307 3061 371 3139 ipse
396 3063 599 3142 praesentiam
629 3063 749 3124 accensi
777 3061 855 3122 cerei
879 3082 935 3122 non
966 3063 1025 3124 fert
1048 3062 1087 3124 ad
1117 3063 1347 3126 dinumerandos
1371 3064 1400 3126 in
1425 3065 1541 3127 tabella

179 3153 294 3232 gradus
318 3149 562 3214 inclinationum:
588 3157 641 3211 ant
660 3151 686 3212 si
709 3151 814 3212 crebra
838 3169 990 3214 cereorum
1011 3171 1076 3214 cum
1101 3155 1233 3216 tenebris
1257 3155 1438 3232 permutatio
1462 3152 1540 3215 visui

180 3241 210 3302 in
236 3240 438 3320 dignoscendo
463 3240 547 3302 radio
571 3238 783 3320 impedimento
807 3248 865 3300 est.
912 3242 947 3302 In
972 3242 1048 3302 hunc
1076 3242 1196 3304 modum
1225 3242 1383 3305 observavi
1414 3243 1538 3323 eclipsin

184 3329 306 3404 Lunae,
338 3349 413 3412 quae
448 3327 504 3391 luit
534 3348 610 3389 anno
643 3325 736 3392 1603.
776 3325 823 3392 14.
849 3325 901 3391 24.
927 3330 1019 3406 Maii,
1055 3332 1140 3410 cnjus
1172 3331 1393 3396 observationis
1428 3333 1537 3396 seriem

184 3418 342 3498 subjiciam
365 3417 544 3500 problemati
569 3417 622 3480 21.

272 3507 464 3570 Problema
499 3506 587 3568 XIX.
650 3505 890 3586 Populariter
927 3508 1102 3586 quasdam
1145 3509 1342 3591 utriusque
1381 3509 1542 3591 deliquii

181 3596 453 3660 inclinationes
478 3604 674 3659 annotare.
712 3593 843 3675 Respice
867 3594 1029 3674 diligenter
1047 3598 1086 3658 ad
1106 3618 1143 3660 ea
1158 3608 1319 3672 momenta,
1345 3618 1410 3660 cnm
1434 3599 1541 3662 umbra

182 3685 319 3767 praecise
352 3687 400 3748 vel
424 3685 453 3748 in
486 3685 599 3746 vertice
630 3691 679 3745 est
710 3682 758 3744 vel
785 3683 813 3745 in
847 3683 908 3745 ima
940 3685 1093 3748 luminaris
1123 3697 1211 3767 parte
1243 3689 1291 3750 vel
1321 3688 1359 3749 ab
1393 3689 1540 3750 alterutro

182 3778 294 3850 latere,
318 3776 374 3837 hoc
398 3783 447 3838 est
469 3793 536 3837 cum
560 3791 672 3835 cornua
695 3773 743 3834 vel
766 3773 902 3852 praecise
934 3793 1051 3838 sursum
1081 3776 1189 3855 supina
1210 3777 1258 3838 vel
1282 3777 1421 3838 deorsum
1445 3794 1542 3855 prona

183 3873 331 3944 vergunt,
363 3865 410 3926 vel
439 3865 478 3926 ad
509 3861 752 3943 perpendicnlum
784 3871 886 3924 erecta
918 3870 1010 3926 stant.
1057 3865 1136 3928 Nam
1167 3885 1225 3928 non
1260 3863 1349 3926 facile
1382 3864 1429 3926 hic
1461 3865 1541 3926 lallit

183 3954 368 4016 aestimatio.
420 3954 504 4016 Haec
534 3958 686 4015 momenta
723 3950 882 4031 diligenter
917 3962 1030 4016 annota
1065 3954 1161 4014 modis
1194 3954 1248 4027 iis,
1282 3951 1331 4032 qni
1366 3961 1539 4033 sequuntur.

184 4043 284 4123 Hujus
307 4044 461 4123 praecepti
485 4043 579 4104 multa
603 4040 741 4119 exempla
769 4040 999 4119 suppeditantur
1023 4061 1060 4104 ex
1083 4041 1344 4105 observationibus
1369 4040 1540 4122 lychnitis:

184 4131 335 4212 etiamque
359 4151 397 4192 ex
420 4131 467 4208 iis,
494 4150 569 4211 quse
593 4152 612 4192 a
635 4149 682 4190 me
706 4127 870 4191 observata
887 4131 952 4209 jam
975 4132 1081 4194 statim
1104 4131 1292 4212 subjungam.

228 4273 314 4336 Alio
343 4271 446 4336 modo
475 4271 553 4335 sine
581 4271 825 4334 instrumento
858 4271 1011 4352 deliquii
1035 4271 1192 4335 Lunaris
1221 4271 1494 4337 inclinationes

766 4367 956 4423 annotare.

271 4487 352 4550 Pene
376 4494 410 4550 ut
432 4485 514 4566 prins
539 4493 675 4566 tempora
699 4492 780 4560 nota,
806 4485 924 4566 quaudo
948 4505 1058 4549 comna
1073 4487 1178 4548 Lunae
1201 4505 1268 4548 cnm
1292 4484 1393 4566 aliqua
1415 4485 1540 4550 fixarum

185 4584 240 4638 aut
267 4575 457 4656 planetarum
487 4575 660 4637 coincidunt
682 4575 712 4636 iu
745 4576 871 4636 eandem
903 4585 1017 4637 rectam
1047 4583 1099 4636 aut
1129 4574 1225 4636 eidem
1254 4575 1540 4658 perpendiculariter

184 4665 391 4728 obvertuntur.
438 4663 501 4728 Sed
524 4672 595 4728 tnnc
619 4664 648 4726 in
673 4661 870 4726 extricatione
894 4655 1062 4726 memineris
1092 4663 1282 4743 parallaxeos
1305 4663 1424 4741 Lunae,
1449 4684 1540 4747 prae-

185 4755 291 4817 sertim
305 4755 332 4817 si
347 4755 385 4817 ad
409 4754 529 4818 stellam
553 4752 683 4816 vicinam
707 4760 884 4833 comparata
899 4753 964 4816 luit.
1002 4753 1101 4816 Aliter
1125 4753 1203 4815 enim
1226 4772 1336 4816 cornua
1359 4754 1417 4817 ruit
1439 4753 1540 4836 appli-

185 4853 311 4922 catura,
345 4843 372 4905 si
402 4862 440 4904 ex
469 4850 572 4906 centro
597 4841 708 4904 Terrae
743 4850 883 4921 spectata
915 4841 1033 4906 inisset.
1079 4841 1145 4904 Hoc
1177 4861 1266 4906 unum
1294 4843 1319 4906 si
1347 4849 1471 4921 teneas,
1504 4843 1541 4906 de
