3702 5532
769 321 851 386 Caput
867 319 910 372 XI.

163 496 255 561 etiem
270 492 457 579 'expediendi
479 493 635 577 problema
654 493 707 561 30.
754 497 823 562 An-

163 588 250 670 gulus
283 587 362 650 enim
393 585 522 666 insignis
554 591 610 648 est.
659 584 773 651 Gentro
797 589 828 651 A

161 675 312 740 scribatur
339 674 466 739 circulus
496 675 629 756 corporis
653 673 734 738 Solis
759 674 824 753 00,

160 765 190 829 in
205 785 262 846 quo
278 762 339 828 OA
351 763 537 837 verticalem,
555 763 611 828 Ac
628 765 824 842 horizontem,

160 853 216 918 AB
241 853 410 934 eclipticam
434 859 656 936 repraesentet,
682 862 714 915 et
737 851 823 916 OAB

161 944 203 1006 sit
216 938 286 1008 67⁰.
309 941 390 1006 Nam
404 941 430 1006 si
446 941 505 1005 ΟΑ
525 949 607 1006 esset
629 943 820 1018 meridianus,

160 1039 279 1096 secaret
307 1032 365 1094 AB
395 1033 424 1094 in
457 1033 489 1094 A
520 1026 578 1094 10⁰
601 1041 648 1099 Ε
680 1031 743 1114 (qui
774 1039 823 1094 cst

160 1121 242 1184 locus
275 1119 373 1195 Solis)
404 1121 513 1202 angulo
544 1115 605 1184 660
636 1115 700 1186 480.
752 1121 827 1183 Jeltl

159 1229 230 1272 vero
255 1208 316 1272 OA
339 1217 388 1274 est
420 1211 500 1272 ultra
531 1209 686 1273 meridiem
717 1227 824 1272 versus

159 1299 394 1380 nonagesimum,
413 1299 480 1361 ideo
494 1300 584 1380 paulo
599 1299 717 1363 rectior.
745 1297 825 1370 Quia

160 1406 231 1468 ergo
255 1388 420 1451 Maestlino
452 1388 627 1468 principium
662 1388 826 1450 declinavit

160 1472 200 1542 90
223 1477 262 1539 ad
285 1485 397 1551 ortum,
427 1495 499 1557 ergo
528 1477 569 1537 sit
593 1475 647 1538 ΟΡ
670 1471 709 1540 90
733 1484 763 1538 et
788 1497 825 1538 ex

160 1567 192 1628 A
213 1585 269 1646 per
291 1565 316 1627 Ρ
344 1575 429 1629 recta
458 1563 612 1646 ejiciatur,
645 1583 682 1627 ex
705 1563 731 1628 P
754 1583 823 1627 vero

160 1653 307 1717 diameter
338 1655 442 1717 Lunae
478 1653 539 1716 PM
575 1654 757 1716 extendatur
794 1661 825 1716 et

159 1751 264 1806 centro
288 1743 323 1805 M
345 1745 496 1808 scribatur
517 1741 575 1805 PG
603 1743 730 1806 circulus
755 1743 823 1805 dia-

159 1833 248 1896 metri
269 1832 387 1895 Lunae.
433 1833 476 1895 Et
504 1833 575 1912 quia
606 1831 739 1894 maxima
767 1833 869 1904 obq
936 1847 956 1885 n

160 1922 293 1984 scuratio
319 1915 450 2006 iuit2¹l²
479 1921 649 2004 digitorum,
675 1921 827 1983 dividetur
1146 1943 1151 1951 ·

160 2015 231 2090 ergo
255 2009 316 2082 ΑΩ
339 2009 580 2085 semidiameter,
613 2017 645 2072 ut
669 2008 714 2080 QJ
737 2011 777 2076 sit
800 2005 875 2094 2¹1„
900 2009 946 2073 IA
970 2005 1052 2092 3¹1„
1084 2018 1116 2073 et
1147 2017 1251 2073 centro
1280 2007 1516 2072 Adiestemate

160 2099 205 2163 AI
234 2101 371 2162 circellus
402 2101 587 2174 delineetur,
621 2117 708 2180 quern
737 2108 846 2182 tangat
874 2108 971 2175 recta,
1006 2121 1082 2181 quae
1111 2101 1217 2162 eadem
1242 2106 1273 2160 et
1296 2097 1437 2161 circulum
1459 2095 1518 2162 PG

160 2189 269 2270 tangit,
295 2199 395 2252 taetus
419 2191 461 2250 sit
485 2189 512 2250 in
538 2189 561 2250 l.
607 2187 690 2270 Ergo
719 2191 908 2252 continuetur
933 2189 978 2252 Al
1006 2198 1038 2252 et
1061 2209 1099 2252 ex
1122 2189 1138 2252 I
1161 2187 1386 2252 semidiameter
1413 2185 1518 2250 Lunae

160 2279 340 2340 extendatur
362 2277 422 2354 IN,
456 2285 652 2340 connectatur
679 2279 756 2353 MN,
791 2287 822 2340 et
853 2279 1042 2344 continuetur
1070 2279 1109 2343 ad
1140 2297 1324 2340 communem
1350 2277 1517 2340 sectionem

160 2384 228 2427 cnm
251 2365 308 2430 BA
341 2367 497 2447 ecliptica,
531 2385 607 2447 quae
631 2367 671 2428 sit
694 2367 732 2429 D.
779 2367 848 2431 Erit
871 2367 965 2431 MDA
997 2368 1124 2449 angulus
1154 2365 1283 2429 visibilis
1315 2366 1383 2430 viae
1410 2365 1518 2429 Lunae

161 2451 224 2518 270
247 2455 317 2529 iere,
342 2465 376 2517 ut
398 2457 572 2519 mechanica
595 2456 738 2518 ostendit.
773 2455 853 2528 Quia
877 2459 954 2518 enim
977 2457 1123 2538 principio
1148 2464 1282 2519 centrum
1305 2455 1409 2518 Lunae
1434 2463 1517 2518 certo

160 2543 189 2604 iu
214 2543 255 2616 M,
282 2543 338 2606 ibit
361 2546 452 2624 igitur
474 2546 554 2606 viam
579 2553 632 2606 aut
655 2545 793 2607 altiorem
817 2545 880 2607 MN
904 2547 1001 2608 etsie
1025 2565 1083 2608 nou
1108 2540 1168 2626 2¹),
1198 2544 1310 2625 digitos
1339 2551 1438 2624 teget,
1464 2550 1520 2608 aut

159 2633 380 2711 profundiorem
405 2635 502 2696 etsie
526 2635 592 2714 plus
615 2641 709 2714 teget.
753 2633 835 2716 Ergo
860 2635 956 2697 solam
979 2635 1072 2698 MND
1095 2635 1176 2696 viem
1199 2633 1242 2696 ire
1265 2633 1424 2695 videbitur.

248 2719 297 2784 Ex
320 2743 387 2784 mea
410 2723 621 2786 observatione
643 2721 734 2803 paulo
754 2723 848 2784 minor
866 2723 968 2804 prodit
991 2725 1128 2804 ungulus,
1154 2730 1203 2785 eet
1217 2722 1295 2784 enim
1319 2721 1364 2784 uti
1387 2719 1517 2783 visibilis

157 2818 279 2872 tantum
302 2811 347 2873 ita
370 2811 498 2874 diversis
516 2812 591 2874 locis
615 2811 761 2874 diversus.
800 2811 843 2873 Et
865 2813 939 2874 mihi
958 2819 989 2875 et
1013 2813 1142 2875 altitudo
1166 2812 1227 2893 poli
1250 2810 1394 2872 minoret
1417 2809 1516 2872 oriens

158 2897 284 2962 vicinior
308 2909 384 2964 eret.
433 2901 531 2980 Supra
565 2901 643 2962 enim
673 2901 770 2980 probi.
795 2899 848 2962 27.
882 2902 962 2964 iuter
988 2901 1148 2964 Huennam
1178 2909 1210 2962 et
1233 2899 1374 2962 Gratiam
1400 2894 1440 2961 40
1463 2895 1517 2962 30‘

159 2987 356 3067 longitudinis
380 2999 475 3055 erant.
522 2989 639 3052 Deinde
662 2987 757 3069 probl.
782 2986 837 3053 29.
862 2989 940 3052 inter
962 2990 1130 3070 Tubingam
1154 2997 1186 3051 et
1207 2990 1366 3053 Hueunam
1389 2983 1429 3050 20
1450 2983 1515 3062 450,

159 3093 229 3156 ergo
253 3077 333 3140 inter
355 3079 522 3158 Tubiugaru
545 3087 577 3142 et
602 3077 742 3142 Gratium
766 3073 804 3142 7⁰
829 3076 890 3153 150,
915 3079 1043 3142 circiter.

249 3163 325 3230 Cum
348 3187 419 3249 ergo
449 3169 521 3231 mihi
546 3168 679 3250 coeperit
702 3167 731 3228 in
755 3169 884 3242 vertice,
910 3169 1100 3231 continuetur
1122 3165 1181 3229 AO
1210 3173 1242 3228 et
1269 3165 1310 3230 sit
1334 3161 1393 3228 OK
1421 3165 1514 3228 semi·

157 3256 305 3318 diameter
318 3257 433 3332 Lunae,
460 3255 519 3319 ΟΗ
542 3258 669 3321 circulus
694 3256 769 3336 ejus,
793 3255 850 3318 RE
875 3257 961 3336 digiti
984 3266 1057 3333 tres,
1081 3255 1140 3318 ΕΗ
1159 3263 1288 3335 tangens
1310 3254 1383 3317 ioli}
1406 3273 1514 3334 corpus

157 3345 273 3421 Lunae,
296 3344 353 3407 EL
376 3345 601 3410 semidiameter
623 3347 741 3420 Lunae,
768 3355 799 3407 et
821 3355 933 3426 punctu
955 3347 996 3422 K,
1020 3347 1047 3410 L
1071 3351 1300 3420 connectantur,
1326 3344 1458 3424 haecque
1482 3351 1515 3404 et

157 3433 298 3512 ecliptica
322 3436 532 3498 continuentur
555 3435 649 3497 donec
671 3435 701 3498 iu
720 3435 745 3498 F
769 3443 955 3498 concurrant.
993 3436 1120 3500 Facient
1144 3433 1284 3513 angulum
1306 3433 1427 3496 circiter
1442 3427 1511 3494 20⁰.

156 3521 269 3584 Nescio
293 3531 394 3585 tamen
418 3545 457 3586 an
480 3543 539 3586 nou
563 3525 659 3605 major
682 3524 819 3586 delemus
844 3525 986 3588 evaserit.
1033 3525 1113 3590 Nam
1136 3525 1230 3586 uubes
1254 3521 1407 3584 dimidium
1431 3528 1510 3582 tem-

155 3609 238 3690 poris
263 3621 460 3694 occuparunt,
495 3632 570 3693 quae
594 3622 627 3675 et
649 3614 736 3675 linem
761 3613 862 3675 forsan
887 3623 918 3675 et
941 3613 1103 3678 maximum
1135 3611 1295 3674 deiectum·
1313 3611 1512 3674 occultarunt.

246 3697 440 3765 Problema
462 3701 597 3766 XXXII.
642 3701 697 3765 An
732 3701 804 3764 iter
836 3701 990 3766 visibile
1023 3702 1142 3766 centri
1172 3701 1294 3764 Lunae
1325 3699 1376 3762 sit
1407 3705 1514 3761 recta

156 3788 272 3863 linea,
306 3790 371 3852 hoc
396 3799 455 3854 est
477 3811 522 3853 en
546 3811 588 3854 ex
620 3789 796 3873 principii
824 3798 861 3853 et
894 3789 982 3854 linis
1013 3789 1287 3856 observatione
1320 3784 1514 3869 quantitas

155 3877 306 3940 maximi
330 3879 503 3942 deiectus
527 3881 625 3944 citra
648 3899 809 3944 errorem
832 3880 1015 3946 habeatnr
1033 3881 1177 3944 usitata
1194 3877 1277 3942 via?
1300 3877 1371 3940 Hic
1389 3875 1514 3956 agitur

155 3965 197 4027 de
222 3965 462 4030 correctione
486 3969 742 4050 subjungenda
763 3969 991 4048 problemati
1015 3967 1067 4034 30.
1094 3978 1130 4032 et
1151 3965 1371 4050 praeceptis
1394 3963 1512 4028 usita-

154 4055 205 4116 tis
230 4055 271 4117 de
297 4057 484 4120 formando
508 4066 594 4140 typo
619 4059 811 4138 eclipseos.
859 4057 991 4122 Primum
1015 4057 1089 4122 illud
1112 4056 1188 4120 satis
1221 4057 1335 4119 olerum
1357 4059 1416 4128 est,
1450 4059 1514 4116 tem

152 4161 278 4224 parvum
303 4145 444 4226 spatium,
469 4147 643 4228 quantulum
667 4147 754 4209 Luna
777 4145 902 4210 trihorio
927 4148 1056 4223 conficit,
1081 4155 1183 4211 rectae
1213 4141 1422 4226 aequiparari,
1454 4139 1513 4204 etsi

153 4251 248 4294 curva
271 4243 319 4296 est
342 4235 423 4298 circa
442 4245 576 4298 centrum
591 4237 703 4298 Terrae
727 4237 940 4300 circumducta.
979 4237 1093 4300 Verum
1116 4235 1153 4299 de
1177 4235 1233 4298 hoc
1251 4233 1317 4313 jam
1336 4251 1394 4296 noo
1418 4248 1512 4312 quae-

153 4323 250 4384 ritur:
284 4323 337 4384 sed
362 4325 399 4387 de
428 4325 496 4398 illo,
525 4345 562 4388 an
596 4332 730 4388 centrum
753 4325 861 4406 Lunae,
881 4325 909 4388 in
943 4323 1049 4389 eodem
1077 4323 1188 4390 circulo
1218 4341 1327 4404 magno
1360 4326 1514 4406 spectetur

153 4417 219 4472 toto
243 4419 379 4492 tempore
403 4415 594 4478 durationis?
618 4413 694 4476 Ilico
718 4435 775 4477 oon
799 4435 866 4478 esse
891 4435 1016 4480 necesse
1040 4422 1074 4478 ut
1096 4413 1153 4478 hoc
1175 4411 1230 4476 liat
1252 4429 1380 4491 semper.
1418 4409 1512 4470 Posse

153 4502 232 4561 enim
256 4499 320 4562 fieri
352 4501 505 4566 incurvam
529 4505 619 4566 viam.
664 4503 744 4567 Nam
774 4505 843 4586 quia
867 4507 906 4568 ad
929 4505 1035 4568 Lunae
1063 4503 1143 4566 viam
1171 4508 1352 4566 concurrunt
1382 4497 1513 4561 latitudo

152 4607 228 4650 vera
252 4597 284 4652 et
313 4593 479 4670 parallaxis
503 4593 532 4656 in
563 4593 684 4674 longum
717 4601 749 4655 et
781 4593 893 4656 latum:
928 4592 1007 4676 quod
1036 4611 1139 4654 veram
1171 4589 1291 4672 quidem
1323 4587 1513 4650 latitudinem

152 4679 283 4748 attinet,
316 4699 352 4742 eu
382 4680 463 4744 circa
492 4683 587 4746 nodos
618 4701 695 4764 pene
727 4684 971 4764 proportionetur
1003 4680 1150 4746 confectis
1189 4677 1299 4760 spatiis
1329 4677 1431 4758 itaque
1464 4675 1513 4740 bic

152 4775 268 4830 rectam
299 4767 410 4836 lineam
442 4771 516 4835 nihil
547 4772 659 4834 turbat.
706 4773 894 4855 Aequalibue
928 4771 1006 4835 enim
1039 4768 1224 4850 temporibus
1255 4787 1344 4850 quam
1376 4766 1512 4858 proxime

152 4855 323 4936 aequaliter
346 4859 482 4922 evehitur
505 4859 533 4921 in
558 4862 681 4940 plagas,
706 4861 874 4942 aequaliter
897 4869 929 4924 et
951 4859 1124 4941 provehitur
1147 4859 1177 4922 iu
1201 4864 1308 4922 ortum.
1357 4855 1419 4920 Sed
1443 4855 1513 4938 quia

1245 4959 1300 5012 25·
