3652 5532
871 293 910 342 Da
929 289 1009 342 Stella
1025 289 1098 340 Nora
1115 287 1266 354 &aaaron

927 523 1047 622 Caput
1073 519 1200 596 XXII.

540 704 715 768 Materiam
736 699 822 766 Noui
845 701 973 766 Sideris
987 701 1094 784 suinae
1117 697 1286 777 coalescere,
1310 709 1340 765 et
1362 703 1402 764 de
1424 708 1498 765 ortu
1522 701 1597 789 ejua.

475 863 605 944 Rejecta
620 861 711 942 igitur
731 881 830 924 eorum
846 860 1007 936 sententia,
1033 859 1081 942 qui
1095 847 1433 940 perennemfaciebant
1455 860 1566 924 sideris
1589 859 1713 921 materiam

387 966 419 1018 et
441 973 558 1032 corpus,
583 953 718 1032 sequitur
741 960 775 1014 ut
798 951 888 1013 etiam
902 949 1083 1014 contrariam
1100 950 1274 1028 expendam.
1313 952 1418 1032 ltaque
1439 951 1466 1012 si
1484 952 1522 1012 de
1539 969 1612 1012 novo
1626 948 1714 1009 exstitit

388 1046 434 1106 vel
459 1041 587 1105 materia
610 1041 697 1121 hujus
721 1043 873 1116 flammas,
906 1041 954 1101 vel
987 1058 1095 1120 corpus
1123 1039 1209 1118 hujus
1234 1040 1356 1114 stellae,
1383 1049 1445 1105 ,aut
1468 1049 1593 1120 oportet
1613 1049 1715 1098 creatun

387 1153 454 1196 esse
478 1130 621 1193 divinitus
645 1139 700 1191 aut
723 1131 822 1210 aliqua
846 1139 972 1193 naturae
995 1129 1025 1190 vi
1049 1135 1238 1210 prognatum.
1284 1130 1462 1211 Priusquam
1483 1138 1585 1191 autem
1600 1127 1634 1188 ad
1650 1145 1713 1188 crea-

265 1208 268 1218 *
385 1225 511 1293 tionem,
543 1221 600 1282 hoc
633 1227 681 1280 est
713 1219 752 1281 ad
783 1219 871 1282 finem
904 1219 1000 1280 omnis
1034 1217 1246 1298 disputationis
1270 1220 1442 1294 veniamus,
1478 1217 1625 1281 tentanda
1645 1216 1715 1275 onnia

386 1311 535 1373 existimo.
583 1307 670 1378 Quod
695 1309 831 1388 equidem
856 1315 942 1371 tanto
965 1307 1043 1370 lucio
1067 1306 1233 1380 lubentius,
1267 1309 1344 1389 quod
1374 1309 1509 1384 videam,
1544 1307 1622 1368 intra
1647 1323 1713 1365 annos

386 1399 428 1463 30
451 1401 528 1461 harre
548 1397 612 1478 J'am
637 1407 774 1478 quartam
798 1405 852 1460 aut
875 1405 955 1461 certe
978 1396 1101 1459 tertiam
1124 1414 1191 1457 esse
1216 1415 1323 1458 novam
1347 1399 1487 1461 stellam:
1522 1395 1651 1478 quodque
1669 1393 1714 1455 Pli-

387 1491 453 1554 nius
479 1489 570 1550 etiarn
595 1485 623 1549 in
627 1495 672 1550 ter
696 1505 774 1548 nora
797 1487 911 1561 sidera,
943 1504 1019 1566 quae
1043 1493 1164 1546 comata
1187 1495 1256 1547 sunt
1280 1487 1513 1568 utplurimum,
1544 1483 1714 1547 unumetim

387 1599 482 1660 genus
507 1575 601 1639 faciat
624 1575 833 1639 immobilium.
857 1576 934 1638 unde
958 1573 1117 1656 conjicias,
1152 1580 1184 1636 et
1214 1575 1283 1636 clim
1306 1577 1431 1638 fixarum
1463 1575 1616 1654 regionem
1637 1573 1714 1672 burins-

388 1667 468 1730 modi
492 1666 593 1727 sidera
615 1665 787 1746 protulisse.
833 1665 899 1730 Nec
922 1663 1021 1726 nullae
1044 1663 1230 1743 suspiciones
1255 1684 1291 1726 ex
1315 1665 1450 1729 historiis
1482 1661 1641 1746 superioris
1662 1659 1714 1720 aeri.

385 1757 465 1819 Vide
498 1755 731 1838 Progymnasm:
762 1753 921 1838 Tychonis.
931 1749 972 1828 ⁸¹)
1019 1750 1135 1823 Quodsi
1168 1753 1271 1832 genita
1304 1764 1429 1817 naturae
1453 1754 1501 1828 vi,
1537 1752 1715 1833 quaeritaret

324 1842 326 1851 ’
387 1847 422 1908 de
447 1854 529 1908 certo
553 1845 701 1906 efficiente
727 1862 780 1906 seu
812 1843 1018 1924 progenitore,
1052 1849 1085 1903 et
1117 1841 1153 1903 de
1183 1845 1318 1907 materia.
1365 1844 1408 1906 Ut
1440 1861 1513 1905 vero
1549 1843 1585 1903 de
1616 1839 1714 1902 matria

385 1935 468 2016 prius
492 1953 580 2012 agam
604 1941 636 1995 et
658 1939 844 2014 pertractum
867 1933 1013 1994 hactenus
1038 1931 1271 2010 disputationem
1294 1932 1407 1995 liniam:
1433 1951 1527 2014 supra
1551 1931 1621 2006 dixi,
1643 1939 1714 1990 matc-

385 2026 461 2087 riam
485 2043 521 2084 ex
545 2024 639 2084 Terra
661 2042 718 2085 non
744 2023 844 2086 fuisse.
891 2021 939 2082 Ex
964 2020 1046 2082 coelo
1070 2021 1160 2100 igitur
1184 2021 1239 2083 luit
1262 2023 1400 2084 desumto
1422 2021 1570 2096 rnateria3
1602 2018 1715 2098 siquiden

277 2155 278 2164 ι
386 2115 486 2193 aliquo
509 2121 599 2192 pacto
623 2113 730 2173 stellae
755 2109 909 2191 generatio
934 2109 1009 2180 (etsi
1034 2118 1213 2186 monstrosa,
1239 2119 1272 2173 ut
1291 2113 1442 2192 anguillae
1459 2110 1601 2190 genitura
1622 2110 1647 2169 in
1668 2107 1714 2167 alu

385 2203 530 2274 humano)
562 2208 668 2281 potest
696 2206 821 2262 naturae
855 2199 967 2262 viribus
999 2198 1169 2262 transcribi.
1225 2201 1303 2262 Nam
1338 2201 1415 2263 citra
1445 2201 1607 2262 materiam
1638 2208 1715 2257 natura

386 2289 458 2352 nihil
482 2297 630 2370 procreat.
676 2289 719 2351 Et
742 2290 874 2370 quidem,
909 2288 935 2350 ai
968 2297 1103 2350 cornetae
1132 2288 1160 2349 in
1185 2291 1268 2350 coelo
1293 2298 1375 2360 sunt,
1410 2289 1453 2364 si,
1489 2289 1570 2372 quod
1602 2282 1714 2363 exemplis

387 2379 585 2442 demonstrari
608 2385 725 2458 potest,
759 2397 797 2440 ex
818 2377 1050 2458 profundissimo
1084 2377 1206 2439 aethere
1231 2379 1379 2440 Tellurem
1411 2397 1521 2440 uersus
1555 2303 1690 2439 ferunturp
1695 2381 1714 2431 et

388 2469 550 2550 aliquando
571 2468 703 2548 proxime
729 2467 806 2530 hanc
829 2475 911 2529 motu
934 2475 1016 2530 recto
1041 2475 1246 2547 praetereunt,
1279 2468 1304 2530 si
1333 2487 1428 2530 novae
1459 2468 1541 2529 inter
1565 2467 1641 2548 ipsas
1661 2464 1713 2524 firu

387 2559 521 2621 oriuntur
543 2557 669 2620 stellae:
693 2557 762 2639 quid
785 2555 927 2636 prohibet
950 2556 1108 2629 affirmare,
1133 2555 1202 2618 illas
1225 2576 1262 2618 ex
1278 2557 1413 2620 aetheria
1432 2565 1575 2619 constare
1592 2549 1713 2616 essentia?

476 2647 566 2708 Hic'
552 2668 619 2728 Jam
642 2665 734 2727 supra
756 2646 867 2730 mentio
891 2646 974 2707 lacta
997 2651 1045 2706 est
1065 2645 1281 2724 pulcherrimae
1300 2647 1480 2722 sententiae,
1506 2665 1596 2727 quarn
1608 2642 1713 2705 Bralreus

386 2735 476 2800 dixit:
512 2737 617 2799 stellas
645 2736 813 2817 hujusmodi
835 2734 985 2816 procreari
1015 2753 1053 2796 ex
1084 2734 1136 2795 via
1162 2736 1271 2797 lactea.
1319 2735 1360 2798 Et
1390 2735 1472 2798 visus
1498 2743 1548 2796 est
1570 2733 1713 2796 confirmare

387 2846 450 2889 rem
475 2846 564 2887 sensu
588 2826 749 2898 oculorum,
774 2833 898 2886 ostensa
921 2825 1029 2886 lacuna
1052 2842 1087 2884 eo
1111 2823 1185 2899 loco,
1211 2843 1268 2906 quo
1292 2825 1374 2898 sidus
1398 2825 1468 2886 anni
1497 2821 1592 2888 1572.
1617 2818 1713 2888 effulsit;

388 2915 473 2996 quasi
497 2914 595 2994 portio
620 2913 673 2976 illa
695 2916 839 2976 materiae
862 2913 892 2975 in
917 2931 1023 2992 corpus
1048 2911 1156 2975 sideris
1180 2921 1286 2976 coacta
1311 2914 1415 2988 fuerit,
1445 2932 1525 2995 quae
1555 2910 1713 2994 postmodun

295 3039 299 3051 ι
388 3006 516 3066 fortasse
549 3004 783 3084 conflagraverit
814 3009 867 3066 aut
899 3001 1048 3083 dissipata
1081 3001 1180 3064 luerit.
1235 3001 1291 3065 Oui
1327 3003 1534 3083 experimento
1567 3000 1672 3063 accedit
1695 3003 1714 3054 el

389 3101 493 3154 nostra
514 3093 589 3154 haec
613 3112 691 3154 nova
713 3093 818 3166 stella,
852 3092 937 3172 cujus
970 3099 1092 3152 exortus
1124 3110 1241 3154 rursum
1273 3093 1303 3154 in
1336 3091 1494 3154 confinium
1529 3092 1596 3153 viae
1627 3091 1712 3152 lacteae

388 3181 507 3243 cecidit.
555 3180 640 3251 Quae
664 3201 735 3244 vero
759 3202 836 3243 anno
862 3177 957 3245 1600.
988 3179 1017 3241 in
1043 3177 1148 3262 Cygno
1181 3173 1293 3244 effulsit
1329 3182 1405 3262 (qua
1436 3181 1528 3243 dein
1555 3177 1712 3261 appendice),

389 3269 478 3350 plane
502 3270 531 3331 in
556 3269 622 3350 ipso
644 3270 733 3350 pleno
757 3272 837 3333 lacto
861 3271 957 3344 fulget
979 3270 1152 3331 etiamnum.
1199 3269 1240 3332 Et
1271 3273 1370 3351 poesis
1402 3270 1460 3332 huo
1492 3269 1611 3332 trahere
1641 3265 1711 3328 trudi·

390 3360 502 3421 tionem
515 3357 693 3421 Aristotelis
707 3368 738 3421 et
753 3359 851 3433 Plinii,
876 3359 924 3440 qui
944 3367 1077 3421 cometas
1095 3358 1298 3439 utplurimum
1314 3359 1400 3441 ajunt
1414 3361 1469 3421 sub
1486 3361 1588 3422 lactea
1601 3359 1713 3422 existere

389 3447 416 3508 si
446 3455 558 3510 certum
588 3455 683 3521 esset,
716 3449 813 3552 loqui
828 3449 897 3511 illos
930 3447 1020 3509 etiam
1050 3449 1087 3509 de
1116 3447 1184 3510 lixis
1214 3448 1309 3511 novis.
1354 3449 1399 3512 Ut
1427 3467 1500 3510 vero
1524 3450 1611 3512 fidem
1633 3443 1712 3508 facian

390 3545 512 3599 nostrae
534 3535 640 3598 Novae
665 3538 702 3598 de
725 3537 835 3598 vicinia
857 3537 925 3598 viae
958 3537 1093 3611 lacteae,
1123 3555 1179 3617 aga
1210 3557 1247 3598 ex
1268 3537 1444 3600 Ptolemaeo
1470 3532 1712 3618 excerpamusde·

390 3625 582 3707 scriptionem
606 3627 669 3707 ejus
693 3626 751 3688 loci
775 3627 863 3706 plane
887 3625 1131 3700 curiosissimum,
1157 3633 1189 3688 et
1205 3635 1238 3689 ut
1259 3627 1325 3708 ipse
1340 3627 1535 3691 Ptolemaeus
1560 3627 1610 3703 ait,
1632 3641 1713 3721 reprap

391 3737 496 3798 yorarq
519 3735 721 3819 nuqaaqpqoar
744 3717 866 3778 f.actam
913 3713 1001 3786 Quod
1031 3715 1148 3797 quidem
1180 3724 1267 3778 tanto
1297 3717 1395 3796 magis
1428 3717 1639 3790 necessarium,
1667 3709 1713 3792 qnia

391 3807 474 3869 locus
498 3804 582 3867 ille'
574 3825 603 3866 ιιι
627 3814 729 3868 nostro
753 3805 871 3868 climate
895 3805 1041 3867 horizonti
1070 3806 1145 3866 adeo
1175 3805 1291 3868 vicinus
1321 3815 1385 3884 cst,
1422 3815 1455 3870 ut
1487 3807 1641 3870 candorem
1667 3799 1712 3860 titt

391 3895 510 3957 lacteae
534 3895 572 3956 ob
596 3913 723 3976 vapores
747 3915 805 3957 non
830 3894 917 3956 facile
941 3895 1095 3957 discernas
1118 3891 1193 3957 visu.

480 3995 534 4048 Vin
554 3995 656 4058 lactea,
680 3985 793 4065 inquil,
818 3985 938 4064 apparet
966 3995 1142 4066 aliquatenus
1173 3995 1294 4066 duplex,
1327 3995 1405 4051 initio
1444 3997 1520 4052 lactc
1556 4014 1574 4051 a
1593 3987 1712 4050 Thuribulu

391 4092 479 4146 usque
508 4075 542 4128 ad
565 4074 712 4131 Gallinam.
752 4077 792 4131 Et
820 4091 886 4146 pars
916 4074 999 4145 hujus
1029 4091 1116 4130 zonae
1146 4079 1316 4147 praecedens
1346 4095 1520 4149 nequaquam
1550 4089 1663 4132 connexa
1684 4073 1712 4120 111

393 4155 485 4209 alteri.
526 4155 660 4210 Deiectus
682 4155 753 4211 enim
779 4154 847 4210 iacit
872 4155 960 4224 juxta
990 4156 1193 4222 commissuras,
1226 4174 1297 4228 quae
1328 4164 1394 4212 sunt
1424 4160 1497 4228 apud
1518 4155 1680 4213 Thuribulun
1694 4149 1713 4198 el

393 4243 534 4298 Gallinam
555 4234 623 4306 (seu
646 4232 808 4317 Cygnum).
846 4235 960 4296 Postea
983 4243 1099 4315 partem
1124 4247 1308 4317 sequentem,
1334 4256 1410 4316 quae
1429 4235 1517 4299 hodie
1543 4235 1617 4317 apud
1637 4223 1711 4312 puncti

393 4321 500 4404 tropici
530 4322 657 4384 confinia
688 4325 843 4386 zodiacum
877 4323 1001 4393 transit,
1035 4324 1168 4386 traducit
1191 4345 1209 4386 a
1233 4325 1396 4388 Thuribnlo
1424 4345 1477 4407 per
1511 4327 1592 4388 sidus
1614 4313 1710 4395 Scorpii

392 4430 446 4492 per
465 4410 639 4486 Antinoum,
664 4412 806 4494 Aquilam
830 4421 862 4475 et
876 4411 1028 4493 Sagittam
1053 4414 1090 4474 ad
1117 4411 1280 4478 Gallinam.
1326 4415 1369 4476 Et
1389 4416 1541 4497 descripto
1564 4421 1623 4477 toto
1642 4418 1710 4471 zonae

395 4500 509 4563 ambitu
541 4498 710 4564 subnectit.
743 4514 821 4568 Zona
841 4531 924 4578 vero,
956 4529 1011 4584 qua
1031 4515 1065 4567 da
1085 4513 1179 4584 prius,
1210 4514 1412 4586 interruptione
1431 4523 1465 4572 ut
1485 4515 1542 4572 dixi
1569 4515 1637 4569 rota
1659 4501 1709 4574 apud

394 4591 617 4662 comprehensam
638 4593 777 4648 stellam'
770 4611 798 4648 ιιι
816 4593 967 4648 Thuribulc
988 4592 1104 4665 indeque
1126 4600 1208 4665 capto
1229 4596 1316 4661 initio,
1338 4603 1396 4650 tres
1418 4597 1524 4669 quidem
1545 4597 1622 4651 nodoa
1641 4598 1709 4643 ⁵⁶⁰¹·

396 4687 463 4740 pore
477 4671 633 4742 Scorpionis
654 4673 811 4744 intercipit:
834 4673 915 4728 trium
929 4691 994 4729 reru
1013 4673 1040 4729 in
1055 4691 1168 4745 corpore
1183 4676 1288 4747 Scorpii
1303 4693 1363 4731 earn
1379 4695 1450 4748 quaa
1470 4677 1592 4770 sequitur
1609 4663 1708 4726 excludit

397 4752 521 4822 margine
548 4751 710 4808 occidentali
735 4754 841 4809 distans
862 4756 898 4809 ab
919 4769 955 4808 ea
978 4757 1095 4824 gradum
1116 4773 1207 4810 unum.
1252 4757 1330 4820 Quae
1352 4775 1416 4812 reru
1443 4759 1514 4812 est'
1507 4777 1535 4812 ιιι
1556 4761 1643 4848 quarto
1659 4745 1708 4800 1111ο

397 4829 510 4900 Scorpii,
532 4847 630 4902 purum
650 4834 758 4888 obtinet
778 4839 870 4889 adrem
891 4834 1008 4890 medium
1028 4835 1100 4890 inter
1120 4842 1265 4909 utramque
1286 4855 1392 4903 aonam,
1414 4837 1621 4910 quamproxime
1638 4837 1706 4896 „aqut
