3674 5538
799 291 989 368 Paralipomena
1006 305 1031 354 in
1051 298 1218 356 Vitelllouem.

898 479 1019 580 Caput
1045 481 1111 554 111.

597 639 654 700 De
669 637 890 718 fundamentis
913 641 1099 720 octupla-icas
1118 649 1147 702 et
1167 638 1234 702 loco
1258 642 1416 721 imaginis.

573 779 601 840 1.
636 779 795 842 Relutatio
827 778 981 853 Euclidis,
1015 779 1191 841 Vitellianis
1224 790 1256 842 et
1287 782 1445 846 Alhazeni.

419 925 455 986 In
478 924 545 1002 ipso
574 919 769 984 fundamento
802 921 986 998 catoptrices
1019 921 1292 984 demonstrationes
1325 925 1489 1002 opticorum
1522 925 1684 985 etiamnum

331 1013 475 1092 caligant,
509 1011 577 1072 dum
602 1030 621 1070 a
649 1030 739 1072 sensu
770 1017 879 1089 petunt
909 1007 986 1087 qnod
1011 1017 1042 1069 et
1069 1009 1167 1088 ipsum
1200 1010 1464 1074 demonstrandum
1497 1021 1572 1074 erat.
1619 1013 1684 1074 Nec

330 1102 429 1166 nullus
461 1118 545 1162 error
576 1099 645 1160 inde
677 1099 773 1160 trahit
804 1097 957 1176 originem.
1004 1097 1069 1159 Nos
1100 1099 1129 1159 iu
1162 1096 1280 1178 Opticis
1312 1100 1395 1162 bisce
1427 1102 1465 1162 ob
1498 1101 1627 1182 eclipses
1652 1111 1684 1160 et

330 1187 558 1253 observationes
582 1187 737 1249 stellarum
752 1187 780 1248 in
795 1185 994 1247 retractiones
1017 1186 1193 1265 inquirimus
1212 1188 1406 1268 diligentins:
1431 1190 1470 1251 ad
1484 1189 1684 1251 retractiones

330 1297 402 1340 vero
426 1277 512 1339 nobis
535 1276 689 1354 perhanc
721 1276 861 1337 lacunam
891 1275 1107 1335 transeundum
1136 1275 1200 1336 fuit.
1247 1275 1438 1358 Supplendus
1466 1279 1560 1358 igitur
1582 1285 1613 1338 et
1635 1277 1683 1338 hic

331 1369 425 1436 locus,
450 1364 657 1443 dispellendae
681 1363 818 1433 nebulae,
843 1372 876 1423 ut
900 1361 953 1424 Sol
977 1363 1117 1424 veritatis
1141 1363 1252 1426 clarius
1275 1364 1442 1427 illucescat.

416 1453 558 1516 Euclides
582 1453 690 1514 Theos.
717 1449 768 1526 16,
800 1450 849 1523 17,
876 1447 925 1514 18.
951 1449 1209 1530 Gatoptriccrnm,
1239 1461 1273 1515 ut
1300 1453 1419 1533 probet,
1451 1454 1681 1534 unumquodque

329 1563 441 1618 eornm,
466 1560 542 1623 quae
566 1541 621 1603 sub
645 1548 801 1620 aspectum
824 1540 945 1612 cadunt,
970 1557 1024 1618 per
1041 1541 1122 1601 illius
1144 1541 1422 1620 perpendicularem
1441 1543 1471 1604 in
1495 1543 1684 1621 superficiem

330 1631 444 1713 speculi
478 1629 593 1702 rideri,
627 1629 755 1690 assumit
788 1628 906 1690 lalsnrn.
955 1625 1004 1688 Sit
1035 1629 1190 1707 speculum
1214 1627 1285 1704 CD,
1319 1631 1402 1692 visus
1426 1632 1469 1702 B,
1501 1631 1620 1694 risibile
1644 1633 1683 1700 A,

571 1735 624 1798 rig.
648 1733 690 1784 5³.
942 1717 1198 1795 perpendicularis
1212 1716 1279 1779 AC.
1305 1720 1417 1780 Locum
1431 1719 1524 1798 igitur
1542 1719 1684 1798 imaginis

603 1838 627 1882 1
940 1805 983 1865 rei
999 1807 1027 1866 A
1047 1823 1115 1866 esse
1134 1806 1162 1867 in
1178 1803 1245 1879 AC,
1270 1807 1388 1868 scilicet
1401 1809 1430 1868 in
1445 1807 1481 1881 E,
1503 1807 1547 1879 sic
1562 1807 1682 1888 probat.

854 1897 874 1943 Β
920 1904 1018 1966 'Nam
1043 1893 1147 1973 inquit,
1172 1911 1293 1958 assumto
1308 1907 1368 1959 loco
1389 1907 1495 1976 speculi
1509 1908 1538 1970 C,
1561 1907 1587 1960 in
1603 1923 1683 1977 quem

757 2019 769 2038 s
879 1981 926 2055 l1
940 1985 987 2036 AC
1017 1984 1252 2052 perpendicularis
1288 1985 1397 2050 incidit,
1435 1987 1543 2040 risibile
1571 1991 1597 2040 A
1628 2003 1683 2039 non

698 2061 741 2125 s
756 2035 877 2174 s
941 2073 1058 2142 amplius
1079 2073 1194 2128 ridetur.
1229 2062 1264 2125 Sl
1287 2065 1454 2143 intelligas,
1479 2071 1627 2137 assumto,
1653 2063 1683 2124 id

675 2153 678 2158 '
727 2175 754 2208 κ
941 2161 988 2212 est
1022 2160 1168 2230 occupato
1202 2161 1255 2214 aut
1287 2158 1368 2212 tecto
1401 2153 1467 2214 loco
1499 2151 1540 2227 C,
1574 2152 1684 2213 salsum

941 2247 990 2300 est
1013 2239 1145 2312 axioma,
1180 2242 1316 2319 quamvis
1346 2241 1401 2302 hoc
1429 2241 1571 2302 Euclides
1604 2242 1684 2302 inter

940 2347 996 2388 sna
1014 2327 1053 2388 ab
1077 2327 1262 2407 experientia
1277 2337 1413 2390 mutuata
1435 2330 1592 2409 postulata
1615 2332 1684 2403 (seu

940 2415 1010 2494 qnid
1048 2415 1128 2477 aliud
1165 2423 1231 2490 est,
1274 2417 1352 2498 quod
1397 2417 1447 2480 ille
1485 2418 1589 2480 libello
1626 2417 1682 2478 hoc

938 2525 1120 2582 carroperae
1159 2507 1277 2567 nomine
1321 2505 1471 2584 appellat)
1514 2507 1544 2567 in
1584 2507 1682 2567 frome

941 2592 1010 2653 libri
1042 2591 1186 2653 retulerit.
1232 2595 1311 2655 Nam
1334 2592 1442 2656 etsiC
1475 2601 1598 2672 tegatur
1630 2601 1683 2656 aut

326 2684 416 2766 plane
440 2680 604 2755 auferatur,
630 2680 787 2742 dummodo
812 2681 840 2742 D
864 2688 995 2754 maneat,
1020 2679 1259 2742 nihilominusA
1283 2681 1414 2744 cernitur
1437 2683 1467 2743 in
1490 2682 1517 2742 Ε
1542 2682 1628 2743 ocnlo
1642 2683 1679 2744 B.

414 2769 579 2832 Praeterea
602 2777 633 2830 et
656 2768 764 2830 falsam
786 2771 1011 2848 persuasionem
1035 2786 1141 2847 sapere
1173 2769 1291 2830 videtur
1319 2771 1376 2854 lroc
1407 2769 1526 2832 axioma
1549 2770 1585 2831 de
1609 2789 1680 2832 vero

327 2870 360 2925 et
383 2860 459 2922 reali
483 2877 610 2920 ascensu
634 2857 775 2936 imaginis
800 2859 828 2918 in
854 2857 935 2919 linea
959 2856 1028 2932 OE,
1047 2876 1123 2936 qnae
1147 2857 1266 2934 quidem
1290 2877 1347 2920 nou
1376 2858 1534 2920 admodum
1558 2859 1678 2920 dissen-

325 2951 407 3013 tiunt
429 2949 467 3010 ab
492 2947 631 3026 opinione
656 2947 840 3026 quorundam
864 2955 1001 3009 veterum
1024 2945 1060 3006 de
1085 2946 1243 3006 emissione
1266 2947 1419 3008 radiorum
1442 2947 1618 3010 visoriornm
1642 2967 1679 3008 ex

325 3039 420 3100 oculo.
467 3036 547 3098 Nam
570 3037 627 3098 huc
651 3035 734 3110 facit,
759 3035 837 3115 quod
856 3033 999 3096 Euclides
1023 3034 1176 3112 postulato
1199 3033 1295 3113 primo
1315 3035 1410 3114 risum
1435 3034 1570 3108 (Graece
1594 3034 1679 3115 ὀψιτ)

326 3125 430 3188 delinit
443 3143 510 3186 esse
527 3124 637 3186 lineam
661 3133 786 3198 rectam,
811 3125 913 3203 itaque
933 3131 1062 3186 sumtum
1082 3122 1197 3200 passim
1217 3123 1245 3182 in
1265 3123 1472 3202 specularibus
1487 3131 1623 3204 usurpat.
1639 3120 1679 3198 ¹⁸)

324 3215 456 3276 Videtur
488 3211 607 3292 quidem
634 3211 776 3274 Euclides
809 3211 946 3294 inexesa·
979 3211 1076 3291 loqui,
1103 3218 1134 3271 et
1157 3230 1194 3271 ea
1222 3230 1389 3287 assumere,
1425 3231 1502 3292 quae
1531 3213 1590 3274 etsi
1621 3231 1680 3276 non

325 3301 414 3364 facile
438 3301 650 3375 conceduntur,
674 3302 700 3361 si
724 3309 825 3361 tamen
849 3302 1050 3374 concesseris,
1076 3319 1095 3360 a
1118 3317 1151 3360 se
1179 3299 1254 3378 ipsis
1278 3301 1307 3362 iu
1331 3319 1492 3380 progressu
1515 3300 1589 3362 nihil
1613 3301 1678 3362 dis-

324 3392 468 3452 sentiant.
506 3388 602 3469 Atqui
625 3389 739 3450 veritas
763 3389 820 3450 hoc
835 3408 916 3451 more
939 3387 1172 3469 philosophandi
1191 3389 1251 3448 rim
1275 3390 1400 3468 patitur,
1424 3390 1557 3451 existunt
1582 3390 1679 3452 falsae

323 3479 547 3561 persuasiones,
572 3495 649 3558 qnae
672 3495 745 3538 sane
760 3476 923 3538 Aristoteli
939 3479 976 3538 de
1000 3477 1063 3538 snis
1083 3475 1173 3555 ὄψεσι
1197 3477 1328 3556 loquenti
1352 3478 1491 3539 videntur
1514 3477 1679 3540 adhaerere

324 3587 363 3629 ex
385 3569 444 3630 hac
462 3565 610 3626 Euclides
633 3565 738 3627 schola
760 3585 818 3627 non
839 3567 915 3628 bene
939 3566 1111 3627 intellecta:
1137 3565 1263 3644 deniqne
1286 3566 1458 3646 ignorantia
1481 3565 1536 3626 snb
1562 3567 1680 3628 artificii

324 3657 425 3738 specie
450 3653 639 3736 tyrannidem
663 3655 791 3717 stabilit.
829 3653 941 3715 Demus
952 3655 1025 3734 jam,
1047 3652 1135 3715 aliter
1154 3653 1380 3732 intelligendum
1399 3653 1534 3716 Euclidis
1550 3656 1677 3729 axioma,

324 3754 358 3807 ut
381 3747 437 3807 hoc
468 3743 599 3815 dixerit,
632 3743 659 3805 si
691 3744 758 3805 risu
780 3743 809 3803 iu
833 3743 864 3803 A
896 3743 1081 3816 constituto,
1113 3749 1236 3820 tegatur
1259 3741 1304 3817 G,
1333 3751 1404 3804 tunc
1428 3745 1458 3804 A
1481 3761 1539 3804 non
1573 3744 1678 3806 videri.

323 3834 405 3895 Tunc
430 3833 551 3894 axioma
578 3851 681 3894 rerum
715 3831 832 3913 quidem
856 3839 918 3904 est,
953 3831 1006 3890 sed
1031 3829 1183 3891 conclusio
1206 3829 1275 3890 iude
1299 3849 1357 3892 non
1382 3831 1533 3911 seqnitur,
1568 3833 1626 3893 nisi
1650 3833 1678 3893 in

323 3921 471 3985 visionem
503 3922 788 4000 perpendicularem.
846 3921 889 3980 At
922 3939 941 3978 a
972 3929 1055 3980 recto
1088 3919 1153 3979 visu
1187 3919 1225 3979 ad
1267 3919 1418 4000 obliquum
1451 3939 1509 3980 non
1542 3921 1680 3999 procedit

325 4017 542 4090 argumentum.

413 4099 564 4161 Videntur
596 4097 652 4158 hoc
686 4094 818 4155 sensisse
851 4093 1022 4154 Alhazenns
1056 4102 1086 4155 et
1119 4095 1254 4156 Vitellio.
1307 4095 1386 4156 Nam
1419 4115 1484 4158 curu
1518 4096 1680 4177 diligenter

323 4187 490 4262 retulerint,
516 4203 591 4266 quae
612 4183 691 4262 apud
704 4181 861 4244 Euclidem
886 4181 1073 4254 invenerant,
1097 4183 1154 4246 hoc
1170 4182 1287 4262 quidem
1303 4194 1337 4244 ut
1355 4185 1515 4246 absurdum
1540 4186 1677 4250 omisere.

324 4275 357 4336 lu
383 4271 614 4337 refractionibus
636 4281 738 4332 tamen
764 4271 860 4332 simile
885 4270 955 4350 quid
979 4270 1091 4332 dicunt.

412 4362 541 4425 Vitellio
565 4359 643 4421 idern
668 4359 873 4420 demonstrare
905 4359 1009 4420 nititur
1032 4359 1107 4419 libro
1131 4357 1161 4420 5.
1186 4376 1231 4438 pr.
1257 4353 1309 4432 36,
1335 4360 1389 4421 sed
1413 4361 1513 4422 nocuit
1546 4363 1677 4442 diligen·

324 4452 440 4514 tissimo
465 4449 581 4512 auctori
603 4447 760 4510 barbaries
784 4445 878 4508 seculi
899 4446 945 4508 sui
961 4454 992 4507 et
1016 4447 1206 4508 familiaritas
1220 4447 1367 4522 Arabum,
1388 4467 1445 4529 quo
1469 4449 1567 4513 minus
1590 4451 1677 4514 hodie

324 4539 530 4619 intelligatur:
556 4537 724 4598 obscuritas
749 4555 819 4597 vero
844 4535 887 4596 rei
910 4535 1000 4596 etiam
1025 4535 1290 4597 hallucinationem
1315 4536 1357 4599 illi
1380 4537 1494 4600 attulit.

410 4629 544 4690 Primum
569 4625 644 4700 dico,
670 4624 767 4704 ipsum
790 4642 848 4684 nou
872 4623 948 4686 bene
973 4625 1176 4702 argumentari
1200 4643 1218 4684 a
1243 4625 1440 4686 collocatione
1463 4628 1507 4688 rei
1530 4628 1614 4690 visae
1639 4629 1675 4689 ad

244 4745 249 4750 ·
324 4713 552 4776 collocationem
584 4712 740 4790 imaginis,
774 4711 904 4784 scilicet,
931 4731 981 4784 nc,
1016 4710 1041 4772 si
1065 4713 1164 4791 imago
1190 4729 1246 4772 uon
1281 4715 1463 4794 respondeat
1485 4715 1529 4778 rei
1553 4716 1582 4778 in
1607 4719 1675 4790 situ,

324 4799 422 4885 imago
445 4821 513 4863 esse
538 4799 667 4862 desinat.
715 4801 810 4880 Atqui
833 4800 890 4859 hoc
918 4807 1008 4877 pacto
1042 4801 1131 4863 facile
1165 4807 1261 4862 totam
1291 4803 1490 4882 catoptricanr
1522 4805 1674 4868 everterit.
