3674 5538
720 302 843 390 raama
865 304 966 365 opaea.
1481 286 1524 371 qs
1639 292 1646 305 '

260 475 399 538 Alterum
426 483 632 556 argumentum
655 496 702 538 me
727 477 820 542 inscio
845 487 1026 559 usurparunt
1050 480 1139 542 iidem
1165 488 1212 543 tot
1241 475 1350 544 seculis
1375 489 1462 544 ante:
1492 505 1532 559 ap
1576 473 1577 476 '

178 583 332 642 00000000
355 587 407 642 apr
430 587 601 642 0000000000
624 560 761 647 banalem
781 590 892 649 χωραι,
915 569 987 630 eiras
1009 575 1040 630 da
1064 592 1098 631 aa
1123 591 1180 648 nup
1201 593 1256 648 pqr
1278 593 1327 651 γης
1350 593 1530 651 0000000000.

177 655 272 716 Solem
298 653 393 716 Terra
416 653 615 732 pulchriorem
640 673 725 716 neum
756 663 858 736 negat.
906 658 990 719 Infra
1012 665 1045 718 et
1075 660 1328 737 praestantiorem
1358 659 1530 739 apparebit.

176 741 304 804 Medium
336 761 392 804 seu
422 749 558 804 centrum
596 761 666 804 vere
690 752 722 805 et
754 744 1024 807 circumferentiam
1057 755 1212 825 praestare
1245 747 1452 828 iuteq'nuotis,
1486 749 1529 810 illi

177 829 232 892 alio
257 837 289 890 et
313 830 496 909 geometrico
521 838 645 892 utuutnr
667 840 853 910 argumento.
901 832 1078 895 Γ1000010000
1096 843 1236 914 praestat
1259 836 1429 911 terminato,
1454 856 1527 899 cen-

177 928 251 980 trum
275 925 307 978 et
330 919 572 980 circumferentia
595 919 757 982 terminant
784 921 973 984 intervallum
1002 923 1118 996 mnndi,
1151 941 1221 1003 ergo
1255 926 1355 1004 potius
1385 925 1444 988 erit
1475 924 1528 987 801

177 1007 204 1068 10
227 1015 340 1080 centro,
366 1026 455 1087 qnam
479 1006 507 1067 in
533 1006 592 1070 alio
614 1007 680 1068 1000
704 1009 818 1084 mundi,
850 1029 919 1072 uam
943 1009 1084 1072 extimam
1112 1012 1299 1090 superficiem
1322 1013 1349 1073 ei
1373 1031 1431 1074 naa
1456 1033 1530 1075 con-

175 1095 283 1167 renire,
310 1103 518 1158 assumserunt
540 1114 594 1175 pro
618 1098 767 1158 confesso.
813 1099 879 1177 Ego
903 1097 1009 1161 aliter:
1034 1107 1167 1161 centrum
1191 1108 1239 1162 0οι
1261 1101 1345 1180 origo
1369 1101 1528 1180 sphaerici.

175 1182 348 1263 principium
372 1203 445 1246 vero
469 1192 501 1244 et
524 1183 607 1262 origo
630 1195 769 1263 praestat
792 1186 900 1268 ubique
924 1194 956 1247 et
979 1195 1088 1249 natura
1116 1189 1197 1266 prius
1221 1197 1279 1250 est.
1326 1189 1368 1250 Et
1390 1189 1419 1250 in
1444 1209 1528 1251 corn-

173 1273 330 1351 paratione
355 1272 449 1336 adS.
473 1271 507 1334 S.
533 1272 710 1336 Trinitatem
734 1285 869 1337 centrum
893 1275 1018 1336 refert
1010 1275 1168 1354 imaginem
1192 1277 1248 1338 Dei
1272 1277 1378 1358 patris.
1424 1275 1529 1358 Itaque

175 1361 260 1440 hujus
284 1362 453 1422 mandanae
476 1361 623 1440 sphaerae
648 1372 781 1425 centrum
805 1365 893 1426 decet
911 1383 978 1424 essa
1003 1365 1226 1426 ornatissimam
1251 1385 1374 1445 corpore
1393 1367 1528 1482 ornatis-

174 1451 262 1521 simo,
288 1448 327 1510 ab
350 1449 447 1511 lucem
471 1457 502 1510 et
525 1449 663 1524 animam,
688 1459 720 1512 ut
743 1452 822 1513 infra
846 1453 970 1514 dicetur.

263 1537 396 1599 Tertium
421 1557 517 1599 meum
542 1547 747 1617 argumentum
771 1541 867 1602 estid
887 1540 965 1621 quod
990 1541 1189 1602 Prodromo
1213 1559 1265 1602 000
1284 1541 1432 1621 Mysterio
1455 1561 1527 1622 per·

175 1625 313 1700 tractavi,
339 1634 468 1687 sumtum
492 1647 511 1687 a
534 1624 553 1688 5
578 1627 752 1706 corporibus
775 1629 974 1709 regularibus,
997 1630 1118 1708 dignam
1142 1647 1215 1690 vore
1239 1625 1365 1708 0100001

263 1711 412 1784 Quartum
437 1735 456 1776 a
479 1723 570 1788 mota,
596 1714 625 1776 10
650 1717 773 1778 Marte
796 1716 936 1797 probavi,
961 1716 1063 1781 Solem
1087 1737 1155 1778 esse
1189 1719 1304 1779 fontem
1328 1725 1437 1779 motus.
1484 1719 1530 1781 At

176 1801 322 1871 convenit,
348 1804 461 1864 fontem
486 1823 553 1864 esse
578 1803 605 1864 ia
631 1805 737 1880 medio,
762 1813 796 1867 at
818 1805 966 1870 emanatio
990 1806 1032 1866 sit
1055 1806 1201 1886 aequalis.
1248 1807 1402 1885 Amplius,
1430 1813 1528 1870 motus

176 1890 351 1972 principium
375 1891 466 1952 debet
489 1891 652 1971 quiescere.
699 1893 758 1954 Est
781 1913 851 1958 vero
875 1896 1002 1956 medium
1027 1895 1109 1956 locus
1134 1893 1251 1974 qnietis.

262 1979 405 2050 Quintum
430 1989 607 2056 estqcoatra
631 1981 811 2061 Γ1001100001.
859 1983 1050 2046 Assumimus
1080 1991 1203 2062 aterque
1235 1982 1362 2064 quinque
1387 1981 1529 2061 planetas

175 2069 255 2131 circa
276 2069 378 2132 Solem
403 2068 532 2142 moveri,
556 2069 607 2130 illa
639 2069 759 2151 insuper
782 2081 814 2134 et
837 2071 938 2134 Solam
962 2081 994 2134 οι
1017 2079 1116 2133 totum
1144 2079 1280 2154 systema
1302 2071 1384 2133 circa
1406 2070 1531 2134 Terram

175 2168 282 2220 movet.
330 2156 515 2238 Oopsrnious
545 2177 599 2218 sea
630 2177 756 2237 corpora
783 2160 863 2222 circa
892 2159 994 2222 Solem
1027 2160 1166 2235 ordinat,
1199 2161 1316 2222 Lunam
1344 2177 1416 2222 vero
1450 2160 1532 2222 circa

177 2247 308 2310 Terram.
355 2246 402 2308 Δι
432 2245 616 2326 probabilius
649 2257 715 2320 est,
748 2268 836 2310 unam
867 2250 984 2311 Lunam
1017 2248 1128 2336 duplici
1162 2257 1245 2310 matu
1277 2247 1408 2320 moveri,
1442 2267 1532 2329 qaam

177 2336 301 2417 quinque
331 2335 490 2414 planetas,
525 2354 591 2396 cum
623 2353 677 2414 per
700 2355 733 2399 se
766 2345 828 2400 turn
861 2338 932 2419 quia
956 2339 1042 2400 Luna
1077 2337 1139 2399 et
1131 2358 1159 2398 m
1193 2335 1409 2418 phaenomenis
1438 2336 1532 2398 habat

178 2431 382 2503 argumentum
408 2425 494 2504 hujus
518 2423 570 2497 rei,
597 2421 689 2485 ceteri
714 2425 836 2488 nullum.
1558 2419 1560 2426 ’

263 2511 389 2574 Sextum
413 2520 460 2574 est
483 2512 664 2590 peculiare
657 2533 686 2574 rn
712 2515 810 2575 Marte
839 2534 920 2586 mco,
952 2523 983 2575 et
1011 2523 1118 2576 contra
1148 2514 1273 2576 eundern
1298 2513 1469 2593 Γ1001100001
1494 2531 1532 2574 ex

178 2602 281 2664 iisdem
304 2602 458 2665 assumtis.
506 2600 630 2662 Summa
654 2603 728 2664 haec
752 2612 816 2665 est:
852 2603 877 2666 ai
902 2601 955 2666 Sol
979 2611 1115 2664 movetur
1137 2601 1219 2664 circa
1242 2602 1382 2676 Terram,
1408 2619 1531 2663 necesse

178 2698 226 2751 est
248 2691 330 2752 illum
356 2699 388 2750 ιι
412 2697 529 2750 ceteros
559 2691 700 2768 planetas
725 2691 752 2752 in
784 2701 866 2754 motu
890 2711 944 2754 suo
976 2691 1090 2754 intendi
1114 2699 1146 2752 et
1176 2690 1305 2762 remitti,
1339 2689 1426 2771 idque
1456 2689 1562 2752 citra·

178 2778 290 2841 orbium
313 2778 521 2850 ministerium,
547 2778 596 2858 qui
620 2777 693 2840 nulli
717 2791 797 2842 sunt.
845 2783 890 2844 At
912 2780 969 2842 lroc
993 2779 1178 2842 incredibile.
1226 2777 1378 2860 Amplius,
1409 2797 1533 2840 necesse

179 2875 226 2928 est
248 2867 349 2930 Solem
373 2867 589 2930 nobilissimum
614 2887 632 2926 a
656 2868 750 2929 Terra
773 2869 897 2949 ignobili
921 2869 1048 2944 moveri,
1073 2869 1152 2930 sicut
1181 2868 1309 2948 quinque
1334 2864 1441 2946 reliqui
1464 2885 1532 2927 nro-

178 2963 283 3018 rentur
305 2977 324 3018 a
347 2953 436 3030 Sole;
472 2957 528 3016 hoo
544 2955 814 3020 *absurdissimum
861 2957 943 3037 Ergo
974 2957 1074 3038 potins
1105 2957 1199 3018 Terra
1228 2974 1288 3017 nna
1316 2973 1381 3015 cum
1411 2955 1533 3035 reliquis

179 3044 304 3125 quinque
327 3043 495 3106 movebitur
519 3065 537 3105 a
560 3043 632 3105 Sole
657 3053 688 3105 et
711 3048 777 3108 sola
801 3048 889 3108 Luna
913 3067 931 3106 a
955 3047 1058 3107 Terra.
1106 3043 1210 3107 Series
1241 3043 1532 3106 demonstrationum

179 3134 233 3194 huc
256 3132 469 3213 pertinentium
494 3140 542 3194 0οι
564 3132 658 3194 1000οε

264 3221 363 3283 Ρο1000
388 3223 619 3294 demonstratur,
645 3221 902 3284 eocentricitatem
917 3221 998 3284 Solis
1023 3221 1209 3284 verissimam
1233 3215 1413 3291 00001800,
1440 3219 1530 3280 dimi·
1629 3270 1634 3280 .

178 3310 256 3372 diam
279 3311 388 3372 saltem
413 3311 488 3388 ejus,
522 3310 773 3389 quodapparens
796 3317 895 3372 motus
928 3309 1058 3373 tarditas
1082 3319 1113 3371 et
1143 3311 1291 3372 velocitas
1325 3308 1475 3383 ostendit,
1501 3317 1535 3371 et

180 3417 269 3480 quarn
292 3399 395 3480 Tycha
421 3394 508 3461 3600
532 3398 698 3459 invenerat.
1558 3433 1589 3478 0

265 3487 403 3550 Secundo
428 3487 658 3572 demonstratur,
685 3495 796 3549 motum
820 3507 922 3552 verum
938 3490 965 3551 in
990 3485 1168 3560 eocentricn,
1194 3494 1406 3565 contraquam
1425 3485 1533 3548 crede-

181 3577 269 3638 batur
292 3577 447 3646 bactenna
472 3575 585 3638 intendi
610 3584 641 3637 et
665 3576 777 3637 remitti
801 3577 838 3640 ad
862 3577 1083 3659 proportionem
1106 3575 1244 3638 variatae
1268 3573 1432 3636 distantias
1451 3572 1533 3636 Solis

179 3687 196 3726 a
220 3666 323 3727 Terra.

264 3753 367 3815 Tertio
391 3754 615 3815 demonstratur
639 3754 774 3834 exempla
796 3761 940 3830 staterae,
966 3772 1088 3815 causam
1109 3751 1218 3814 variati
1237 3759 1335 3812 motus
1360 3748 1532 3812 necessario

177 3843 306 3904 residere
338 3842 367 3904 in
399 3859 522 3920 corpore
555 3842 632 3902 unde
665 3850 855 3923 computatur
886 3842 1051 3906 distantia:
1085 3851 1118 3903 ut
1150 3841 1176 3902 01
1210 3837 1263 3901 801
1300 3848 1365 3911 est,
1401 3837 1452 3920 qui
1483 3837 1532 3899 hic

176 3939 331 4003 moretur,
364 3949 459 3993 causa
491 3931 556 4009 ejus
586 3929 695 3991 variati
724 3940 824 3993 motus
848 3932 993 3994 residebit
1024 3931 1053 3992 in
1081 3930 1191 3990 Terra:
1218 3927 1242 3988 si
1267 3928 1362 3989 Terra
1386 3933 1530 4000 movetur,

178 4039 268 4083 rausa
291 4019 381 4100 hujus
417 4017 592 4080 variationis
622 4027 722 4080 motus
755 4020 900 4083 residebit
922 4022 951 4082 ia
976 4019 1058 4081 Sole.
1105 4017 1219 4078 Eodem
1253 4024 1428 4092 argumento
1460 4033 1532 4076 vero

177 4119 206 4170 et
228 4129 322 4170 rausa
345 4127 397 4170 cur
431 4107 558 4187 quinque
592 4108 780 4190 planetarum
809 4117 907 4170 motus
940 4109 1093 4169 varientur
1124 4105 1238 4167 residet
1267 4105 1296 4165 in
1322 4101 1411 4177 Sole,
1444 4109 1478 4163 ut
1502 4110 1534 4162 et

177 4217 265 4258 nausa
295 4194 463 4276 inaequalis
486 4205 586 4258 motus
610 4195 742 4258 Lunaris
763 4197 793 4258 in
816 4199 919 4260 Terra.
962 4197 1002 4258 Et
1026 4197 1069 4258 010
1094 4195 1150 4256 hoc
1174 4201 1293 4254 sextum
1323 4198 1555 4270 argumentum·

177 4287 294 4349 taudem
319 4283 543 4366 appropinquat
566 4295 673 4364 quarto
689 4297 720 4347 et
743 4285 856 4366 quinta.
895 4287 970 4348 (lum
995 4285 1073 4348 enirn
1088 4283 1141 4346 Sol
1167 4283 1391 4344 demonstratur
1413 4297 1532 4342 morere

177 4378 311 4454 planetas
336 4374 468 4454 0010000
493 4383 583 4448 certe,
609 4375 703 4435 Terra
727 4393 798 4436 vero
821 4373 952 4448 Lunam,
978 4375 1014 4434 de
1038 4393 1094 4434 uno
1120 4391 1190 4434 vero
1214 4377 1294 4431 motu
1326 4369 1533 4430 controversia

177 4475 228 4533 est,
251 4485 289 4528 an
312 4464 339 4526 10
364 4463 479 4523 Terrae
503 4471 537 4522 nt
559 4481 670 4524 causae
693 4463 736 4524 sit
760 4462 943 4535 tribuendus,
969 4483 1006 4524 an
1032 4479 1101 4523 vero
1126 4459 1192 4522 8011
1216 4459 1268 4525 010,
1290 4467 1326 4518 ιιι
1350 4465 1404 4518 ιιι
1428 4457 1531 4532 Terra,

175 4573 245 4632 quas
269 4556 392 4616 Lunam
417 4558 521 4612 movet
542 4551 724 4625 immediate,
751 4560 871 4613 inurent
895 4560 926 4612 et
950 4550 1051 4614 Solem
1082 4547 1268 4620 immediate,
1299 4555 1329 4608 et
1353 4565 1406 4627 000
1429 4545 1532 4608 Solem

172 4643 257 4706 etiam
281 4643 422 4722 reliquas
453 4639 584 4719 quinquo
614 4640 761 4701 mediate:
796 4649 849 4702 aut
877 4649 910 4702 ut
933 4639 1003 4710 801,
1036 4639 1084 4717 001
1115 4637 1244 4714 reliquos
1274 4635 1401 4716 quiaque
1433 4644 1534 4697 moret

170 4734 352 4806 immediate,
398 4737 521 4788 moveat
550 4738 581 4789 et
609 4730 731 4789 Terram
766 4729 952 4801 immediate,
992 4736 1022 4787 et
1049 4745 1104 4804 per
1127 4726 1250 4786 'Terram
1282 4733 1404 4786 moveat
1440 4725 1531 4785 etiarn

168 4823 279 4887 Lunam
303 4817 465 4886 mediate:
494 4817 610 4881 omniuo
634 4836 688 4898 pro
712 4815 783 4880 Sole
808 4817 1018 4886 concludatur,
1043 4823 1076 4875 ut
1104 4812 1152 4898 qui
1178 4813 1244 4880 tons
1269 4821 1317 4878 est
1341 4813 1414 4878 10010
1438 4814 1479 4874 01ι
1502 4823 1533 4878 et
